<?xml version="1.0" encoding="UTF-8"?>
<!DOCTYPE html PUBLIC "-//W3C//DTD XHTML 1.0 Transitional//EN"
    "http://www.w3.org/TR/xhtml1/DTD/xhtml1-transitional.dtd">
<html xmlns="http://www.w3.org/1999/xhtml" xml:lang="en" lang="en">
 <head>
  <title>
</title>
<meta http-equiv="Content-Type" content="text/html;charset=utf-8" />
  <meta name='ocr-system' content='tesseract 3.04.00' />
  <meta name='ocr-capabilities' content='ocr_page ocr_carea ocr_par ocr_line ocrx_word'/>
</head>
<body>
  <div class='ocr_page' id='page_1' title='image "./corpusjuriscivil01krueuoft_0191.png"; bbox 0 0 2528 3918; ppageno 0'>
   <div class='ocr_carea' id='block_1_1' title="bbox 0 2917 13 3064">
    <p class='ocr_par' dir='ltr' id='par_1_1' title="bbox 0 2917 13 3064">
     <span class='ocr_line' id='line_1_1' title="bbox 7 2917 13 2954; baseline 0 -7"><span class='ocrx_word' id='word_1_1' title='bbox 7 2917 13 2954; x_wconf 65' lang='grc' dir='ltr'>,ξ</span> 
     </span>
     <span class='ocr_line' id='line_1_2' title="bbox 0 2955 13 3000; baseline 0 0"><span class='ocrx_word' id='word_1_2' title='bbox 0 2955 13 3000; x_wconf 74' lang='grc'>,1</span> 
     </span>
     <span class='ocr_line' id='line_1_3' title="bbox 0 3002 12 3032; baseline -0.154 13"><span class='ocrx_word' id='word_1_3' title='bbox 0 3002 12 3032; x_wconf 99' lang='grc'><strong>3</strong></span> 
     </span>
     <span class='ocr_line' id='line_1_4' title="bbox 6 3049 11 3064; baseline 0 0"><span class='ocrx_word' id='word_1_4' title='bbox 6 3049 11 3064; x_wconf 73' lang='lat' dir='ltr'>l</span> 
     </span>
    </p>
   </div>
   <div class='ocr_carea' id='block_1_2' title="bbox 0 3068 12 3136">
    <p class='ocr_par' dir='ltr' id='par_1_2' title="bbox 0 3068 12 3136">
     <span class='ocr_line' id='line_1_5' title="bbox 0 3068 12 3136; textangle 90"><span class='ocrx_word' id='word_1_5' title='bbox 0 3068 12 3136; x_wconf 49' lang='lat' dir='ltr'>&amp;fx-⁷5:</span> 
     </span>
    </p>
   </div>
   <div class='ocr_carea' id='block_1_3' title="bbox 0 0 35 2926">
    <p class='ocr_par' dir='ltr' id='par_1_3' title="bbox 0 0 35 2926">
     <span class='ocr_line' id='line_1_6' title="bbox 0 0 35 2926; baseline 0 0"><span class='ocrx_word' id='word_1_6' title='bbox 0 0 35 2926; x_wconf 95' lang='lat' dir='ltr'> </span> 
     </span>
    </p>
   </div>
   <div class='ocr_carea' id='block_1_4' title="bbox 136 90 1284 151">
    <p class='ocr_par' dir='ltr' id='par_1_4' title="bbox 136 90 1284 151">
     <span class='ocr_line' id='line_1_7' title="bbox 136 90 1284 151; baseline -0.005 -7"><span class='ocrx_word' id='word_1_7' title='bbox 136 114 211 145; x_wconf 84' lang='lat' dir='ltr'>UBI</span> <span class='ocrx_word' id='word_1_8' title='bbox 241 111 432 151; x_wconf 77' lang='lat' dir='ltr'>QmsQUE</span> <span class='ocrx_word' id='word_1_9' title='bbox 461 111 610 142; x_wconf 72' lang='lat' dir='ltr'>Aenus</span> <span class='ocrx_word' id='word_1_10' title='bbox 1228 90 1284 138; x_wconf 81' lang='lat'>75</span> 
     </span>
    </p>
   </div>
   <div class='ocr_carea' id='block_1_5' title="bbox 131 216 1234 3434">
    <p class='ocr_par' dir='ltr' id='par_1_5' title="bbox 131 216 1230 1170">
     <span class='ocr_line' id='line_1_8' title="bbox 135 216 1227 267; baseline -0.005 -10"><span class='ocrx_word' id='word_1_11' title='bbox 135 222 320 267; x_wconf 79' lang='lat' dir='ltr'>legationis</span> <span class='ocrx_word' id='word_1_12' title='bbox 345 220 473 256; x_wconf 86' lang='lat' dir='ltr'>adierit</span> <span class='ocrx_word' id='word_1_13' title='bbox 496 224 532 255; x_wconf 90' lang='lat' dir='ltr'>et</span> <span class='ocrx_word' id='word_1_14' title='bbox 554 218 760 259; x_wconf 87' lang='lat' dir='ltr'>restituerit,</span> <span class='ocrx_word' id='word_1_15' title='bbox 787 218 894 252; x_wconf 89' lang='lat' dir='ltr'>datur</span> <span class='ocrx_word' id='word_1_16' title='bbox 917 217 954 252; x_wconf 91' lang='lat' dir='ltr'>in</span> <span class='ocrx_word' id='word_1_17' title='bbox 977 216 1227 252; x_wconf 89' lang='lat' dir='ltr'>fideicommis-</span> 
     </span>
     <span class='ocr_line' id='line_1_9' title="bbox 135 262 1228 309; baseline -0.005 -6"><span class='ocrx_word' id='word_1_18' title='bbox 135 268 269 303; x_wconf 89' lang='lat' dir='ltr'>sarium</span> <span class='ocrx_word' id='word_1_19' title='bbox 292 267 399 309; x_wconf 85' lang='lat' dir='ltr'>actio,</span> <span class='ocrx_word' id='word_1_20' title='bbox 423 275 489 301; x_wconf 87' lang='lat' dir='ltr'>nec</span> <span class='ocrx_word' id='word_1_21' title='bbox 513 264 676 309; x_wconf 84' lang='lat' dir='ltr'>exceptio</span> <span class='ocrx_word' id='word_1_22' title='bbox 697 262 914 298; x_wconf 85' lang='lat' dir='ltr'>Trebelliani</span> <span class='ocrx_word' id='word_1_23' title='bbox 937 262 1058 298; x_wconf 89' lang='lat' dir='ltr'>obstat</span> <span class='ocrx_word' id='word_1_24' title='bbox 1082 273 1126 298; x_wconf 84' lang='lat' dir='ltr'>ex</span> <span class='ocrx_word' id='word_1_25' title='bbox 1148 272 1228 308; x_wconf 88' lang='lat' dir='ltr'>per-</span> 
     </span>
     <span class='ocr_line' id='line_1_10' title="bbox 135 307 1227 357; baseline -0.005 -9"><span class='ocrx_word' id='word_1_26' title='bbox 135 323 224 348; x_wconf 88' lang='lat' dir='ltr'>sona</span> <span class='ocrx_word' id='word_1_27' title='bbox 246 312 363 357; x_wconf 89' lang='lat' dir='ltr'>legati,</span> <span class='ocrx_word' id='word_1_28' title='bbox 387 310 472 357; x_wconf 84' lang='lat' dir='ltr'>quia</span> <span class='ocrx_word' id='word_1_29' title='bbox 493 310 563 345; x_wconf 98' lang='grc'>1100</span> <span class='ocrx_word' id='word_1_30' title='bbox 587 309 695 354; x_wconf 87' lang='lat' dir='ltr'>legati</span> <span class='ocrx_word' id='word_1_31' title='bbox 717 308 906 354; x_wconf 89' lang='lat' dir='ltr'>personale</span> <span class='ocrx_word' id='word_1_32' title='bbox 929 307 1143 343; x_wconf 91' lang='lat' dir='ltr'>beneficium</span> <span class='ocrx_word' id='word_1_33' title='bbox 1161 310 1227 343; x_wconf 89' lang='lat' dir='ltr'>est.</span> 
     </span>
     <span class='ocr_line' id='line_1_11' title="bbox 136 352 1228 402; baseline -0.005 -9"><span class='ocrx_word' id='word_1_34' title='bbox 136 361 156 393; x_wconf 84' lang='lat'><strong>2</strong></span> <span class='ocrx_word' id='word_1_35' title='bbox 202 358 261 392; x_wconf 87' lang='lat' dir='ltr'>Ex</span> <span class='ocrx_word' id='word_1_36' title='bbox 284 356 412 402; x_wconf 91' lang='lat' dir='ltr'>quibus</span> <span class='ocrx_word' id='word_1_37' title='bbox 435 358 555 390; x_wconf 87' lang='lat' dir='ltr'>autem</span> <span class='ocrx_word' id='word_1_38' title='bbox 581 354 698 390; x_wconf 88' lang='lat' dir='ltr'>causis</span> <span class='ocrx_word' id='word_1_39' title='bbox 722 364 796 389; x_wconf 90' lang='lat' dir='ltr'>non</span> <span class='ocrx_word' id='word_1_40' title='bbox 820 353 957 398; x_wconf 85' lang='lat' dir='ltr'>cogitur</span> <span class='ocrx_word' id='word_1_41' title='bbox 979 353 1118 398; x_wconf 88' lang='lat' dir='ltr'>legatus</span> <span class='ocrx_word' id='word_1_42' title='bbox 1137 352 1228 388; x_wconf 91' lang='lat' dir='ltr'>iudi-</span> 
     </span>
     <span class='ocr_line' id='line_1_12' title="bbox 136 398 1228 446; baseline -0.005 -8"><span class='ocrx_word' id='word_1_43' title='bbox 136 404 229 438; x_wconf 91' lang='lat' dir='ltr'>cium</span> <span class='ocrx_word' id='word_1_44' title='bbox 253 402 435 446; x_wconf 89' lang='lat' dir='ltr'>accipere,</span> <span class='ocrx_word' id='word_1_45' title='bbox 468 410 534 435; x_wconf 87' lang='lat' dir='ltr'>nec</span> <span class='ocrx_word' id='word_1_46' title='bbox 557 400 677 435; x_wconf 90' lang='lat' dir='ltr'>iurare</span> <span class='ocrx_word' id='word_1_47' title='bbox 701 398 881 444; x_wconf 87' lang='lat' dir='ltr'>cogendus</span> <span class='ocrx_word' id='word_1_48' title='bbox 906 402 961 433; x_wconf 90' lang='lat' dir='ltr'>est</span> <span class='ocrx_word' id='word_1_49' title='bbox 984 409 1023 433; x_wconf 91' lang='lat' dir='ltr'>se</span> <span class='ocrx_word' id='word_1_50' title='bbox 1046 398 1133 433; x_wconf 91' lang='lat' dir='ltr'>dare</span> <span class='ocrx_word' id='word_1_51' title='bbox 1157 408 1228 433; x_wconf 92' lang='lat' dir='ltr'>non</span> 
     </span>
     <span class='ocr_line' id='line_1_13' title="bbox 134 444 1227 493; baseline -0.005 -10"><span class='ocrx_word' id='word_1_52' title='bbox 134 451 317 493; x_wconf 79' lang='lat' dir='ltr'>oportere,</span> <span class='ocrx_word' id='word_1_53' title='bbox 350 445 433 491; x_wconf 91' lang='lat' dir='ltr'>quia</span> <span class='ocrx_word' id='word_1_54' title='bbox 464 445 534 480; x_wconf 90' lang='lat' dir='ltr'>hoc</span> <span class='ocrx_word' id='word_1_55' title='bbox 565 444 813 480; x_wconf 89' lang='lat' dir='ltr'>iusiurandum</span> <span class='ocrx_word' id='word_1_56' title='bbox 842 444 881 479; x_wconf 90' lang='lat' dir='ltr'>in</span> <span class='ocrx_word' id='word_1_57' title='bbox 903 444 1023 479; x_wconf 88' lang='lat' dir='ltr'>locum</span> <span class='ocrx_word' id='word_1_58' title='bbox 1045 444 1117 479; x_wconf 90' lang='lat' dir='ltr'>litis</span> <span class='ocrx_word' id='word_1_59' title='bbox 1143 454 1227 479; x_wconf 90' lang='lat' dir='ltr'>con-</span> 
     </span>
     <span class='ocr_line' id='line_1_14' title="bbox 135 488 1227 533; baseline -0.004 -6"><span class='ocrx_word' id='word_1_60' title='bbox 135 496 154 528; x_wconf 92' lang='lat'><strong>3</strong></span> <span class='ocrx_word' id='word_1_61' title='bbox 203 495 355 527; x_wconf 84' lang='lat' dir='ltr'>testatae</span> <span class='ocrx_word' id='word_1_62' title='bbox 379 490 551 526; x_wconf 82' lang='lat' dir='ltr'>succedit.</span> <span class='ocrx_word' id='word_1_63' title='bbox 599 490 754 525; x_wconf 87' lang='lat' dir='ltr'>Aedium</span> <span class='ocrx_word' id='word_1_64' title='bbox 778 490 919 525; x_wconf 90' lang='lat' dir='ltr'>nomine</span> <span class='ocrx_word' id='word_1_65' title='bbox 942 489 1080 533; x_wconf 84' lang='lat' dir='ltr'>legatus</span> <span class='ocrx_word' id='word_1_66' title='bbox 1107 488 1227 524; x_wconf 90' lang='lat' dir='ltr'>damni</span> 
     </span>
     <span class='ocr_line' id='line_1_15' title="bbox 134 534 1228 582; baseline -0.004 -9"><span class='ocrx_word' id='word_1_67' title='bbox 134 538 257 573; x_wconf 86' lang='lat' dir='ltr'>infecti</span> <span class='ocrx_word' id='word_1_68' title='bbox 268 537 475 582; x_wconf 89' lang='lat' dir='ltr'>promittere</span> <span class='ocrx_word' id='word_1_69' title='bbox 496 536 602 571; x_wconf 90' lang='lat' dir='ltr'>debet</span> <span class='ocrx_word' id='word_1_70' title='bbox 620 539 684 571; x_wconf 88' lang='lat' dir='ltr'>aut</span> <span class='ocrx_word' id='word_1_71' title='bbox 703 535 858 570; x_wconf 90' lang='lat' dir='ltr'>vicinum</span> <span class='ocrx_word' id='word_1_72' title='bbox 880 534 1067 570; x_wconf 82' lang='lat' dir='ltr'>admittere</span> <span class='ocrx_word' id='word_1_73' title='bbox 1087 535 1125 569; x_wconf 91' lang='lat' dir='ltr'>in</span> <span class='ocrx_word' id='word_1_74' title='bbox 1144 545 1228 579; x_wconf 90' lang='lat' dir='ltr'>pos-</span> 
     </span>
     <span class='ocr_line' id='line_1_16' title="bbox 135 578 1226 621; baseline -0.004 -3"><span class='ocrx_word' id='word_1_75' title='bbox 135 586 155 618; x_wconf 84' lang='lat'>4</span> <span class='ocrx_word' id='word_1_76' title='bbox 202 582 406 618; x_wconf 84' lang='lat' dir='ltr'>sessionem.</span> <span class='ocrx_word' id='word_1_77' title='bbox 456 581 527 616; x_wconf 88' lang='lat' dir='ltr'>Sed</span> <span class='ocrx_word' id='word_1_78' title='bbox 558 584 595 617; x_wconf 90' lang='lat' dir='ltr'>et</span> <span class='ocrx_word' id='word_1_79' title='bbox 627 581 657 617; x_wconf 93' lang='lat' dir='ltr'>si</span> <span class='ocrx_word' id='word_1_80' title='bbox 690 580 764 615; x_wconf 88' lang='lat' dir='ltr'>dies</span> <span class='ocrx_word' id='word_1_81' title='bbox 800 580 953 615; x_wconf 88' lang='lat' dir='ltr'>actionis</span> <span class='ocrx_word' id='word_1_82' title='bbox 986 580 1126 615; x_wconf 87' lang='lat' dir='ltr'>exitura</span> <span class='ocrx_word' id='word_1_83' title='bbox 1150 578 1226 621; x_wconf 85' lang='lat' dir='ltr'>erit,</span> 
     </span>
     <span class='ocr_line' id='line_1_17' title="bbox 135 624 1229 672; baseline -0.004 -9"><span class='ocrx_word' id='word_1_84' title='bbox 135 638 245 664; x_wconf 87' lang='lat' dir='ltr'>causa</span> <span class='ocrx_word' id='word_1_85' title='bbox 277 627 418 672; x_wconf 85' lang='lat' dir='ltr'>cognita</span> <span class='ocrx_word' id='word_1_86' title='bbox 452 626 619 662; x_wconf 88' lang='lat' dir='ltr'>adversus</span> <span class='ocrx_word' id='word_1_87' title='bbox 654 637 734 662; x_wconf 90' lang='lat' dir='ltr'>eum</span> <span class='ocrx_word' id='word_1_88' title='bbox 763 626 935 661; x_wconf 91' lang='lat' dir='ltr'>iudicium</span> <span class='ocrx_word' id='word_1_89' title='bbox 965 629 1111 670; x_wconf 89' lang='lat' dir='ltr'>praetor</span> <span class='ocrx_word' id='word_1_90' title='bbox 1144 624 1229 659; x_wconf 89' lang='lat' dir='ltr'>dare</span> 
     </span>
     <span class='ocr_line' id='line_1_18' title="bbox 134 670 1228 715; baseline -0.004 -7"><span class='ocrx_word' id='word_1_91' title='bbox 134 673 250 715; x_wconf 87' lang='lat' dir='ltr'>debet,</span> <span class='ocrx_word' id='word_1_92' title='bbox 270 677 312 708; x_wconf 88' lang='lat' dir='ltr'>ut</span> <span class='ocrx_word' id='word_1_93' title='bbox 328 673 372 708; x_wconf 92' lang='lat' dir='ltr'>lis</span> <span class='ocrx_word' id='word_1_94' title='bbox 393 675 614 707; x_wconf 87' lang='lat' dir='ltr'>contestetur</span> <span class='ocrx_word' id='word_1_95' title='bbox 633 672 696 713; x_wconf 89' lang='lat' dir='ltr'>ita,</span> <span class='ocrx_word' id='word_1_96' title='bbox 727 674 769 706; x_wconf 91' lang='lat' dir='ltr'>ut</span> <span class='ocrx_word' id='word_1_97' title='bbox 786 671 824 705; x_wconf 93' lang='lat' dir='ltr'>in</span> <span class='ocrx_word' id='word_1_98' title='bbox 843 670 1085 715; x_wconf 89' lang='lat' dir='ltr'>provinciam¹</span> <span class='ocrx_word' id='word_1_99' title='bbox 1110 675 1228 705; x_wconf 86' lang='lat' dir='ltr'>trans-</span> 
     </span>
     <span class='ocr_line' id='line_1_19' title="bbox 132 715 1228 763; baseline -0.002 -10"><span class='ocrx_word' id='word_1_100' title='bbox 132 722 153 753; x_wconf 88' lang='grc'>5</span> <span class='ocrx_word' id='word_1_101' title='bbox 200 718 348 753; x_wconf 87' lang='lat' dir='ltr'>feratur.</span> <span class='ocrx_word' id='word_1_102' title='bbox 397 717 435 752; x_wconf 86' lang='lat' dir='ltr'>si</span> <span class='ocrx_word' id='word_1_103' title='bbox 466 721 570 763; x_wconf 86' lang='lat' dir='ltr'>pater</span> <span class='ocrx_word' id='word_1_104' title='bbox 599 716 752 752; x_wconf 86' lang='lat' dir='ltr'>familias</span> <span class='ocrx_word' id='word_1_105' title='bbox 785 720 947 751; x_wconf 88' lang='lat' dir='ltr'>mortuus</span> <span class='ocrx_word' id='word_1_106' title='bbox 980 720 1074 751; x_wconf 90' lang='lat' dir='ltr'>esset</span> <span class='ocrx_word' id='word_1_107' title='bbox 1105 715 1228 751; x_wconf 87' lang='lat' dir='ltr'>relicto</span> 
     </span>
     <span class='ocr_line' id='line_1_20' title="bbox 133 761 1226 808; baseline -0.004 -9"><span class='ocrx_word' id='word_1_108' title='bbox 133 774 204 799; x_wconf 93' lang='lat' dir='ltr'>uno</span> <span class='ocrx_word' id='word_1_109' title='bbox 228 763 300 799; x_wconf 86' lang='lat' dir='ltr'>filio</span> <span class='ocrx_word' id='word_1_110' title='bbox 326 767 362 799; x_wconf 90' lang='lat' dir='ltr'>et</span> <span class='ocrx_word' id='word_1_111' title='bbox 384 773 496 798; x_wconf 90' lang='lat' dir='ltr'>uxore</span> <span class='ocrx_word' id='word_1_112' title='bbox 519 766 725 808; x_wconf 86' lang='lat' dir='ltr'>praegnate,</span> <span class='ocrx_word' id='word_1_113' title='bbox 749 772 823 797; x_wconf 90' lang='lat' dir='ltr'>non</span> <span class='ocrx_word' id='word_1_114' title='bbox 846 765 943 797; x_wconf 89' lang='lat' dir='ltr'>recte</span> <span class='ocrx_word' id='word_1_115' title='bbox 966 761 1061 796; x_wconf 87' lang='lat' dir='ltr'>filius</span> <span class='ocrx_word' id='word_1_116' title='bbox 1085 772 1108 796; x_wconf 89' lang='lat' dir='ltr'>a</span> <span class='ocrx_word' id='word_1_117' title='bbox 1127 761 1226 796; x_wconf 91' lang='lat' dir='ltr'>debi-</span> 
     </span>
     <span class='ocr_line' id='line_1_21' title="bbox 131 807 1228 854; baseline -0.003 -10"><span class='ocrx_word' id='word_1_118' title='bbox 131 809 272 844; x_wconf 86' lang='lat' dir='ltr'>toribus</span> <span class='ocrx_word' id='word_1_119' title='bbox 295 812 435 854; x_wconf 86' lang='lat' dir='ltr'>partem</span> <span class='ocrx_word' id='word_1_120' title='bbox 459 808 639 843; x_wconf 81' lang='lat' dir='ltr'>dimidiam</span> <span class='ocrx_word' id='word_1_121' title='bbox 662 807 789 843; x_wconf 90' lang='lat' dir='ltr'>crediti</span> <span class='ocrx_word' id='word_1_122' title='bbox 807 811 929 852; x_wconf 89' lang='lat' dir='ltr'>petere</span> <span class='ocrx_word' id='word_1_123' title='bbox 949 810 1079 851; x_wconf 85' lang='lat' dir='ltr'>potest,</span> <span class='ocrx_word' id='word_1_124' title='bbox 1105 816 1228 852; x_wconf 90' lang='lat' dir='ltr'>quam-</span> 
     </span>
     <span class='ocr_line' id='line_1_22' title="bbox 133 852 1227 899; baseline -0.003 -11"><span class='ocrx_word' id='word_1_125' title='bbox 133 855 184 889; x_wconf 90' lang='lat' dir='ltr'>vis</span> <span class='ocrx_word' id='word_1_126' title='bbox 207 857 334 899; x_wconf 89' lang='lat' dir='ltr'>postea</span> <span class='ocrx_word' id='word_1_127' title='bbox 356 864 450 889; x_wconf 90' lang='lat' dir='ltr'>unus</span> <span class='ocrx_word' id='word_1_128' title='bbox 474 854 568 889; x_wconf 87' lang='lat' dir='ltr'>filius</span> <span class='ocrx_word' id='word_1_129' title='bbox 592 856 699 888; x_wconf 86' lang='lat' dir='ltr'>natus</span> <span class='ocrx_word' id='word_1_130' title='bbox 723 852 780 895; x_wconf 90' lang='lat' dir='ltr'>sit,</span> <span class='ocrx_word' id='word_1_131' title='bbox 806 852 891 897; x_wconf 90' lang='lat' dir='ltr'>quia</span> <span class='ocrx_word' id='word_1_132' title='bbox 914 855 1083 897; x_wconf 89' lang='lat' dir='ltr'>poterant</span> <span class='ocrx_word' id='word_1_133' title='bbox 1106 852 1227 897; x_wconf 88' lang='lat' dir='ltr'>plures</span> 
     </span>
     <span class='ocr_line' id='line_1_23' title="bbox 133 897 1230 944; baseline -0.003 -10"><span class='ocrx_word' id='word_1_134' title='bbox 133 900 249 934; x_wconf 88' lang='lat' dir='ltr'>nasci:</span> <span class='ocrx_word' id='word_1_135' title='bbox 283 910 365 935; x_wconf 89' lang='lat' dir='ltr'>cum</span> <span class='ocrx_word' id='word_1_136' title='bbox 395 909 460 944; x_wconf 89' lang='lat' dir='ltr'>per</span> <span class='ocrx_word' id='word_1_137' title='bbox 490 909 611 934; x_wconf 88' lang='lat' dir='ltr'>rerum</span> <span class='ocrx_word' id='word_1_138' title='bbox 634 902 801 933; x_wconf 90' lang='lat' dir='ltr'>naturam</span> <span class='ocrx_word' id='word_1_139' title='bbox 826 901 963 933; x_wconf 90' lang='lat' dir='ltr'>certum</span> <span class='ocrx_word' id='word_1_140' title='bbox 986 897 1095 932; x_wconf 86' lang='lat' dir='ltr'>fuerit</span> <span class='ocrx_word' id='word_1_141' title='bbox 1118 907 1230 932; x_wconf 88' lang='lat' dir='ltr'>unum</span> 
     </span>
     <span class='ocr_line' id='line_1_24' title="bbox 133 942 1230 988; baseline -0.004 -8"><span class='ocrx_word' id='word_1_142' title='bbox 133 945 234 980; x_wconf 89' lang='lat' dir='ltr'>nasci</span> <span class='ocrx_word' id='word_1_143' title='bbox 243 945 268 980; x_wconf 77' lang='lat'>2.</span> <span class='ocrx_word' id='word_1_144' title='bbox 314 944 376 980; x_wconf 90' lang='lat' dir='ltr'>sed</span> <span class='ocrx_word' id='word_1_145' title='bbox 407 944 562 979; x_wconf 88' lang='lat' dir='ltr'>Sabinus</span> <span class='ocrx_word' id='word_1_146' title='bbox 596 943 740 979; x_wconf 84' lang='lat' dir='ltr'>Cassius</span> <span class='ocrx_word' id='word_1_147' title='bbox 775 947 913 988; x_wconf 89' lang='lat' dir='ltr'>partem</span> <span class='ocrx_word' id='word_1_148' title='bbox 954 946 1119 987; x_wconf 85' lang='lat' dir='ltr'>quartam</span> <span class='ocrx_word' id='word_1_149' title='bbox 1156 942 1230 987; x_wconf 90' lang='lat' dir='ltr'>peti</span> 
     </span>
     <span class='ocr_line' id='line_1_25' title="bbox 133 990 1227 1035; baseline -0.003 -10"><span class='ocrx_word' id='word_1_150' title='bbox 133 990 320 1032; x_wconf 91' lang='lat' dir='ltr'>debuisse,</span> <span class='ocrx_word' id='word_1_151' title='bbox 353 990 437 1035; x_wconf 90' lang='lat' dir='ltr'>quia</span> <span class='ocrx_word' id='word_1_152' title='bbox 467 990 644 1025; x_wconf 91' lang='lat' dir='ltr'>incertum</span> <span class='ocrx_word' id='word_1_153' title='bbox 676 992 769 1024; x_wconf 89' lang='lat' dir='ltr'>esset</span> <span class='ocrx_word' id='word_1_154' title='bbox 799 999 847 1023; x_wconf 89' lang='lat' dir='ltr'>an</span> <span class='ocrx_word' id='word_1_155' title='bbox 879 993 952 1024; x_wconf 89' lang='lat' dir='ltr'>tres</span> <span class='ocrx_word' id='word_1_156' title='bbox 976 992 1227 1023; x_wconf 84' lang='lat' dir='ltr'>nascerentur:</span> 
     </span>
     <span class='ocr_line' id='line_1_26' title="bbox 133 1034 1226 1079; baseline -0.003 -9"><span class='ocrx_word' id='word_1_157' title='bbox 133 1046 199 1070; x_wconf 90' lang='grc'>1100</span> <span class='ocrx_word' id='word_1_158' title='bbox 223 1045 341 1070; x_wconf 91' lang='lat' dir='ltr'>rerum</span> <span class='ocrx_word' id='word_1_159' title='bbox 366 1039 532 1070; x_wconf 89' lang='lat' dir='ltr'>naturam</span> <span class='ocrx_word' id='word_1_160' title='bbox 555 1034 780 1076; x_wconf 90' lang='lat' dir='ltr'>intuendam,</span> <span class='ocrx_word' id='word_1_161' title='bbox 812 1034 850 1068; x_wconf 92' lang='lat' dir='ltr'>in</span> <span class='ocrx_word' id='word_1_162' title='bbox 886 1044 958 1079; x_wconf 89' lang='lat' dir='ltr'>qua</span> <span class='ocrx_word' id='word_1_163' title='bbox 982 1034 1102 1069; x_wconf 90' lang='lat' dir='ltr'>omnia</span> <span class='ocrx_word' id='word_1_164' title='bbox 1127 1036 1226 1068; x_wconf 86' lang='lat' dir='ltr'>certa</span> 
     </span>
     <span class='ocr_line' id='line_1_27' title="bbox 134 1078 1228 1125; baseline -0.002 -10"><span class='ocrx_word' id='word_1_165' title='bbox 134 1084 270 1123; x_wconf 90' lang='lat' dir='ltr'>essent,</span> <span class='ocrx_word' id='word_1_166' title='bbox 304 1092 384 1116; x_wconf 89' lang='lat' dir='ltr'>cum</span> <span class='ocrx_word' id='word_1_167' title='bbox 415 1080 539 1115; x_wconf 85' lang='lat' dir='ltr'>futura</span> <span class='ocrx_word' id='word_1_168' title='bbox 562 1080 686 1125; x_wconf 89' lang='lat' dir='ltr'>utique</span> <span class='ocrx_word' id='word_1_169' title='bbox 709 1079 854 1122; x_wconf 86' lang='lat' dir='ltr'>fierent,</span> <span class='ocrx_word' id='word_1_170' title='bbox 886 1079 950 1114; x_wconf 92' lang='lat' dir='ltr'>sed</span> <span class='ocrx_word' id='word_1_171' title='bbox 981 1083 1143 1114; x_wconf 87' lang='lat' dir='ltr'>nostram</span> <span class='ocrx_word' id='word_1_172' title='bbox 1173 1078 1228 1113; x_wconf 90' lang='lat' dir='ltr'>in-</span> 
     </span>
     <span class='ocr_line' id='line_1_28' title="bbox 132 1126 622 1170; baseline 0.002 -10"><span class='ocrx_word' id='word_1_173' title='bbox 132 1126 319 1161; x_wconf 83' lang='lat' dir='ltr'>scientiam</span> <span class='ocrx_word' id='word_1_174' title='bbox 343 1126 458 1170; x_wconf 86' lang='lat' dir='ltr'>aspici</span> <span class='ocrx_word' id='word_1_175' title='bbox 482 1126 622 1161; x_wconf 91' lang='lat' dir='ltr'>debere.</span> 
     </span>
    </p>

    <p class='ocr_par' dir='ltr' id='par_1_6' title="bbox 132 1169 1226 1262">
     <span class='ocr_line' id='line_1_29' title="bbox 180 1169 1226 1215; baseline -0.003 -8"><span class='ocrx_word' id='word_1_176' title='bbox 180 1169 233 1209; x_wconf 85' lang='lat'>29</span> <span class='ocrx_word' id='word_1_177' title='bbox 257 1171 365 1207; x_wconf 73' lang='lat' dir='ltr'><em>IDEM</em></span> <span class='ocrx_word' id='word_1_178' title='bbox 393 1171 484 1207; x_wconf 84' lang='lat' dir='ltr'>libro</span> <span class='ocrx_word' id='word_1_179' title='bbox 509 1174 635 1207; x_wconf 82' lang='lat' dir='ltr'>octavo</span> <span class='ocrx_word' id='word_1_180' title='bbox 659 1170 710 1206; x_wconf 87' lang='lat' dir='ltr'>ad</span> <span class='ocrx_word' id='word_1_181' title='bbox 731 1170 918 1206; x_wconf 81' lang='lat' dir='ltr'>Plautium</span> <span class='ocrx_word' id='word_1_182' title='bbox 965 1169 1034 1214; x_wconf 79' lang='lat' dir='ltr'>Qui</span> <span class='ocrx_word' id='word_1_183' title='bbox 1065 1169 1226 1215; x_wconf 90' lang='lat' dir='ltr'>appellat</span> 
     </span>
     <span class='ocr_line' id='line_1_30' title="bbox 132 1217 350 1262; baseline 0 -11"><span class='ocrx_word' id='word_1_184' title='bbox 132 1217 242 1262; x_wconf 86' lang='lat' dir='ltr'>prior,</span> <span class='ocrx_word' id='word_1_185' title='bbox 268 1217 350 1261; x_wconf 87' lang='lat' dir='ltr'>agit.</span> 
     </span>
    </p>

    <p class='ocr_par' dir='ltr' id='par_1_7' title="bbox 132 1259 1228 1351">
     <span class='ocr_line' id='line_1_31' title="bbox 179 1259 1228 1308; baseline -0.004 -9"><span class='ocrx_word' id='word_1_186' title='bbox 179 1259 232 1300; x_wconf 88' lang='lat'>30</span> <span class='ocrx_word' id='word_1_187' title='bbox 266 1262 506 1298; x_wconf 66' lang='lat' dir='ltr'><strong><em>MARCELLVS</em></strong></span> <span class='ocrx_word' id='word_1_188' title='bbox 526 1261 615 1297; x_wconf 79' lang='lat' dir='ltr'>libro</span> <span class='ocrx_word' id='word_1_189' title='bbox 641 1262 766 1308; x_wconf 82' lang='lat' dir='ltr'>primo</span> <span class='ocrx_word' id='word_1_190' title='bbox 797 1260 1020 1307; x_wconf 74' lang='lat' dir='ltr'>diqestorum</span> <span class='ocrx_word' id='word_1_191' title='bbox 1067 1259 1138 1296; x_wconf 88' lang='lat' dir='ltr'>Ubi</span> <span class='ocrx_word' id='word_1_192' title='bbox 1168 1270 1228 1295; x_wconf 90' lang='lat' dir='ltr'>ac-</span> 
     </span>
     <span class='ocr_line' id='line_1_32' title="bbox 132 1305 1228 1351; baseline -0.003 -8"><span class='ocrx_word' id='word_1_193' title='bbox 132 1318 174 1343; x_wconf 85' lang='lat' dir='ltr'>ce</span> <span class='ocrx_word' id='word_1_194' title='bbox 202 1312 278 1343; x_wconf 88' lang='lat' dir='ltr'>tum</span> <span class='ocrx_word' id='word_1_195' title='bbox 294 1311 348 1343; x_wconf 89' lang='lat' dir='ltr'>est</span> <span class='ocrx_word' id='word_1_196' title='bbox 360 1307 468 1343; x_wconf 90' lang='lat' dir='ltr'>semel</span> <span class='ocrx_word' id='word_1_197' title='bbox 480 1307 661 1349; x_wconf 90' lang='lat' dir='ltr'>iudicium,</span> <span class='ocrx_word' id='word_1_198' title='bbox 681 1306 732 1341; x_wconf 92' lang='lat' dir='ltr'>ibi</span> <span class='ocrx_word' id='word_1_199' title='bbox 753 1309 788 1341; x_wconf 89' lang='lat' dir='ltr'>et</span> <span class='ocrx_word' id='word_1_200' title='bbox 807 1306 914 1341; x_wconf 90' lang='lat' dir='ltr'>finem</span> <span class='ocrx_word' id='word_1_201' title='bbox 933 1306 1098 1351; x_wconf 88' lang='lat' dir='ltr'>accipere</span> <span class='ocrx_word' id='word_1_202' title='bbox 1111 1305 1228 1341; x_wconf 89' lang='lat' dir='ltr'>debet.</span> 
     </span>
    </p>

    <p class='ocr_par' dir='ltr' id='par_1_8' title="bbox 131 1350 1231 1625">
     <span class='ocr_line' id='line_1_33' title="bbox 211 1350 1231 1398; baseline -0.005 -8"><span class='ocrx_word' id='word_1_203' title='bbox 211 1352 230 1390; x_wconf 89' lang='lat'>1</span> <span class='ocrx_word' id='word_1_204' title='bbox 261 1353 407 1389; x_wconf 76' lang='lat' dir='ltr'><strong><em>CELSUS</em></strong></span> <span class='ocrx_word' id='word_1_205' title='bbox 427 1353 518 1388; x_wconf 82' lang='lat' dir='ltr'>libro</span> <span class='ocrx_word' id='word_1_206' title='bbox 542 1353 734 1389; x_wconf 81' lang='lat' dir='ltr'>vicensimo</span> <span class='ocrx_word' id='word_1_207' title='bbox 757 1352 908 1398; x_wconf 84' lang='lat' dir='ltr'>septimo</span> <span class='ocrx_word' id='word_1_208' title='bbox 933 1351 1155 1397; x_wconf 82' lang='lat' dir='ltr'>diqestorum</span> <span class='ocrx_word' id='word_1_209' title='bbox 1193 1350 1231 1385; x_wconf 89' lang='lat' dir='ltr'>Si</span> 
     </span>
     <span class='ocr_line' id='line_1_34' title="bbox 131 1396 1229 1444; baseline -0.003 -10"><span class='ocrx_word' id='word_1_210' title='bbox 131 1399 264 1444; x_wconf 86' lang='lat' dir='ltr'>petitor</span> <span class='ocrx_word' id='word_1_211' title='bbox 285 1398 405 1444; x_wconf 92' lang='lat' dir='ltr'>plures</span> <span class='ocrx_word' id='word_1_212' title='bbox 429 1398 576 1434; x_wconf 90' lang='lat' dir='ltr'>heredes</span> <span class='ocrx_word' id='word_1_213' title='bbox 600 1397 782 1442; x_wconf 89' lang='lat' dir='ltr'>reliquerit</span> <span class='ocrx_word' id='word_1_214' title='bbox 805 1407 971 1442; x_wconf 88' lang='lat' dir='ltr'>unusque</span> <span class='ocrx_word' id='word_1_215' title='bbox 994 1407 1118 1432; x_wconf 90' lang='lat' dir='ltr'>eorum</span> <span class='ocrx_word' id='word_1_216' title='bbox 1138 1396 1229 1431; x_wconf 90' lang='lat' dir='ltr'>iudi-</span> 
     </span>
     <span class='ocr_line' id='line_1_35' title="bbox 134 1442 1231 1489; baseline -0.003 -10"><span class='ocrx_word' id='word_1_217' title='bbox 134 1445 188 1479; x_wconf 93' lang='lat' dir='ltr'>cio</span> <span class='ocrx_word' id='word_1_218' title='bbox 214 1444 343 1489; x_wconf 87' lang='lat' dir='ltr'>egerit,</span> <span class='ocrx_word' id='word_1_219' title='bbox 369 1454 441 1479; x_wconf 91' lang='lat' dir='ltr'>non</span> <span class='ocrx_word' id='word_1_220' title='bbox 466 1443 532 1478; x_wconf 91' lang='lat' dir='ltr'>erit</span> <span class='ocrx_word' id='word_1_221' title='bbox 554 1453 677 1478; x_wconf 89' lang='lat' dir='ltr'>verum</span> <span class='ocrx_word' id='word_1_222' title='bbox 700 1446 813 1477; x_wconf 90' lang='lat' dir='ltr'>totam</span> <span class='ocrx_word' id='word_1_223' title='bbox 836 1453 911 1477; x_wconf 89' lang='lat' dir='ltr'>rem</span> <span class='ocrx_word' id='word_1_224' title='bbox 936 1452 1029 1487; x_wconf 90' lang='lat' dir='ltr'>quae</span> <span class='ocrx_word' id='word_1_225' title='bbox 1051 1442 1089 1477; x_wconf 91' lang='lat' dir='ltr'>in</span> <span class='ocrx_word' id='word_1_226' title='bbox 1112 1442 1231 1486; x_wconf 86' lang='lat' dir='ltr'>priore</span> 
     </span>
     <span class='ocr_line' id='line_1_36' title="bbox 133 1487 1229 1532; baseline -0.002 -8"><span class='ocrx_word' id='word_1_227' title='bbox 133 1490 264 1525; x_wconf 90' lang='lat' dir='ltr'>iudicio</span> <span class='ocrx_word' id='word_1_228' title='bbox 299 1489 409 1524; x_wconf 88' lang='lat' dir='ltr'>fuerit</span> <span class='ocrx_word' id='word_1_229' title='bbox 442 1488 633 1524; x_wconf 86' lang='lat' dir='ltr'>deductam</span> <span class='ocrx_word' id='word_1_230' title='bbox 668 1499 764 1524; x_wconf 87' lang='lat' dir='ltr'>esse:</span> <span class='ocrx_word' id='word_1_231' title='bbox 810 1498 876 1523; x_wconf 89' lang='lat' dir='ltr'>nec</span> <span class='ocrx_word' id='word_1_232' title='bbox 914 1487 1006 1523; x_wconf 89' lang='lat' dir='ltr'>enim</span> <span class='ocrx_word' id='word_1_233' title='bbox 1064 1487 1229 1532; x_wconf 89' lang='lat' dir='ltr'>uisquam</span> 
     </span>
     <span class='ocr_line' id='line_1_37' title="bbox 133 1532 1228 1578; baseline -0.003 -8"><span class='ocrx_word' id='word_1_234' title='bbox 133 1536 286 1570; x_wconf 88' lang='lat' dir='ltr'>alienam</span> <span class='ocrx_word' id='word_1_235' title='bbox 310 1535 487 1570; x_wconf 87' lang='lat' dir='ltr'>actionem</span> <span class='ocrx_word' id='word_1_236' title='bbox 511 1534 549 1569; x_wconf 91' lang='lat' dir='ltr'>in</span> <span class='ocrx_word' id='word_1_237' title='bbox 571 1534 743 1569; x_wconf 90' lang='lat' dir='ltr'>iudicium</span> <span class='ocrx_word' id='word_1_238' title='bbox 765 1534 875 1569; x_wconf 87' lang='lat' dir='ltr'>invito</span> <span class='ocrx_word' id='word_1_239' title='bbox 901 1533 1030 1569; x_wconf 91' lang='lat' dir='ltr'>cohere</span> <span class='ocrx_word' id='word_1_240' title='bbox 1058 1543 1077 1568; x_wconf 91' lang='lat' dir='ltr'>e</span> <span class='ocrx_word' id='word_1_241' title='bbox 1096 1532 1228 1578; x_wconf 88' lang='lat' dir='ltr'>perdu-</span> 
     </span>
     <span class='ocr_line' id='line_1_38' title="bbox 132 1583 369 1625; baseline -0.004 -9"><span class='ocrx_word' id='word_1_242' title='bbox 132 1591 214 1616; x_wconf 87' lang='lat' dir='ltr'>cere</span> <span class='ocrx_word' id='word_1_243' title='bbox 238 1583 369 1625; x_wconf 89' lang='lat' dir='ltr'>potest.</span> 
     </span>
    </p>

    <p class='ocr_par' dir='ltr' id='par_1_9' title="bbox 132 1623 1231 1943">
     <span class='ocr_line' id='line_1_39' title="bbox 180 1623 1230 1671; baseline -0.004 -9"><span class='ocrx_word' id='word_1_244' title='bbox 180 1623 234 1663; x_wconf 83' lang='lat'>32</span> <span class='ocrx_word' id='word_1_245' title='bbox 266 1625 462 1661; x_wconf 76' lang='lat' dir='ltr'><em>ULPJANUS</em></span> <span class='ocrx_word' id='word_1_246' title='bbox 482 1624 573 1660; x_wconf 84' lang='lat' dir='ltr'>libro</span> <span class='ocrx_word' id='word_1_247' title='bbox 590 1626 715 1671; x_wconf 79' lang='lat' dir='ltr'>primo</span> <span class='ocrx_word' id='word_1_248' title='bbox 748 1624 792 1660; x_wconf 87' lang='lat' dir='ltr'>de</span> <span class='ocrx_word' id='word_1_249' title='bbox 824 1624 952 1670; x_wconf 79' lang='lat' dir='ltr'>officio</span> <span class='ocrx_word' id='word_1_250' title='bbox 986 1623 1145 1660; x_wconf 82' lang='lat' dir='ltr'>consulis</span> <span class='ocrx_word' id='word_1_251' title='bbox 1192 1623 1230 1658; x_wconf 90' lang='lat' dir='ltr'>Si</span> 
     </span>
     <span class='ocr_line' id='line_1_40' title="bbox 132 1669 1231 1716; baseline -0.003 -9"><span class='ocrx_word' id='word_1_252' title='bbox 132 1671 260 1714; x_wconf 90' lang='lat' dir='ltr'>iudex,</span> <span class='ocrx_word' id='word_1_253' title='bbox 285 1670 344 1706; x_wconf 88' lang='lat' dir='ltr'>cui</span> <span class='ocrx_word' id='word_1_254' title='bbox 368 1674 467 1705; x_wconf 88' lang='lat' dir='ltr'>certa</span> <span class='ocrx_word' id='word_1_255' title='bbox 489 1674 653 1716; x_wconf 90' lang='lat' dir='ltr'>tempora</span> <span class='ocrx_word' id='word_1_256' title='bbox 671 1670 869 1716; x_wconf 57' lang='lat' dir='ltr'>praestita-‘¹¹</span> <span class='ocrx_word' id='word_1_257' title='bbox 893 1673 1013 1712; x_wconf 91' lang='lat' dir='ltr'>erant,</span> <span class='ocrx_word' id='word_1_258' title='bbox 1039 1669 1231 1704; x_wconf 83' lang='lat' dir='ltr'>decesserit</span> 
     </span>
     <span class='ocr_line' id='line_1_41' title="bbox 133 1715 1227 1759; baseline -0.003 -7"><span class='ocrx_word' id='word_1_259' title='bbox 133 1721 171 1752; x_wconf 87' lang='lat' dir='ltr'>et</span> <span class='ocrx_word' id='word_1_260' title='bbox 193 1716 285 1752; x_wconf 89' lang='lat' dir='ltr'>alius</span> <span class='ocrx_word' id='word_1_261' title='bbox 308 1716 345 1750; x_wconf 95' lang='lat' dir='ltr'>in</span> <span class='ocrx_word' id='word_1_262' title='bbox 368 1716 488 1752; x_wconf 92' lang='lat' dir='ltr'>locum</span> <span class='ocrx_word' id='word_1_263' title='bbox 513 1716 588 1751; x_wconf 90' lang='lat' dir='ltr'>eius</span> <span class='ocrx_word' id='word_1_264' title='bbox 613 1716 719 1751; x_wconf 89' lang='lat' dir='ltr'>datus</span> <span class='ocrx_word' id='word_1_265' title='bbox 741 1715 870 1758; x_wconf 85' lang='lat' dir='ltr'>fuerit,</span> <span class='ocrx_word' id='word_1_266' title='bbox 895 1719 998 1750; x_wconf 88' lang='lat' dir='ltr'>tanta</span> <span class='ocrx_word' id='word_1_267' title='bbox 1022 1724 1066 1749; x_wconf 87' lang='lat' dir='ltr'>ex</span> <span class='ocrx_word' id='word_1_268' title='bbox 1089 1715 1227 1759; x_wconf 88' lang='lat' dir='ltr'>integro</span> 
     </span>
     <span class='ocr_line' id='line_1_42' title="bbox 133 1760 1228 1807; baseline -0.002 -11"><span class='ocrx_word' id='word_1_269' title='bbox 133 1766 295 1807; x_wconf 89' lang='lat' dir='ltr'>tempora</span> <span class='ocrx_word' id='word_1_270' title='bbox 327 1762 365 1797; x_wconf 93' lang='lat' dir='ltr'>in</span> <span class='ocrx_word' id='word_1_271' title='bbox 399 1771 554 1806; x_wconf 89' lang='lat' dir='ltr'>persona</span> <span class='ocrx_word' id='word_1_272' title='bbox 597 1761 673 1796; x_wconf 90' lang='lat' dir='ltr'>eius</span> <span class='ocrx_word' id='word_1_273' title='bbox 716 1761 932 1807; x_wconf 86' lang='lat' dir='ltr'>praestituta</span> <span class='ocrx_word' id='word_1_274' title='bbox 973 1760 1228 1805; x_wconf 88' lang='lat' dir='ltr'>intellegemus,</span> 
     </span>
     <span class='ocr_line' id='line_1_43' title="bbox 133 1805 1228 1857; baseline -0.002 -15"><span class='ocrx_word' id='word_1_275' title='bbox 133 1807 294 1852; x_wconf 89' lang='lat' dir='ltr'>quamvis</span> <span class='ocrx_word' id='word_1_276' title='bbox 317 1807 547 1852; x_wconf 86' lang='lat' dir='ltr'>magistratus</span> <span class='ocrx_word' id='word_1_277' title='bbox 571 1807 780 1842; x_wconf 90' lang='lat' dir='ltr'>nominatim</span> <span class='ocrx_word' id='word_1_278' title='bbox 803 1806 873 1841; x_wconf 91' lang='lat' dir='ltr'>hoc</span> <span class='ocrx_word' id='word_1_279' title='bbox 896 1806 934 1841; x_wconf 92' lang='lat' dir='ltr'>in</span> <span class='ocrx_word' id='word_1_280' title='bbox 959 1805 1140 1857; x_wconf 85' lang='lat' dir='ltr'>sequentis</span> <span class='ocrx_word' id='word_1_281' title='bbox 1165 1805 1228 1840; x_wconf 90' lang='lat' dir='ltr'>da-</span> 
     </span>
     <span class='ocr_line' id='line_1_44' title="bbox 133 1851 1228 1898; baseline -0.002 -11"><span class='ocrx_word' id='word_1_282' title='bbox 133 1853 231 1888; x_wconf 90' lang='lat' dir='ltr'>tione</span> <span class='ocrx_word' id='word_1_283' title='bbox 254 1863 326 1887; x_wconf 93' lang='lat' dir='ltr'>non</span> <span class='ocrx_word' id='word_1_284' title='bbox 350 1852 583 1898; x_wconf 86' lang='lat' dir='ltr'>expresserit:</span> <span class='ocrx_word' id='word_1_285' title='bbox 615 1853 668 1887; x_wconf 90' lang='lat' dir='ltr'>ita</span> <span class='ocrx_word' id='word_1_286' title='bbox 699 1856 820 1887; x_wconf 90' lang='lat' dir='ltr'>tamen</span> <span class='ocrx_word' id='word_1_287' title='bbox 851 1855 892 1886; x_wconf 93' lang='lat' dir='ltr'>ut</span> <span class='ocrx_word' id='word_1_288' title='bbox 922 1851 1116 1896; x_wconf 81' lang='lat' dir='ltr'>legitimum</span> <span class='ocrx_word' id='word_1_289' title='bbox 1140 1854 1228 1886; x_wconf 91' lang='lat' dir='ltr'>tem-</span> 
     </span>
     <span class='ocr_line' id='line_1_45' title="bbox 134 1898 484 1943; baseline -0.003 -10"><span class='ocrx_word' id='word_1_290' title='bbox 134 1909 202 1943; x_wconf 92' lang='lat' dir='ltr'>pus</span> <span class='ocrx_word' id='word_1_291' title='bbox 226 1908 299 1933; x_wconf 89' lang='lat' dir='ltr'>non</span> <span class='ocrx_word' id='word_1_292' title='bbox 324 1898 484 1933; x_wconf 88' lang='lat' dir='ltr'>excedat.</span> 
     </span>
    </p>

    <p class='ocr_par' dir='ltr' id='par_1_10' title="bbox 133 1940 1230 2069">
     <span class='ocr_line' id='line_1_46' title="bbox 180 1940 1228 1988; baseline -0.004 -8"><span class='ocrx_word' id='word_1_293' title='bbox 180 1941 233 1981; x_wconf 88' lang='lat'>33</span> <span class='ocrx_word' id='word_1_294' title='bbox 260 1943 516 1978; x_wconf 73' lang='lat' dir='ltr'><em>MODESTJNUS</em></span> <span class='ocrx_word' id='word_1_295' title='bbox 537 1943 628 1978; x_wconf 84' lang='lat' dir='ltr'>libro</span> <span class='ocrx_word' id='word_1_296' title='bbox 653 1943 758 1977; x_wconf 87' lang='lat' dir='ltr'>tertio</span> <span class='ocrx_word' id='word_1_297' title='bbox 781 1942 992 1988; x_wconf 76' lang='lat' dir='ltr'>reqularum</span> <span class='ocrx_word' id='word_1_298' title='bbox 1037 1940 1121 1977; x_wconf 83' lang='lat' dir='ltr'>Non</span> <span class='ocrx_word' id='word_1_299' title='bbox 1133 1941 1228 1977; x_wconf 89' lang='lat' dir='ltr'>vide-</span> 
     </span>
     <span class='ocr_line' id='line_1_47' title="bbox 134 1987 1230 2032; baseline -0.002 -9"><span class='ocrx_word' id='word_1_300' title='bbox 134 1992 193 2023; x_wconf 88' lang='lat' dir='ltr'>tur</span> <span class='ocrx_word' id='word_1_301' title='bbox 215 1989 253 2023; x_wconf 90' lang='lat' dir='ltr'>in</span> <span class='ocrx_word' id='word_1_302' title='bbox 276 1989 429 2023; x_wconf 89' lang='lat' dir='ltr'>iudicem</span> <span class='ocrx_word' id='word_1_303' title='bbox 454 1988 698 2030; x_wconf 86' lang='lat' dir='ltr'>consensisse,</span> <span class='ocrx_word' id='word_1_304' title='bbox 731 1987 792 2032; x_wconf 91' lang='lat' dir='ltr'>qui</span> <span class='ocrx_word' id='word_1_305' title='bbox 824 1987 881 2022; x_wconf 92' lang='lat' dir='ltr'>edi</span> <span class='ocrx_word' id='word_1_306' title='bbox 905 1987 973 2022; x_wconf 91' lang='lat' dir='ltr'>sibi</span> <span class='ocrx_word' id='word_1_307' title='bbox 995 1997 1108 2032; x_wconf 88' lang='lat' dir='ltr'>genus</span> <span class='ocrx_word' id='word_1_308' title='bbox 1133 1987 1230 2032; x_wconf 90' lang='lat' dir='ltr'>apud</span> 
     </span>
     <span class='ocr_line' id='line_1_48' title="bbox 133 2032 853 2069; baseline -0.003 -1"><span class='ocrx_word' id='word_1_309' title='bbox 133 2034 287 2069; x_wconf 85' lang='lat' dir='ltr'>eundem</span> <span class='ocrx_word' id='word_1_310' title='bbox 310 2034 463 2068; x_wconf 92' lang='lat' dir='ltr'>iudicem</span> <span class='ocrx_word' id='word_1_311' title='bbox 488 2033 667 2068; x_wconf 89' lang='lat' dir='ltr'>desiderat</span> <span class='ocrx_word' id='word_1_312' title='bbox 690 2032 853 2068; x_wconf 90' lang='lat' dir='ltr'>actionis.</span> 
     </span>
    </p>

    <p class='ocr_par' dir='ltr' id='par_1_11' title="bbox 134 2076 1231 2295">
     <span class='ocr_line' id='line_1_49' title="bbox 182 2076 1230 2124; baseline -0.003 -9"><span class='ocrx_word' id='word_1_313' title='bbox 182 2077 235 2116; x_wconf 84' lang='lat'>34</span> <span class='ocrx_word' id='word_1_314' title='bbox 261 2079 488 2113; x_wconf 75' lang='lat' dir='ltr'><strong><em>IAVOLENUS</em></strong></span> <span class='ocrx_word' id='word_1_315' title='bbox 516 2078 607 2113; x_wconf 82' lang='lat' dir='ltr'>libro</span> <span class='ocrx_word' id='word_1_316' title='bbox 633 2079 758 2124; x_wconf 83' lang='lat' dir='ltr'>quinto</span> <span class='ocrx_word' id='word_1_317' title='bbox 783 2077 921 2113; x_wconf 80' lang='lat' dir='ltr'>decimo</span> <span class='ocrx_word' id='word_1_318' title='bbox 946 2088 996 2113; x_wconf 81' lang='lat' dir='ltr'>ex</span> <span class='ocrx_word' id='word_1_319' title='bbox 1023 2077 1145 2113; x_wconf 84' lang='lat' dir='ltr'>Cassio</span> <span class='ocrx_word' id='word_1_320' title='bbox 1193 2076 1230 2112; x_wconf 89' lang='lat' dir='ltr'>Si</span> 
     </span>
     <span class='ocr_line' id='line_1_50' title="bbox 134 2122 1230 2170; baseline -0.002 -11"><span class='ocrx_word' id='word_1_321' title='bbox 134 2125 164 2159; x_wconf 89' lang='lat' dir='ltr'>is</span> <span class='ocrx_word' id='word_1_322' title='bbox 190 2124 250 2170; x_wconf 92' lang='lat' dir='ltr'>qui</span> <span class='ocrx_word' id='word_1_323' title='bbox 274 2124 410 2159; x_wconf 88' lang='lat' dir='ltr'>Romae</span> <span class='ocrx_word' id='word_1_324' title='bbox 433 2123 604 2158; x_wconf 88' lang='lat' dir='ltr'>iudicium</span> <span class='ocrx_word' id='word_1_325' title='bbox 628 2126 819 2168; x_wconf 85' lang='lat' dir='ltr'>acceperat</span> <span class='ocrx_word' id='word_1_326' title='bbox 842 2122 1007 2165; x_wconf 87' lang='lat' dir='ltr'>decessit,</span> <span class='ocrx_word' id='word_1_327' title='bbox 1030 2122 1136 2158; x_wconf 88' lang='lat' dir='ltr'>heres</span> <span class='ocrx_word' id='word_1_328' title='bbox 1154 2122 1230 2158; x_wconf 90' lang='lat' dir='ltr'>eius</span> 
     </span>
     <span class='ocr_line' id='line_1_51' title="bbox 134 2168 1231 2215; baseline -0.001 -11"><span class='ocrx_word' id='word_1_329' title='bbox 134 2170 295 2215; x_wconf 87' lang='lat' dir='ltr'>quamvis</span> <span class='ocrx_word' id='word_1_330' title='bbox 321 2169 536 2204; x_wconf 89' lang='lat' dir='ltr'>domicilium</span> <span class='ocrx_word' id='word_1_331' title='bbox 559 2173 659 2203; x_wconf 89' lang='lat' dir='ltr'>trans</span> <span class='ocrx_word' id='word_1_332' title='bbox 684 2178 782 2203; x_wconf 89' lang='lat' dir='ltr'>mare</span> <span class='ocrx_word' id='word_1_333' title='bbox 805 2168 925 2210; x_wconf 89' lang='lat' dir='ltr'>habet,</span> <span class='ocrx_word' id='word_1_334' title='bbox 950 2168 1087 2203; x_wconf 89' lang='lat' dir='ltr'>Romae</span> <span class='ocrx_word' id='word_1_335' title='bbox 1110 2172 1231 2203; x_wconf 89' lang='lat' dir='ltr'>tamen</span> 
     </span>
     <span class='ocr_line' id='line_1_52' title="bbox 135 2213 1227 2259; baseline -0.001 -9"><span class='ocrx_word' id='word_1_336' title='bbox 135 2214 279 2250; x_wconf 88' lang='lat' dir='ltr'>defendi</span> <span class='ocrx_word' id='word_1_337' title='bbox 313 2215 438 2257; x_wconf 89' lang='lat' dir='ltr'>debet,</span> <span class='ocrx_word' id='word_1_338' title='bbox 471 2214 556 2259; x_wconf 86' lang='lat' dir='ltr'>quia</span> <span class='ocrx_word' id='word_1_339' title='bbox 587 2213 748 2249; x_wconf 87' lang='lat' dir='ltr'>succedit</span> <span class='ocrx_word' id='word_1_340' title='bbox 770 2214 807 2248; x_wconf 91' lang='lat' dir='ltr'>in</span> <span class='ocrx_word' id='word_1_341' title='bbox 832 2213 906 2248; x_wconf 91' lang='lat' dir='ltr'>eius</span> <span class='ocrx_word' id='word_1_342' title='bbox 931 2213 1070 2256; x_wconf 91' lang='lat' dir='ltr'>locum,</span> <span class='ocrx_word' id='word_1_343' title='bbox 1104 2224 1126 2249; x_wconf 88' lang='lat' dir='ltr'>a</span> <span class='ocrx_word' id='word_1_344' title='bbox 1157 2225 1227 2258; x_wconf 87' lang='lat' dir='ltr'>quo</span> 
     </span>
     <span class='ocr_line' id='line_1_53' title="bbox 135 2260 498 2295; baseline -0.003 0"><span class='ocrx_word' id='word_1_345' title='bbox 135 2261 238 2295; x_wconf 90' lang='lat' dir='ltr'>heres</span> <span class='ocrx_word' id='word_1_346' title='bbox 262 2260 408 2295; x_wconf 90' lang='lat' dir='ltr'>relictus</span> <span class='ocrx_word' id='word_1_347' title='bbox 433 2263 498 2295; x_wconf 89' lang='lat' dir='ltr'>est.</span> 
     </span>
    </p>

    <p class='ocr_par' dir='ltr' id='par_1_12' title="bbox 135 2303 1232 2667">
     <span class='ocr_line' id='line_1_54' title="bbox 181 2303 1227 2350; baseline -0.005 -7"><span class='ocrx_word' id='word_1_348' title='bbox 181 2303 234 2343; x_wconf 88' lang='lat'>35</span> <span class='ocrx_word' id='word_1_349' title='bbox 260 2305 369 2340; x_wconf 77' lang='lat' dir='ltr'><em>IDEM</em></span> <span class='ocrx_word' id='word_1_350' title='bbox 387 2305 477 2340; x_wconf 80' lang='lat' dir='ltr'>libro</span> <span class='ocrx_word' id='word_1_351' title='bbox 502 2304 638 2340; x_wconf 81' lang='lat' dir='ltr'>decimo</span> <span class='ocrx_word' id='word_1_352' title='bbox 663 2304 901 2350; x_wconf 78' lang='lat' dir='ltr'>epistularum</span> <span class='ocrx_word' id='word_1_353' title='bbox 947 2303 1032 2339; x_wconf 88' lang='lat' dir='ltr'>Non</span> <span class='ocrx_word' id='word_1_354' title='bbox 1056 2303 1227 2349; x_wconf 90' lang='lat' dir='ltr'>quemad-</span> 
     </span>
     <span class='ocr_line' id='line_1_55' title="bbox 135 2349 1231 2394; baseline 0 -9"><span class='ocrx_word' id='word_1_355' title='bbox 135 2351 280 2386; x_wconf 90' lang='lat' dir='ltr'>modum</span> <span class='ocrx_word' id='word_1_356' title='bbox 310 2350 530 2386; x_wconf 88' lang='lat' dir='ltr'>fideiussoris</span> <span class='ocrx_word' id='word_1_357' title='bbox 563 2349 731 2394; x_wconf 86' lang='lat' dir='ltr'>obligatio</span> <span class='ocrx_word' id='word_1_358' title='bbox 755 2349 792 2384; x_wconf 91' lang='lat' dir='ltr'>in</span> <span class='ocrx_word' id='word_1_359' title='bbox 816 2349 986 2394; x_wconf 86' lang='lat' dir='ltr'>pendent-i</span> <span class='ocrx_word' id='word_1_360' title='bbox 1008 2353 1128 2394; x_wconf 86' lang='lat' dir='ltr'>potest</span> <span class='ocrx_word' id='word_1_361' title='bbox 1152 2360 1231 2385; x_wconf 92' lang='lat' dir='ltr'>esse</span> 
     </span>
     <span class='ocr_line' id='line_1_56' title="bbox 137 2394 1232 2440; baseline -0.001 -9"><span class='ocrx_word' id='word_1_362' title='bbox 137 2401 172 2430; x_wconf 87' lang='lat' dir='ltr'>et</span> <span class='ocrx_word' id='word_1_363' title='bbox 193 2396 249 2431; x_wconf 87' lang='lat' dir='ltr'>vel</span> <span class='ocrx_word' id='word_1_364' title='bbox 272 2396 309 2431; x_wconf 91' lang='lat' dir='ltr'>in</span> <span class='ocrx_word' id='word_1_365' title='bbox 331 2395 494 2430; x_wconf 88' lang='lat' dir='ltr'>futurum</span> <span class='ocrx_word' id='word_1_366' title='bbox 518 2395 677 2440; x_wconf 87' lang='lat' dir='ltr'>concipi,</span> <span class='ocrx_word' id='word_1_367' title='bbox 709 2395 761 2429; x_wconf 90' lang='lat' dir='ltr'>ita</span> <span class='ocrx_word' id='word_1_368' title='bbox 790 2394 962 2430; x_wconf 88' lang='lat' dir='ltr'>iudicium</span> <span class='ocrx_word' id='word_1_369' title='bbox 991 2395 1030 2430; x_wconf 92' lang='lat' dir='ltr'>in</span> <span class='ocrx_word' id='word_1_370' title='bbox 1062 2394 1232 2440; x_wconf 87' lang='lat' dir='ltr'>pendenti</span> 
     </span>
     <span class='ocr_line' id='line_1_57' title="bbox 136 2440 1229 2486; baseline -0.001 -10"><span class='ocrx_word' id='word_1_371' title='bbox 136 2445 254 2486; x_wconf 84' lang='lat' dir='ltr'>potest</span> <span class='ocrx_word' id='word_1_372' title='bbox 285 2451 363 2476; x_wconf 91' lang='lat' dir='ltr'>esse</span> <span class='ocrx_word' id='word_1_373' title='bbox 394 2441 449 2476; x_wconf 91' lang='lat' dir='ltr'>vel</span> <span class='ocrx_word' id='word_1_374' title='bbox 481 2440 524 2475; x_wconf 91' lang='lat' dir='ltr'>de</span> <span class='ocrx_word' id='word_1_375' title='bbox 555 2441 610 2475; x_wconf 91' lang='lat' dir='ltr'>his</span> <span class='ocrx_word' id='word_1_376' title='bbox 634 2440 741 2475; x_wconf 87' lang='lat' dir='ltr'>rebus</span> <span class='ocrx_word' id='word_1_377' title='bbox 767 2450 859 2485; x_wconf 91' lang='lat' dir='ltr'>quae</span> <span class='ocrx_word' id='word_1_378' title='bbox 882 2444 1010 2485; x_wconf 90' lang='lat' dir='ltr'>postea</span> <span class='ocrx_word' id='word_1_379' title='bbox 1033 2440 1071 2475; x_wconf 92' lang='lat' dir='ltr'>in</span> <span class='ocrx_word' id='word_1_380' title='bbox 1095 2441 1229 2485; x_wconf 88' lang='lat' dir='ltr'>obliga·</span> 
     </span>
     <span class='ocr_line' id='line_1_58' title="bbox 135 2485 1230 2531; baseline 0 -11"><span class='ocrx_word' id='word_1_381' title='bbox 135 2488 268 2522; x_wconf 81' lang='lat' dir='ltr'>tionem</span> <span class='ocrx_word' id='word_1_382' title='bbox 292 2486 509 2521; x_wconf 88' lang='lat' dir='ltr'>adventurae</span> <span class='ocrx_word' id='word_1_383' title='bbox 533 2490 626 2521; x_wconf 89' lang='lat' dir='ltr'>sunt.</span> <span class='ocrx_word' id='word_1_384' title='bbox 665 2496 749 2521; x_wconf 92' lang='lat' dir='ltr'>nam</span> <span class='ocrx_word' id='word_1_385' title='bbox 773 2486 949 2520; x_wconf 89' lang='lat' dir='ltr'>neminem</span> <span class='ocrx_word' id='word_1_386' title='bbox 973 2490 1060 2531; x_wconf 89' lang='lat' dir='ltr'>puto</span> <span class='ocrx_word' id='word_1_387' title='bbox 1088 2485 1230 2520; x_wconf 91' lang='lat' dir='ltr'>dubita-</span> 
     </span>
     <span class='ocr_line' id='line_1_59' title="bbox 135 2531 1231 2576; baseline 0 -10"><span class='ocrx_word' id='word_1_388' title='bbox 135 2537 275 2575; x_wconf 87' lang='lat' dir='ltr'>turum,</span> <span class='ocrx_word' id='word_1_389' title='bbox 310 2532 395 2576; x_wconf 89' lang='lat' dir='ltr'>quin</span> <span class='ocrx_word' id='word_1_390' title='bbox 425 2531 615 2566; x_wconf 90' lang='lat' dir='ltr'>fideiussor</span> <span class='ocrx_word' id='word_1_391' title='bbox 647 2535 731 2565; x_wconf 88' lang='lat' dir='ltr'>ante</span> <span class='ocrx_word' id='word_1_392' title='bbox 764 2531 1017 2575; x_wconf 86' lang='lat' dir='ltr'>obligationem</span> <span class='ocrx_word' id='word_1_393' title='bbox 1040 2531 1092 2566; x_wconf 88' lang='lat' dir='ltr'>rei</span> <span class='ocrx_word' id='word_1_394' title='bbox 1116 2531 1231 2576; x_wconf 86' lang='lat' dir='ltr'>accipi</span> 
     </span>
     <span class='ocr_line' id='line_1_60' title="bbox 135 2576 1230 2621; baseline -0.001 -9"><span class='ocrx_word' id='word_1_395' title='bbox 135 2578 266 2621; x_wconf 86' lang='lat' dir='ltr'>possit:</span> <span class='ocrx_word' id='word_1_396' title='bbox 302 2577 474 2611; x_wconf 89' lang='lat' dir='ltr'>iudicium</span> <span class='ocrx_word' id='word_1_397' title='bbox 508 2587 613 2619; x_wconf 90' lang='lat' dir='ltr'>vero,</span> <span class='ocrx_word' id='word_1_398' title='bbox 649 2580 842 2621; x_wconf 88' lang='lat' dir='ltr'>antequam</span> <span class='ocrx_word' id='word_1_399' title='bbox 877 2576 1011 2621; x_wconf 89' lang='lat' dir='ltr'>aliquid</span> <span class='ocrx_word' id='word_1_400' title='bbox 1046 2576 1230 2619; x_wconf 84' lang='lat' dir='ltr'>debeatur,</span> 
     </span>
     <span class='ocr_line' id='line_1_61' title="bbox 135 2633 350 2667; baseline 0.005 -11"><span class='ocrx_word' id='word_1_401' title='bbox 135 2633 209 2657; x_wconf 90' lang='lat' dir='ltr'>non</span> <span class='ocrx_word' id='word_1_402' title='bbox 233 2633 350 2667; x_wconf 87' lang='lat' dir='ltr'>posse.</span> 
     </span>
    </p>

    <p class='ocr_par' dir='ltr' id='par_1_13' title="bbox 135 2665 1234 3254">
     <span class='ocr_line' id='line_1_62' title="bbox 183 2665 1230 2713; baseline -0.002 -9"><span class='ocrx_word' id='word_1_403' title='bbox 183 2665 236 2704; x_wconf 84' lang='grc'>36</span> <span class='ocrx_word' id='word_1_404' title='bbox 265 2667 553 2703; x_wconf 72' lang='lat' dir='ltr'><em>CALLJSTRATUS</em></span> <span class='ocrx_word' id='word_1_405' title='bbox 573 2666 664 2702; x_wconf 82' lang='lat' dir='ltr'>libro</span> <span class='ocrx_word' id='word_1_406' title='bbox 686 2668 808 2713; x_wconf 84' lang='lat' dir='ltr'>primo</span> <span class='ocrx_word' id='word_1_407' title='bbox 834 2667 1082 2712; x_wconf 79' lang='lat' dir='ltr'>ooqnitionum</span> <span class='ocrx_word' id='word_1_408' title='bbox 1116 2667 1230 2702; x_wconf 88' lang='lat' dir='ltr'>Inter-</span> 
     </span>
     <span class='ocr_line' id='line_1_63' title="bbox 136 2712 1231 2756; baseline -0.001 -9"><span class='ocrx_word' id='word_1_409' title='bbox 136 2712 221 2747; x_wconf 89' lang='lat' dir='ltr'>dum</span> <span class='ocrx_word' id='word_1_410' title='bbox 246 2723 289 2747; x_wconf 89' lang='lat' dir='ltr'>ex</span> <span class='ocrx_word' id='word_1_411' title='bbox 312 2713 414 2747; x_wconf 91' lang='lat' dir='ltr'>iustis</span> <span class='ocrx_word' id='word_1_412' title='bbox 439 2712 558 2747; x_wconf 90' lang='lat' dir='ltr'>causis</span> <span class='ocrx_word' id='word_1_413' title='bbox 584 2715 620 2746; x_wconf 87' lang='lat' dir='ltr'>et</span> <span class='ocrx_word' id='word_1_414' title='bbox 643 2722 687 2746; x_wconf 84' lang='lat' dir='ltr'>ex</span> <span class='ocrx_word' id='word_1_415' title='bbox 712 2712 841 2747; x_wconf 67' lang='lat' dir='ltr'>certis⁴</span> <span class='ocrx_word' id='word_1_416' title='bbox 866 2713 1028 2756; x_wconf 89' lang='lat' dir='ltr'>personis</span> <span class='ocrx_word' id='word_1_417' title='bbox 1053 2713 1231 2748; x_wconf 87' lang='lat' dir='ltr'>sustinen-</span> 
     </span>
     <span class='ocr_line' id='line_1_64' title="bbox 136 2757 1233 2802; baseline -0.001 -9"><span class='ocrx_word' id='word_1_418' title='bbox 136 2758 205 2793; x_wconf 88' lang='lat' dir='ltr'>dae</span> <span class='ocrx_word' id='word_1_419' title='bbox 229 2761 313 2793; x_wconf 90' lang='lat' dir='ltr'>sunt</span> <span class='ocrx_word' id='word_1_420' title='bbox 337 2757 574 2802; x_wconf 86' lang='lat' dir='ltr'>cognitiones:</span> <span class='ocrx_word' id='word_1_421' title='bbox 599 2757 709 2792; x_wconf 86' lang='lat' dir='ltr'>veluti</span> <span class='ocrx_word' id='word_1_422' title='bbox 732 2757 763 2792; x_wconf 91' lang='lat' dir='ltr'>si</span> <span class='ocrx_word' id='word_1_423' title='bbox 782 2757 1021 2792; x_wconf 87' lang='lat' dir='ltr'>instrumenta</span> <span class='ocrx_word' id='word_1_424' title='bbox 1041 2758 1112 2792; x_wconf 89' lang='lat' dir='ltr'>litis</span> <span class='ocrx_word' id='word_1_425' title='bbox 1135 2757 1233 2802; x_wconf 91' lang='lat' dir='ltr'>apud</span> 
     </span>
     <span class='ocr_line' id='line_1_65' title="bbox 135 2802 1230 2847; baseline -0.001 -9"><span class='ocrx_word' id='word_1_426' title='bbox 135 2813 199 2838; x_wconf 84' lang='lat' dir='ltr'>eos</span> <span class='ocrx_word' id='word_1_427' title='bbox 232 2813 310 2838; x_wconf 91' lang='lat' dir='ltr'>esse</span> <span class='ocrx_word' id='word_1_428' title='bbox 342 2803 508 2838; x_wconf 90' lang='lat' dir='ltr'>dicantur</span> <span class='ocrx_word' id='word_1_429' title='bbox 539 2802 603 2847; x_wconf 89' lang='lat' dir='ltr'>qui</span> <span class='ocrx_word' id='word_1_430' title='bbox 634 2803 686 2837; x_wconf 93' lang='lat' dir='ltr'>rei</span> <span class='ocrx_word' id='word_1_431' title='bbox 717 2802 884 2847; x_wconf 90' lang='lat' dir='ltr'>publicae</span> <span class='ocrx_word' id='word_1_432' title='bbox 917 2813 1027 2837; x_wconf 90' lang='lat' dir='ltr'>causa</span> <span class='ocrx_word' id='word_1_433' title='bbox 1059 2803 1230 2837; x_wconf 89' lang='lat' dir='ltr'>aberunt:</span> 
     </span>
     <span class='ocr_line' id='line_1_66' title="bbox 137 2847 1232 2893; baseline 0 -11"><span class='ocrx_word' id='word_1_434' title='bbox 137 2847 245 2893; x_wconf 87' lang='lat' dir='ltr'>idque</span> <span class='ocrx_word' id='word_1_435' title='bbox 280 2848 349 2882; x_wconf 91' lang='lat' dir='ltr'>divi</span> <span class='ocrx_word' id='word_1_436' title='bbox 381 2848 512 2883; x_wconf 83' lang='lat' dir='ltr'>fratres</span> <span class='ocrx_word' id='word_1_437' title='bbox 544 2848 582 2882; x_wconf 95' lang='lat' dir='ltr'>in</span> <span class='ocrx_word' id='word_1_438' title='bbox 604 2848 695 2883; x_wconf 88' lang='lat' dir='ltr'>haec</span> <span class='ocrx_word' id='word_1_439' title='bbox 720 2848 830 2883; x_wconf 89' lang='lat' dir='ltr'>verba</span> <span class='ocrx_word' id='word_1_440' title='bbox 854 2848 1127 2892; x_wconf 89' lang='lat' dir='ltr'>rescripserunt.</span> <span class='ocrx_word' id='word_1_441' title='bbox 1165 2848 1232 2882; x_wconf 89' lang='lat' dir='ltr'>hu-</span> 
     </span>
     <span class='ocr_line' id='line_1_67' title="bbox 136 2892 1231 2938; baseline 0 -11"><span class='ocrx_word' id='word_1_442' title='bbox 136 2903 282 2928; x_wconf 87' lang='lat' dir='ltr'>manum</span> <span class='ocrx_word' id='word_1_443' title='bbox 307 2897 361 2928; x_wconf 90' lang='lat' dir='ltr'>est</span> <span class='ocrx_word' id='word_1_444' title='bbox 382 2897 529 2938; x_wconf 87' lang='lat' dir='ltr'>propter</span> <span class='ocrx_word' id='word_1_445' title='bbox 552 2892 720 2928; x_wconf 86' lang='lat' dir='ltr'>fortuitos</span> <span class='ocrx_word' id='word_1_446' title='bbox 746 2903 852 2928; x_wconf 88' lang='lat' dir='ltr'>casus</span> <span class='ocrx_word' id='word_1_447' title='bbox 877 2893 1082 2927; x_wconf 89' lang='lat' dir='ltr'>dilationem</span> <span class='ocrx_word' id='word_1_448' title='bbox 1106 2893 1231 2937; x_wconf 87' lang='lat' dir='ltr'>accipi,</span> 
     </span>
     <span class='ocr_line' id='line_1_68' title="bbox 135 2938 1234 2983; baseline 0.001 -11"><span class='ocrx_word' id='word_1_449' title='bbox 135 2938 246 2973; x_wconf 74' lang='lat' dir='ltr'>veluti</span> <span class='ocrx_word' id='word_1_450' title='bbox 269 2938 365 2983; x_wconf 89' lang='lat' dir='ltr'>quod</span> <span class='ocrx_word' id='word_1_451' title='bbox 387 2942 490 2983; x_wconf 89' lang='lat' dir='ltr'>pater</span> <span class='ocrx_word' id='word_1_452' title='bbox 513 2938 669 2982; x_wconf 85' lang='lat' dir='ltr'>litigator</span> <span class='ocrx_word' id='word_1_453' title='bbox 693 2938 804 2972; x_wconf 89' lang='lat' dir='ltr'>filium</span> <span class='ocrx_word' id='word_1_454' title='bbox 826 2939 881 2973; x_wconf 90' lang='lat' dir='ltr'>vel</span> <span class='ocrx_word' id='word_1_455' title='bbox 914 2939 1024 2972; x_wconf 84' lang='lat' dir='ltr'>filiam</span> <span class='ocrx_word' id='word_1_456' title='bbox 1056 2939 1111 2973; x_wconf 89' lang='lat' dir='ltr'>vel</span> <span class='ocrx_word' id='word_1_457' title='bbox 1142 2949 1234 2973; x_wconf 89' lang='lat' dir='ltr'>uxor</span> 
     </span>
     <span class='ocr_line' id='line_1_69' title="bbox 136 2983 1232 3028; baseline 0.001 -10"><span class='ocrx_word' id='word_1_458' title='bbox 136 2983 250 3018; x_wconf 82' lang='lat' dir='ltr'>virum</span> <span class='ocrx_word' id='word_1_459' title='bbox 280 2984 334 3019; x_wconf 90' lang='lat' dir='ltr'>vel</span> <span class='ocrx_word' id='word_1_460' title='bbox 366 2983 460 3018; x_wconf 89' lang='lat' dir='ltr'>filius</span> <span class='ocrx_word' id='word_1_461' title='bbox 494 2987 676 3028; x_wconf 86' lang='lat' dir='ltr'>parentem</span> <span class='ocrx_word' id='word_1_462' title='bbox 708 2984 884 3026; x_wconf 89' lang='lat' dir='ltr'>amiserit,</span> <span class='ocrx_word' id='word_1_463' title='bbox 922 2987 957 3018; x_wconf 92' lang='lat' dir='ltr'>et</span> <span class='ocrx_word' id='word_1_464' title='bbox 991 2984 1029 3018; x_wconf 92' lang='lat' dir='ltr'>in</span> <span class='ocrx_word' id='word_1_465' title='bbox 1060 2984 1232 3019; x_wconf 90' lang='lat' dir='ltr'>similibus</span> 
     </span>
     <span class='ocr_line' id='line_1_70' title="bbox 144 3028 1232 3074; baseline 0.001 -12"><span class='ocrx_word' id='word_1_466' title='bbox 144 3032 156 3062; x_wconf 79' lang='grc'>1</span> <span class='ocrx_word' id='word_1_467' title='bbox 203 3029 321 3064; x_wconf 89' lang='lat' dir='ltr'>causis</span> <span class='ocrx_word' id='word_1_468' title='bbox 336 3029 572 3073; x_wconf 88' lang='lat' dir='ltr'>cognitionem</span> <span class='ocrx_word' id='word_1_469' title='bbox 584 3028 631 3063; x_wconf 91' lang='lat' dir='ltr'>ad</span> <span class='ocrx_word' id='word_1_470' title='bbox 642 3029 796 3074; x_wconf 87' lang='lat' dir='ltr'>aliquem</span> <span class='ocrx_word' id='word_1_471' title='bbox 807 3029 952 3063; x_wconf 92' lang='lat' dir='ltr'>modum</span> <span class='ocrx_word' id='word_1_472' title='bbox 964 3029 1143 3064; x_wconf 88' lang='lat' dir='ltr'>sustineri.</span> <span class='ocrx_word' id='word_1_473' title='bbox 1170 3029 1232 3064; x_wconf 91' lang='lat' dir='ltr'>Se-</span> 
     </span>
     <span class='ocr_line' id='line_1_71' title="bbox 139 3074 1234 3119; baseline 0.002 -12"><span class='ocrx_word' id='word_1_474' title='bbox 139 3077 245 3109; x_wconf 88' lang='lat' dir='ltr'>nator</span> <span class='ocrx_word' id='word_1_475' title='bbox 268 3074 299 3109; x_wconf 91' lang='lat' dir='ltr'>si</span> <span class='ocrx_word' id='word_1_476' title='bbox 322 3074 471 3118; x_wconf 89' lang='lat' dir='ltr'>negotiis</span> <span class='ocrx_word' id='word_1_477' title='bbox 493 3074 615 3108; x_wconf 90' lang='lat' dir='ltr'>alienis</span> <span class='ocrx_word' id='word_1_478' title='bbox 637 3084 675 3108; x_wconf 91' lang='lat' dir='ltr'>se</span> <span class='ocrx_word' id='word_1_479' title='bbox 695 3074 865 3118; x_wconf 89' lang='lat' dir='ltr'>optulerit</span> <span class='ocrx_word' id='word_1_480' title='bbox 885 3075 922 3108; x_wconf 93' lang='lat' dir='ltr'>in</span> <span class='ocrx_word' id='word_1_481' title='bbox 941 3074 1135 3119; x_wconf 89' lang='lat' dir='ltr'>provincia,</span> <span class='ocrx_word' id='word_1_482' title='bbox 1161 3085 1234 3109; x_wconf 93' lang='lat' dir='ltr'>non</span> 
     </span>
     <span class='ocr_line' id='line_1_72' title="bbox 141 3118 1233 3164; baseline 0.002 -12"><span class='ocrx_word' id='word_1_483' title='bbox 141 3118 247 3153; x_wconf 88' lang='lat' dir='ltr'>debet</span> <span class='ocrx_word' id='word_1_484' title='bbox 280 3119 450 3154; x_wconf 91' lang='lat' dir='ltr'>iudicium</span> <span class='ocrx_word' id='word_1_485' title='bbox 481 3129 647 3154; x_wconf 87' lang='lat' dir='ltr'>recusare</span> <span class='ocrx_word' id='word_1_486' title='bbox 679 3119 902 3163; x_wconf 88' lang='lat' dir='ltr'>negotiorum</span> <span class='ocrx_word' id='word_1_487' title='bbox 934 3123 1135 3164; x_wconf 89' lang='lat' dir='ltr'>gestorum,</span> <span class='ocrx_word' id='word_1_488' title='bbox 1170 3119 1233 3154; x_wconf 91' lang='lat' dir='ltr'>sed</span> 
     </span>
     <span class='ocr_line' id='line_1_73' title="bbox 141 3163 1232 3209; baseline 0.001 -12"><span class='ocrx_word' id='word_1_489' title='bbox 141 3163 316 3198; x_wconf 89' lang='lat' dir='ltr'>actionem</span> <span class='ocrx_word' id='word_1_490' title='bbox 348 3175 427 3199; x_wconf 91' lang='lat' dir='ltr'>eum</span> <span class='ocrx_word' id='word_1_491' title='bbox 461 3164 624 3208; x_wconf 80' lang='lat' dir='ltr'>excipere</span> <span class='ocrx_word' id='word_1_492' title='bbox 656 3168 820 3209; x_wconf 88' lang='lat' dir='ltr'>oportere</span> <span class='ocrx_word' id='word_1_493' title='bbox 844 3165 1004 3200; x_wconf 90' lang='lat' dir='ltr'>Iulianus</span> <span class='ocrx_word' id='word_1_494' title='bbox 1037 3165 1232 3209; x_wconf 90' lang='lat' dir='ltr'>respondit,</span> 
     </span>
     <span class='ocr_line' id='line_1_74' title="bbox 137 3210 1231 3254; baseline 0.001 -11"><span class='ocrx_word' id='word_1_495' title='bbox 137 3218 222 3242; x_wconf 79' lang='lat' dir='ltr'>cum</span> <span class='ocrx_word' id='word_1_496' title='bbox 246 3219 311 3244; x_wconf 88' lang='lat' dir='ltr'>sua</span> <span class='ocrx_word' id='word_1_497' title='bbox 335 3213 462 3253; x_wconf 88' lang='lat' dir='ltr'>sponte</span> <span class='ocrx_word' id='word_1_498' title='bbox 489 3210 556 3244; x_wconf 91' lang='lat' dir='ltr'>sibi</span> <span class='ocrx_word' id='word_1_499' title='bbox 587 3210 681 3244; x_wconf 86' lang='lat' dir='ltr'>hanc</span> <span class='ocrx_word' id='word_1_500' title='bbox 715 3210 967 3254; x_wconf 88' lang='lat' dir='ltr'>obligationem</span> <span class='ocrx_word' id='word_1_501' title='bbox 1002 3211 1231 3245; x_wconf 85' lang='lat' dir='ltr'>contraxerit.</span> 
     </span>
    </p>

    <p class='ocr_par' dir='ltr' id='par_1_14' title="bbox 138 3251 1234 3434">
     <span class='ocr_line' id='line_1_75' title="bbox 187 3251 1234 3300; baseline -0.001 -10"><span class='ocrx_word' id='word_1_502' title='bbox 187 3251 239 3290; x_wconf 87' lang='lat'>37</span> <span class='ocrx_word' id='word_1_503' title='bbox 273 3254 380 3289; x_wconf 75' lang='lat' dir='ltr'><em>IDEM</em></span> <span class='ocrx_word' id='word_1_504' title='bbox 409 3255 499 3290; x_wconf 81' lang='lat' dir='ltr'>libro</span> <span class='ocrx_word' id='word_1_505' title='bbox 535 3255 661 3299; x_wconf 82' lang='lat' dir='ltr'>quinto</span> <span class='ocrx_word' id='word_1_506' title='bbox 695 3256 939 3300; x_wconf 80' lang='lat' dir='ltr'>eoqnitionum</span> <span class='ocrx_word' id='word_1_507' title='bbox 988 3255 1026 3290; x_wconf 87' lang='lat' dir='ltr'>Si</span> <span class='ocrx_word' id='word_1_508' title='bbox 1058 3256 1102 3291; x_wconf 87' lang='lat' dir='ltr'>de</span> <span class='ocrx_word' id='word_1_509' title='bbox 1132 3256 1167 3290; x_wconf 89' lang='lat' dir='ltr'>vi</span> <span class='ocrx_word' id='word_1_510' title='bbox 1199 3259 1234 3289; x_wconf 91' lang='lat' dir='ltr'>et</span> 
     </span>
     <span class='ocr_line' id='line_1_76' title="bbox 138 3299 1233 3344; baseline 0.002 -11"><span class='ocrx_word' id='word_1_511' title='bbox 138 3299 365 3341; x_wconf 74' lang='lat' dir='ltr'>possessione</span> <span class='ocrx_word' id='word_1_512' title='bbox 408 3304 620 3344; x_wconf 87' lang='lat' dir='ltr'>quaeratur,</span> <span class='ocrx_word' id='word_1_513' title='bbox 663 3300 763 3344; x_wconf 89' lang='lat' dir='ltr'>prius</span> <span class='ocrx_word' id='word_1_514' title='bbox 800 3301 1085 3344; x_wconf 89' lang='lat' dir='ltr'>cognoscendum</span> <span class='ocrx_word' id='word_1_515' title='bbox 1122 3301 1165 3335; x_wconf 92' lang='lat' dir='ltr'>de</span> <span class='ocrx_word' id='word_1_516' title='bbox 1200 3301 1233 3334; x_wconf 90' lang='lat' dir='ltr'>vi</span> 
     </span>
     <span class='ocr_line' id='line_1_77' title="bbox 140 3344 1231 3389; baseline 0.002 -13"><span class='ocrx_word' id='word_1_517' title='bbox 140 3354 247 3377; x_wconf 61' lang='lat' dir='ltr'>uuam</span> <span class='ocrx_word' id='word_1_518' title='bbox 282 3344 324 3378; x_wconf 89' lang='lat' dir='ltr'>de</span> <span class='ocrx_word' id='word_1_519' title='bbox 355 3345 574 3389; x_wconf 86' lang='lat' dir='ltr'>proprietate</span> <span class='ocrx_word' id='word_1_520' title='bbox 605 3346 657 3379; x_wconf 91' lang='lat' dir='ltr'>rei</span> <span class='ocrx_word' id='word_1_521' title='bbox 680 3345 781 3379; x_wconf 87' lang='lat' dir='ltr'>divus</span> <span class='ocrx_word' id='word_1_522' title='bbox 805 3345 1012 3380; x_wconf 90' lang='lat' dir='ltr'>Hadrianus</span> <span class='ocrx_word' id='word_1_523' title='bbox 1036 3348 1091 3388; x_wconf 77' lang='grc' dir='ltr'>τῷ</span> <span class='ocrx_word' id='word_1_524' title='bbox 1117 3348 1231 3388; x_wconf 76' lang='grc' dir='ltr'><strong><em>κοινῷ</em></strong></span> 
     </span>
     <span class='ocr_line' id='line_1_78' title="bbox 142 3388 850 3434; baseline 0.006 -14"><span class='ocrx_word' id='word_1_525' title='bbox 142 3391 218 3420; x_wconf 64' lang='grc' dir='ltr'>ταῖν</span> <span class='ocrx_word' id='word_1_526' title='bbox 244 3388 435 3422; x_wconf 59' lang='lat' dir='ltr'>&amp;candiana</span> <span class='ocrx_word' id='word_1_527' title='bbox 445 3390 470 3410; x_wconf 74' lang='lat'>⁴·</span> <span class='ocrx_word' id='word_1_528' title='bbox 495 3390 632 3424; x_wconf 87' lang='lat' dir='ltr'>Graece</span> <span class='ocrx_word' id='word_1_529' title='bbox 655 3390 850 3434; x_wconf 88' lang='lat' dir='ltr'>rescripsit.</span> 
     </span>
    </p>
   </div>
   <div class='ocr_carea' id='block_1_6' title="bbox 146 3465 216 3468">
    <p class='ocr_par' dir='ltr' id='par_1_15' title="bbox 146 3465 216 3468">
     <span class='ocr_line' id='line_1_79' title="bbox 146 3465 216 3468; baseline 0 0"><span class='ocrx_word' id='word_1_530' title='bbox 146 3465 216 3468; x_wconf 95' lang='lat' dir='ltr'> </span> 
     </span>
    </p>
   </div>
   <div class='ocr_carea' id='block_1_7' title="bbox 139 3501 1232 3769">
    <p class='ocr_par' dir='ltr' id='par_1_16' title="bbox 139 3501 1232 3769">
     <span class='ocr_line' id='line_1_80' title="bbox 139 3501 1228 3551; baseline 0.006 -20"><span class='ocrx_word' id='word_1_531' title='bbox 139 3502 183 3551; x_wconf 42' lang='lat'><em>(1.)</em></span> <span class='ocrx_word' id='word_1_532' title='bbox 208 3501 383 3543; x_wconf 86' lang='lat' dir='ltr'>provincia</span> <span class='ocrx_word' id='word_1_533' title='bbox 394 3502 454 3535; x_wconf 85' lang='lat' dir='ltr'>FS</span> <span class='ocrx_word' id='word_1_534' title='bbox 563 3505 606 3545; x_wconf 76' lang='lat'>(2)</span> <span class='ocrx_word' id='word_1_535' title='bbox 632 3505 787 3545; x_wconf 83' lang='lat' dir='ltr'>quamvis</span> <span class='ocrx_word' id='word_1_536' title='bbox 799 3508 914 3547; x_wconf 83' lang='lat' dir='ltr'>postea</span> <span class='ocrx_word' id='word_1_537' title='bbox 928 3516 1013 3537; x_wconf 91' lang='lat' dir='ltr'>unus</span> <span class='ocrx_word' id='word_1_538' title='bbox 1027 3505 1116 3537; x_wconf 91' lang='lat' dir='ltr'>filius</span> <span class='ocrx_word' id='word_1_539' title='bbox 1129 3510 1228 3537; x_wconf 89' lang='lat' dir='ltr'>natus</span> 
     </span>
     <span class='ocr_line' id='line_1_81' title="bbox 145 3549 1228 3593; baseline 0.006 -17"><span class='ocrx_word' id='word_1_540' title='bbox 145 3550 189 3576; x_wconf 78' lang='lat' dir='ltr'>Sit</span> <span class='ocrx_word' id='word_1_541' title='bbox 203 3556 262 3577; x_wconf 87' lang='lat' dir='ltr'>nec</span> <span class='ocrx_word' id='word_1_542' title='bbox 277 3557 441 3587; x_wconf 82' lang='lat' dir='ltr'>quaquam</span> <span class='ocrx_word' id='word_1_543' title='bbox 454 3549 627 3590; x_wconf 85' lang='lat' dir='ltr'>potuerint</span> <span class='ocrx_word' id='word_1_544' title='bbox 640 3550 753 3591; x_wconf 87' lang='lat' dir='ltr'>plures</span> <span class='ocrx_word' id='word_1_545' title='bbox 767 3551 871 3589; x_wconf 86' lang='lat' dir='ltr'>nasci,</span> <span class='ocrx_word' id='word_1_546' title='bbox 887 3561 962 3582; x_wconf 86' lang='lat' dir='ltr'>cum</span> <span class='ocrx_word' id='word_1_547' title='bbox 975 3561 1035 3593; x_wconf 88' lang='lat' dir='ltr'>per</span> <span class='ocrx_word' id='word_1_548' title='bbox 1047 3561 1157 3582; x_wconf 89' lang='lat' dir='ltr'>rerum</span> <span class='ocrx_word' id='word_1_549' title='bbox 1170 3561 1228 3581; x_wconf 88' lang='lat' dir='ltr'>na-</span> 
     </span>
     <span class='ocr_line' id='line_1_82' title="bbox 144 3591 1228 3637; baseline 0.006 -16"><span class='ocrx_word' id='word_1_550' title='bbox 144 3592 254 3622; x_wconf 81' lang='lat' dir='ltr'>turam</span> <span class='ocrx_word' id='word_1_551' title='bbox 266 3594 394 3623; x_wconf 85' lang='lat' dir='ltr'>certum</span> <span class='ocrx_word' id='word_1_552' title='bbox 407 3591 509 3624; x_wconf 82' lang='lat' dir='ltr'>fuerit</span> <span class='ocrx_word' id='word_1_553' title='bbox 521 3604 623 3625; x_wconf 90' lang='lat' dir='ltr'>unum</span> <span class='ocrx_word' id='word_1_554' title='bbox 635 3595 730 3626; x_wconf 85' lang='lat' dir='ltr'>nasci</span> <span class='ocrx_word' id='word_1_555' title='bbox 741 3607 803 3628; x_wconf 85' lang='lat' dir='ltr'>scr.</span> <span class='ocrx_word' id='word_1_556' title='bbox 863 3596 905 3636; x_wconf 85' lang='lat'>(3)</span> <span class='ocrx_word' id='word_1_557' title='bbox 932 3596 1134 3637; x_wconf 85' lang='lat' dir='ltr'>praestituta</span> <span class='ocrx_word' id='word_1_558' title='bbox 1146 3595 1228 3628; x_wconf 81' lang='lat' dir='ltr'>Hal.</span> 
     </span>
     <span class='ocr_line' id='line_1_83' title="bbox 145 3635 1230 3683; baseline 0.006 -18"><span class='ocrx_word' id='word_1_559' title='bbox 145 3635 187 3675; x_wconf 76' lang='grc'>(4)</span> <span class='ocrx_word' id='word_1_560' title='bbox 213 3635 326 3675; x_wconf 84' lang='lat' dir='ltr'>certis]</span> <span class='ocrx_word' id='word_1_561' title='bbox 341 3637 450 3668; x_wconf 81' lang='lat' dir='ltr'>tertiis</span> <span class='ocrx_word' id='word_1_562' title='bbox 463 3648 544 3676; x_wconf 84' lang='lat' dir='ltr'>scr.;</span> <span class='ocrx_word' id='word_1_563' title='bbox 557 3639 674 3671; x_wconf 81' lang='lat' dir='ltr'>deinde</span> <span class='ocrx_word' id='word_1_564' title='bbox 687 3647 761 3672; x_wconf 80' lang='lat' dir='ltr'>ante</span> <span class='ocrx_word' id='word_1_565' title='bbox 773 3640 956 3672; x_wconf 85' lang='lat' dir='ltr'>humanum</span> <span class='ocrx_word' id='word_1_566' title='bbox 969 3642 1123 3683; x_wconf 80' lang='lat' dir='ltr'>rescripti</span> <span class='ocrx_word' id='word_1_567' title='bbox 1130 3642 1230 3673; x_wconf 84' lang='lat' dir='ltr'>verba</span> 
     </span>
     <span class='ocr_line' id='line_1_84' title="bbox 142 3680 1232 3725; baseline 0.005 -14"><span class='ocrx_word' id='word_1_568' title='bbox 142 3680 264 3712; x_wconf 79' lang='lat' dir='ltr'>omissa</span> <span class='ocrx_word' id='word_1_569' title='bbox 276 3687 349 3713; x_wconf 82' lang='lat' dir='ltr'>sunt</span> <span class='ocrx_word' id='word_1_570' title='bbox 439 3683 493 3721; x_wconf 47' lang='grc' dir='ltr'><strong>(αι’)</strong></span> <span class='ocrx_word' id='word_1_571' title='bbox 519 3683 555 3715; x_wconf 83' lang='lat' dir='ltr'>id</span> <span class='ocrx_word' id='word_1_572' title='bbox 565 3691 612 3716; x_wconf 81' lang='lat' dir='ltr'>est</span> <span class='ocrx_word' id='word_1_573' title='bbox 623 3686 791 3715; x_wconf 80' lang='lat' dir='ltr'>communi</span> <span class='ocrx_word' id='word_1_574' title='bbox 802 3685 1033 3716; x_wconf 84' lang='lat' dir='ltr'>Thessalorum</span> <span class='ocrx_word' id='word_1_575' title='bbox 1125 3688 1167 3725; x_wconf 88' lang='lat'>(5)</span> <span class='ocrx_word' id='word_1_576' title='bbox 1193 3687 1232 3716; x_wconf 83' lang='lat' dir='ltr'>ut</span> 
     </span>
     <span class='ocr_line' id='line_1_85' title="bbox 143 3726 1231 3769; baseline 0.006 -14"><span class='ocrx_word' id='word_1_577' title='bbox 143 3727 229 3764; x_wconf 74' lang='lat' dir='ltr'>puta</span> <span class='ocrx_word' id='word_1_578' title='bbox 242 3726 303 3758; x_wconf 80' lang='lat' dir='ltr'>ins.</span> <span class='ocrx_word' id='word_1_579' title='bbox 411 3726 454 3767; x_wconf 89' lang='grc'>(6)</span> <span class='ocrx_word' id='word_1_580' title='bbox 480 3729 700 3769; x_wconf 75' lang='grc' dir='ltr'><strong><em>κρινέτωσαν</em></strong></span> <span class='ocrx_word' id='word_1_581' title='bbox 712 3730 774 3761; x_wconf 80' lang='lat' dir='ltr'>del.</span> <span class='ocrx_word' id='word_1_582' title='bbox 790 3729 869 3761; x_wconf 73' lang='lat' dir='ltr'>Hal.</span> <span class='ocrx_word' id='word_1_583' title='bbox 971 3736 1013 3769; x_wconf 72' lang='lat'>(7)</span> <span class='ocrx_word' id='word_1_584' title='bbox 1040 3731 1099 3762; x_wconf 79' lang='grc' dir='ltr'>καὶ</span> <span class='ocrx_word' id='word_1_585' title='bbox 1114 3727 1231 3762; x_wconf 75' lang='grc' dir='ltr'><em>αὐτοῖς</em></span> 
     </span>
    </p>
   </div>
   <div class='ocr_carea' id='block_1_8' title="bbox 2305 94 2394 136">
    <p class='ocr_par' dir='ltr' id='par_1_17' title="bbox 2305 94 2394 136">
     <span class='ocr_line' id='line_1_86' title="bbox 2305 94 2394 136; baseline 0 0"><span class='ocrx_word' id='word_1_586' title='bbox 2305 94 2394 136; x_wconf 90' lang='lat' dir='ltr'>V1</span> 
     </span>
    </p>
   </div>
   <div class='ocr_carea' id='block_1_9' title="bbox 1298 212 2401 3435">
    <p class='ocr_par' dir='ltr' id='par_1_18' title="bbox 1298 212 2400 759">
     <span class='ocr_line' id='line_1_87' title="bbox 1345 212 2397 262; baseline -0.001 -10"><span class='ocrx_word' id='word_1_587' title='bbox 1345 212 1398 252; x_wconf 88' lang='lat'>38</span> <span class='ocrx_word' id='word_1_588' title='bbox 1433 214 1648 251; x_wconf 71' lang='lat' dir='ltr'>Lzezzvszs</span> <span class='ocrx_word' id='word_1_589' title='bbox 1675 215 1857 252; x_wconf 72' lang='lat' dir='ltr'>Rvmws</span> <span class='ocrx_word' id='word_1_590' title='bbox 1887 216 1978 252; x_wconf 83' lang='lat' dir='ltr'>libro</span> <span class='ocrx_word' id='word_1_591' title='bbox 2020 219 2152 262; x_wconf 88' lang='lat' dir='ltr'>quarto</span> <span class='ocrx_word' id='word_1_592' title='bbox 2185 216 2397 262; x_wconf 78' lang='lat' dir='ltr'>reqularum</span> 
     </span>
     <span class='ocr_line' id='line_1_88' title="bbox 1299 260 2398 313; baseline 0.002 -18"><span class='ocrx_word' id='word_1_593' title='bbox 1299 260 1404 305; x_wconf 81' lang='lat' dir='ltr'>Quod</span> <span class='ocrx_word' id='word_1_594' title='bbox 1435 261 1592 306; x_wconf 89' lang='lat' dir='ltr'>legatur,</span> <span class='ocrx_word' id='word_1_595' title='bbox 1628 260 1658 295; x_wconf 87' lang='lat' dir='ltr'>si</span> <span class='ocrx_word' id='word_1_596' title='bbox 1692 261 1835 305; x_wconf 85' lang='lat' dir='ltr'>quidem</span> <span class='ocrx_word' id='word_1_597' title='bbox 1866 272 1931 313; x_wconf 87' lang='lat' dir='ltr'>per</span> <span class='ocrx_word' id='word_1_598' title='bbox 1961 262 2188 307; x_wconf 89' lang='lat' dir='ltr'>personalem</span> <span class='ocrx_word' id='word_1_599' title='bbox 2220 261 2398 297; x_wconf 86' lang='lat' dir='ltr'>actionem</span> 
     </span>
     <span class='ocr_line' id='line_1_89' title="bbox 1299 306 2397 351; baseline 0.001 -11"><span class='ocrx_word' id='word_1_600' title='bbox 1299 307 1478 351; x_wconf 85' lang='lat' dir='ltr'>exigetur,</span> <span class='ocrx_word' id='word_1_601' title='bbox 1503 306 1553 340; x_wconf 92' lang='lat' dir='ltr'>ibi</span> <span class='ocrx_word' id='word_1_602' title='bbox 1578 306 1655 340; x_wconf 87' lang='lat' dir='ltr'>dari</span> <span class='ocrx_word' id='word_1_603' title='bbox 1680 306 1785 340; x_wconf 90' lang='lat' dir='ltr'>debet</span> <span class='ocrx_word' id='word_1_604' title='bbox 1817 307 1879 342; x_wconf 80' lang='lat' dir='ltr'>ubi</span> <span class='ocrx_word' id='word_1_605' title='bbox 1912 310 1984 350; x_wconf 92' lang='lat' dir='ltr'>est,</span> <span class='ocrx_word' id='word_1_606' title='bbox 2020 307 2089 343; x_wconf 87' lang='lat' dir='ltr'>nisi</span> <span class='ocrx_word' id='word_1_607' title='bbox 2121 307 2152 342; x_wconf 90' lang='lat' dir='ltr'>si</span> <span class='ocrx_word' id='word_1_608' title='bbox 2184 307 2266 342; x_wconf 92' lang='lat' dir='ltr'>dolo</span> <span class='ocrx_word' id='word_1_609' title='bbox 2303 307 2397 342; x_wconf 89' lang='lat' dir='ltr'>malo</span> 
     </span>
     <span class='ocr_line' id='line_1_90' title="bbox 1298 351 2400 388; baseline 0 -2"><span class='ocrx_word' id='word_1_610' title='bbox 1298 351 1438 386; x_wconf 89' lang='lat' dir='ltr'>heredis</span> <span class='ocrx_word' id='word_1_611' title='bbox 1463 352 1680 387; x_wconf 85' lang='lat' dir='ltr'>subductum</span> <span class='ocrx_word' id='word_1_612' title='bbox 1704 351 1831 386; x_wconf 86' lang='lat' dir='ltr'>fuerit:</span> <span class='ocrx_word' id='word_1_613' title='bbox 1864 356 1951 387; x_wconf 90' lang='lat' dir='ltr'>tunc</span> <span class='ocrx_word' id='word_1_614' title='bbox 1984 353 2077 387; x_wconf 92' lang='lat' dir='ltr'>enim</span> <span class='ocrx_word' id='word_1_615' title='bbox 2109 352 2160 388; x_wconf 93' lang='lat' dir='ltr'>ibi</span> <span class='ocrx_word' id='word_1_616' title='bbox 2192 352 2268 387; x_wconf 90' lang='lat' dir='ltr'>dari</span> <span class='ocrx_word' id='word_1_617' title='bbox 2293 352 2400 387; x_wconf 86' lang='lat' dir='ltr'>debet</span> 
     </span>
     <span class='ocr_line' id='line_1_91' title="bbox 1298 396 2400 449; baseline -0.001 -17"><span class='ocrx_word' id='word_1_618' title='bbox 1298 397 1361 432; x_wconf 93' lang='lat' dir='ltr'>ubi</span> <span class='ocrx_word' id='word_1_619' title='bbox 1384 396 1528 442; x_wconf 87' lang='lat' dir='ltr'>petitur.</span> <span class='ocrx_word' id='word_1_620' title='bbox 1565 400 1753 441; x_wconf 88' lang='lat' dir='ltr'>praeterea</span> <span class='ocrx_word' id='word_1_621' title='bbox 1777 397 1873 442; x_wconf 91' lang='lat' dir='ltr'>quod</span> <span class='ocrx_word' id='word_1_622' title='bbox 1896 398 2055 449; x_wconf 82' lang='lat' dir='ltr'>pondere</span> <span class='ocrx_word' id='word_1_623' title='bbox 2080 402 2142 433; x_wconf 90' lang='lat' dir='ltr'>aut</span> <span class='ocrx_word' id='word_1_624' title='bbox 2165 408 2312 433; x_wconf 91' lang='lat' dir='ltr'>numero</span> <span class='ocrx_word' id='word_1_625' title='bbox 2336 401 2400 432; x_wconf 88' lang='lat' dir='ltr'>aut</span> 
     </span>
     <span class='ocr_line' id='line_1_92' title="bbox 1298 441 2400 489; baseline 0.002 -13"><span class='ocrx_word' id='word_1_626' title='bbox 1298 453 1468 477; x_wconf 90' lang='lat' dir='ltr'>mensura</span> <span class='ocrx_word' id='word_1_627' title='bbox 1498 442 1720 484; x_wconf 87' lang='lat' dir='ltr'>continetur,</span> <span class='ocrx_word' id='word_1_628' title='bbox 1753 442 1803 477; x_wconf 94' lang='lat' dir='ltr'>ibi</span> <span class='ocrx_word' id='word_1_629' title='bbox 1828 441 1906 477; x_wconf 86' lang='lat' dir='ltr'>dan</span> <span class='ocrx_word' id='word_1_630' title='bbox 1928 442 2036 478; x_wconf 90' lang='lat' dir='ltr'>debet</span> <span class='ocrx_word' id='word_1_631' title='bbox 2059 444 2122 478; x_wconf 92' lang='lat' dir='ltr'>ubi</span> <span class='ocrx_word' id='word_1_632' title='bbox 2145 444 2298 489; x_wconf 89' lang='lat' dir='ltr'>petitur,</span> <span class='ocrx_word' id='word_1_633' title='bbox 2331 443 2400 478; x_wconf 90' lang='lat' dir='ltr'>nisi</span> 
     </span>
     <span class='ocr_line' id='line_1_93' title="bbox 1298 486 2400 524; baseline 0.001 -2"><span class='ocrx_word' id='word_1_634' title='bbox 1298 488 1328 523; x_wconf 94' lang='lat' dir='ltr'>si</span> <span class='ocrx_word' id='word_1_635' title='bbox 1353 487 1532 523; x_wconf 88' lang='lat' dir='ltr'>adiectum</span> <span class='ocrx_word' id='word_1_636' title='bbox 1555 486 1665 522; x_wconf 86' lang='lat' dir='ltr'>fuerit</span> <span class='ocrx_word' id='word_1_637' title='bbox 1689 490 1845 522; x_wconf 86' lang='lat' dir='ltr'>‘centum</span> <span class='ocrx_word' id='word_1_638' title='bbox 1865 487 2001 523; x_wconf 91' lang='lat' dir='ltr'>modios</span> <span class='ocrx_word' id='word_1_639' title='bbox 2023 499 2067 523; x_wconf 88' lang='lat' dir='ltr'>ex</span> <span class='ocrx_word' id='word_1_640' title='bbox 2085 489 2145 524; x_wconf 91' lang='lat' dir='ltr'>illo</span> <span class='ocrx_word' id='word_1_641' title='bbox 2169 489 2310 524; x_wconf 89' lang='lat' dir='ltr'>horreo&#39;</span> <span class='ocrx_word' id='word_1_642' title='bbox 2335 492 2400 523; x_wconf 90' lang='lat' dir='ltr'>aut</span> 
     </span>
     <span class='ocr_line' id='line_1_94' title="bbox 1300 532 2399 578; baseline 0.002 -11"><span class='ocrx_word' id='word_1_643' title='bbox 1300 532 1383 568; x_wconf 87' lang='lat' dir='ltr'>‘vini</span> <span class='ocrx_word' id='word_1_644' title='bbox 1406 534 1599 578; x_wconf 88' lang='lat' dir='ltr'>amphoras</span> <span class='ocrx_word' id='word_1_645' title='bbox 1625 543 1669 567; x_wconf 90' lang='lat' dir='ltr'>ex</span> <span class='ocrx_word' id='word_1_646' title='bbox 1692 532 1751 567; x_wconf 90' lang='lat' dir='ltr'>illo</span> <span class='ocrx_word' id='word_1_647' title='bbox 1785 533 1904 569; x_wconf 90' lang='lat' dir='ltr'>dolio&#39;.</span> <span class='ocrx_word' id='word_1_648' title='bbox 1943 533 1974 568; x_wconf 93' lang='lat' dir='ltr'>si</span> <span class='ocrx_word' id='word_1_649' title='bbox 2007 538 2127 568; x_wconf 92' lang='lat' dir='ltr'>autem</span> <span class='ocrx_word' id='word_1_650' title='bbox 2158 546 2223 578; x_wconf 87' lang='lat' dir='ltr'>per</span> <span class='ocrx_word' id='word_1_651' title='bbox 2255 534 2293 568; x_wconf 91' lang='lat' dir='ltr'>in</span> <span class='ocrx_word' id='word_1_652' title='bbox 2324 544 2399 569; x_wconf 90' lang='lat' dir='ltr'>rem</span> 
     </span>
     <span class='ocr_line' id='line_1_95' title="bbox 1299 578 2399 624; baseline 0.001 -11"><span class='ocrx_word' id='word_1_653' title='bbox 1299 578 1478 614; x_wconf 88' lang='lat' dir='ltr'>actionem</span> <span class='ocrx_word' id='word_1_654' title='bbox 1501 578 1658 623; x_wconf 86' lang='lat' dir='ltr'>legatum</span> <span class='ocrx_word' id='word_1_655' title='bbox 1682 582 1845 622; x_wconf 86' lang='lat' dir='ltr'>petetur,</span> <span class='ocrx_word' id='word_1_656' title='bbox 1881 578 1987 613; x_wconf 92' lang='lat' dir='ltr'>etiam</span> <span class='ocrx_word' id='word_1_657' title='bbox 2020 579 2070 613; x_wconf 92' lang='lat' dir='ltr'>ibi</span> <span class='ocrx_word' id='word_1_658' title='bbox 2101 581 2174 624; x_wconf 84' lang='lat' dir='ltr'>peti</span> <span class='ocrx_word' id='word_1_659' title='bbox 2208 580 2313 614; x_wconf 91' lang='lat' dir='ltr'>debet</span> <span class='ocrx_word' id='word_1_660' title='bbox 2336 579 2399 614; x_wconf 92' lang='lat' dir='ltr'>ubi</span> 
     </span>
     <span class='ocr_line' id='line_1_96' title="bbox 1298 623 2399 670; baseline 0 -11"><span class='ocrx_word' id='word_1_661' title='bbox 1298 634 1355 659; x_wconf 90' lang='lat' dir='ltr'>res</span> <span class='ocrx_word' id='word_1_662' title='bbox 1381 627 1445 659; x_wconf 90' lang='lat' dir='ltr'>est.</span> <span class='ocrx_word' id='word_1_663' title='bbox 1484 628 1519 658; x_wconf 91' lang='lat' dir='ltr'>et</span> <span class='ocrx_word' id='word_1_664' title='bbox 1543 624 1574 658; x_wconf 91' lang='lat' dir='ltr'>si</span> <span class='ocrx_word' id='word_1_665' title='bbox 1597 623 1738 658; x_wconf 92' lang='lat' dir='ltr'>mobilis</span> <span class='ocrx_word' id='word_1_666' title='bbox 1764 624 1811 659; x_wconf 88' lang='lat' dir='ltr'>sit</span> <span class='ocrx_word' id='word_1_667' title='bbox 1834 634 1902 666; x_wconf 89' lang='lat' dir='ltr'>res,</span> <span class='ocrx_word' id='word_1_668' title='bbox 1928 623 1975 658; x_wconf 90' lang='lat' dir='ltr'>ad</span> <span class='ocrx_word' id='word_1_669' title='bbox 1995 624 2234 659; x_wconf 87' lang='lat' dir='ltr'>exhibendum</span> <span class='ocrx_word' id='word_1_670' title='bbox 2247 625 2304 670; x_wconf 89' lang='lat' dir='ltr'>agi</span> <span class='ocrx_word' id='word_1_671' title='bbox 2317 636 2399 660; x_wconf 92' lang='lat' dir='ltr'>cum</span> 
     </span>
     <span class='ocr_line' id='line_1_97' title="bbox 1298 668 2399 714; baseline 0.001 -10"><span class='ocrx_word' id='word_1_672' title='bbox 1298 668 1429 705; x_wconf 88' lang='lat' dir='ltr'>herede</span> <span class='ocrx_word' id='word_1_673' title='bbox 1452 669 1605 714; x_wconf 86' lang='lat' dir='ltr'>poterit,</span> <span class='ocrx_word' id='word_1_674' title='bbox 1638 672 1679 703; x_wconf 93' lang='lat' dir='ltr'>ut</span> <span class='ocrx_word' id='word_1_675' title='bbox 1703 669 1872 704; x_wconf 89' lang='lat' dir='ltr'>exhibeat</span> <span class='ocrx_word' id='word_1_676' title='bbox 1894 680 1989 704; x_wconf 92' lang='lat' dir='ltr'>rem:</span> <span class='ocrx_word' id='word_1_677' title='bbox 2025 669 2076 704; x_wconf 90' lang='lat' dir='ltr'>sic</span> <span class='ocrx_word' id='word_1_678' title='bbox 2110 670 2203 704; x_wconf 91' lang='lat' dir='ltr'>enim</span> <span class='ocrx_word' id='word_1_679' title='bbox 2226 669 2399 705; x_wconf 88' lang='lat' dir='ltr'>vindicari</span> 
     </span>
     <span class='ocr_line' id='line_1_98' title="bbox 1300 714 1688 759; baseline -0.003 -9"><span class='ocrx_word' id='word_1_680' title='bbox 1300 725 1321 750; x_wconf 93' lang='lat' dir='ltr'>a</span> <span class='ocrx_word' id='word_1_681' title='bbox 1346 715 1380 750; x_wconf 92' lang='lat' dir='ltr'>le</span> <span class='ocrx_word' id='word_1_682' title='bbox 1405 715 1519 750; x_wconf 89' lang='lat' dir='ltr'>atario</span> <span class='ocrx_word' id='word_1_683' title='bbox 1545 714 1688 759; x_wconf 88' lang='lat' dir='ltr'>poterit.</span> 
     </span>
    </p>

    <p class='ocr_par' dir='ltr' id='par_1_19' title="bbox 1298 725 2400 1123">
     <span class='ocr_line' id='line_1_99' title="bbox 1345 725 2398 805; baseline 0.001 -11"><span class='ocrx_word' id='word_1_684' title='bbox 1345 725 1403 798; x_wconf 57' lang='lat'>35</span> <span class='ocrx_word' id='word_1_685' title='bbox 1424 759 1673 795; x_wconf 76' lang='lat' dir='ltr'><em>PAPINJANUS</em></span> <span class='ocrx_word' id='word_1_686' title='bbox 1694 759 1785 795; x_wconf 86' lang='lat' dir='ltr'>libro</span> <span class='ocrx_word' id='word_1_687' title='bbox 1811 760 1917 794; x_wconf 82' lang='lat' dir='ltr'>tertio</span> <span class='ocrx_word' id='word_1_688' title='bbox 1943 760 2195 805; x_wconf 75' lang='lat' dir='ltr'>quaestionum</span> <span class='ocrx_word' id='word_1_689' title='bbox 2233 759 2321 795; x_wconf 89' lang='lat' dir='ltr'>Cum</span> <span class='ocrx_word' id='word_1_690' title='bbox 2340 759 2398 795; x_wconf 86' lang='lat' dir='ltr'>fu-</span> 
     </span>
     <span class='ocr_line' id='line_1_100' title="bbox 1298 805 2398 849; baseline -0.001 -8"><span class='ocrx_word' id='word_1_691' title='bbox 1298 806 1415 841; x_wconf 89' lang='lat' dir='ltr'>riosus</span> <span class='ocrx_word' id='word_1_692' title='bbox 1438 805 1547 840; x_wconf 90' lang='lat' dir='ltr'>iudex</span> <span class='ocrx_word' id='word_1_693' title='bbox 1571 805 1760 847; x_wconf 89' lang='lat' dir='ltr'>addicitur,</span> <span class='ocrx_word' id='word_1_694' title='bbox 1786 816 1858 839; x_wconf 91' lang='lat' dir='ltr'>non</span> <span class='ocrx_word' id='word_1_695' title='bbox 1883 805 1962 840; x_wconf 92' lang='lat' dir='ltr'>ideo</span> <span class='ocrx_word' id='word_1_696' title='bbox 1987 805 2104 840; x_wconf 88' lang='lat' dir='ltr'>minus</span> <span class='ocrx_word' id='word_1_697' title='bbox 2128 805 2298 840; x_wconf 87' lang='lat' dir='ltr'>iudicium</span> <span class='ocrx_word' id='word_1_698' title='bbox 2321 807 2398 849; x_wconf 88' lang='lat' dir='ltr'>erit,</span> 
     </span>
     <span class='ocr_line' id='line_1_101' title="bbox 1299 850 2399 896; baseline 0 -10"><span class='ocrx_word' id='word_1_699' title='bbox 1299 851 1396 896; x_wconf 91' lang='lat' dir='ltr'>quod</span> <span class='ocrx_word' id='word_1_700' title='bbox 1430 851 1537 886; x_wconf 90' lang='lat' dir='ltr'>hodie</span> <span class='ocrx_word' id='word_1_701' title='bbox 1574 861 1648 886; x_wconf 88' lang='lat' dir='ltr'>non</span> <span class='ocrx_word' id='word_1_702' title='bbox 1682 855 1803 895; x_wconf 87' lang='lat' dir='ltr'>potest</span> <span class='ocrx_word' id='word_1_703' title='bbox 1837 850 2016 885; x_wconf 85' lang='lat' dir='ltr'>iudicare:</span> <span class='ocrx_word' id='word_1_704' title='bbox 2064 854 2104 885; x_wconf 91' lang='lat' dir='ltr'>ut</span> <span class='ocrx_word' id='word_1_705' title='bbox 2140 851 2278 886; x_wconf 89' lang='lat' dir='ltr'>scilicet</span> <span class='ocrx_word' id='word_1_706' title='bbox 2312 861 2399 886; x_wconf 86' lang='lat' dir='ltr'>suae</span> 
     </span>
     <span class='ocr_line' id='line_1_102' title="bbox 1298 895 2395 941; baseline -0.001 -9"><span class='ocrx_word' id='word_1_707' title='bbox 1298 897 1427 932; x_wconf 87' lang='lat' dir='ltr'>mentis</span> <span class='ocrx_word' id='word_1_708' title='bbox 1453 896 1600 931; x_wconf 90' lang='lat' dir='ltr'>effectus</span> <span class='ocrx_word' id='word_1_709' title='bbox 1635 895 1732 941; x_wconf 89' lang='lat' dir='ltr'>quod</span> <span class='ocrx_word' id='word_1_710' title='bbox 1764 896 1963 931; x_wconf 88' lang='lat' dir='ltr'>sententiae</span> <span class='ocrx_word' id='word_1_711' title='bbox 1998 896 2145 937; x_wconf 87' lang='lat' dir='ltr'>dixerit,</span> <span class='ocrx_word' id='word_1_712' title='bbox 2180 900 2299 931; x_wconf 90' lang='lat' dir='ltr'>ratum</span> <span class='ocrx_word' id='word_1_713' title='bbox 2332 897 2395 931; x_wconf 88' lang='lat' dir='ltr'>sit:</span> 
     </span>
     <span class='ocr_line' id='line_1_103' title="bbox 1299 941 2398 988; baseline -0.001 -11"><span class='ocrx_word' id='word_1_714' title='bbox 1299 953 1415 988; x_wconf 91' lang='lat' dir='ltr'>neque</span> <span class='ocrx_word' id='word_1_715' title='bbox 1446 942 1540 976; x_wconf 92' lang='lat' dir='ltr'>enim</span> <span class='ocrx_word' id='word_1_716' title='bbox 1570 942 1608 976; x_wconf 89' lang='lat' dir='ltr'>in</span> <span class='ocrx_word' id='word_1_717' title='bbox 1639 941 1838 976; x_wconf 89' lang='lat' dir='ltr'>addicendo</span> <span class='ocrx_word' id='word_1_718' title='bbox 1863 942 2067 986; x_wconf 84' lang='lat' dir='ltr'>praesentia</span> <span class='ocrx_word' id='word_1_719' title='bbox 2090 941 2146 976; x_wconf 90' lang='lat' dir='ltr'>vel</span> <span class='ocrx_word' id='word_1_720' title='bbox 2171 942 2321 977; x_wconf 88' lang='lat' dir='ltr'>scientia</span> <span class='ocrx_word' id='word_1_721' title='bbox 2344 942 2398 976; x_wconf 93' lang='lat' dir='ltr'>iu-</span> 
     </span>
     <span class='ocr_line' id='line_1_104' title="bbox 1302 986 2400 1031; baseline 0 -9"><span class='ocrx_word' id='word_1_722' title='bbox 1302 991 1316 1022; x_wconf 91' lang='lat'>1</span> <span class='ocrx_word' id='word_1_723' title='bbox 1368 987 1455 1023; x_wconf 90' lang='lat' dir='ltr'>dicis</span> <span class='ocrx_word' id='word_1_724' title='bbox 1480 987 1685 1022; x_wconf 88' lang='lat' dir='ltr'>necessaria</span> <span class='ocrx_word' id='word_1_725' title='bbox 1709 991 1773 1022; x_wconf 90' lang='lat' dir='ltr'>est.</span> <span class='ocrx_word' id='word_1_726' title='bbox 1812 986 1879 1031; x_wconf 78' lang='lat' dir='ltr'>Qui</span> <span class='ocrx_word' id='word_1_727' title='bbox 1902 987 2089 1031; x_wconf 89' lang='lat' dir='ltr'>legationis</span> <span class='ocrx_word' id='word_1_728' title='bbox 2115 997 2226 1022; x_wconf 89' lang='lat' dir='ltr'>causa</span> <span class='ocrx_word' id='word_1_729' title='bbox 2247 986 2400 1022; x_wconf 87' lang='lat' dir='ltr'>Romam</span> 
     </span>
     <span class='ocr_line' id='line_1_105' title="bbox 1298 1032 2399 1078; baseline -0.001 -10"><span class='ocrx_word' id='word_1_730' title='bbox 1298 1033 1413 1076; x_wconf 85' lang='lat' dir='ltr'>venit,</span> <span class='ocrx_word' id='word_1_731' title='bbox 1446 1043 1490 1068; x_wconf 91' lang='lat' dir='ltr'>ex</span> <span class='ocrx_word' id='word_1_732' title='bbox 1514 1033 1673 1078; x_wconf 88' lang='lat' dir='ltr'>qualibet</span> <span class='ocrx_word' id='word_1_733' title='bbox 1697 1042 1808 1067; x_wconf 88' lang='lat' dir='ltr'>causa</span> <span class='ocrx_word' id='word_1_734' title='bbox 1831 1032 2026 1067; x_wconf 85' lang='lat' dir='ltr'>fideiubere</span> <span class='ocrx_word' id='word_1_735' title='bbox 2050 1036 2188 1077; x_wconf 89' lang='lat' dir='ltr'>potest,</span> <span class='ocrx_word' id='word_1_736' title='bbox 2222 1043 2303 1067; x_wconf 90' lang='lat' dir='ltr'>cum</span> <span class='ocrx_word' id='word_1_737' title='bbox 2326 1033 2399 1077; x_wconf 89' lang='lat' dir='ltr'>pri-</span> 
     </span>
     <span class='ocr_line' id='line_1_106' title="bbox 1298 1077 2398 1123; baseline -0.001 -9"><span class='ocrx_word' id='word_1_738' title='bbox 1298 1078 1423 1123; x_wconf 85' lang='lat' dir='ltr'>vilegio</span> <span class='ocrx_word' id='word_1_739' title='bbox 1445 1089 1523 1120; x_wconf 92' lang='lat' dir='ltr'>suo,</span> <span class='ocrx_word' id='word_1_740' title='bbox 1545 1089 1626 1113; x_wconf 91' lang='lat' dir='ltr'>cum</span> <span class='ocrx_word' id='word_1_741' title='bbox 1640 1078 1735 1113; x_wconf 89' lang='lat' dir='ltr'>sitin</span> <span class='ocrx_word' id='word_1_742' title='bbox 1746 1077 1850 1112; x_wconf 89' lang='lat' dir='ltr'>Italia</span> <span class='ocrx_word' id='word_1_743' title='bbox 1864 1081 2100 1121; x_wconf 87' lang='lat' dir='ltr'>contractum,</span> <span class='ocrx_word' id='word_1_744' title='bbox 2113 1078 2166 1112; x_wconf 92' lang='lat' dir='ltr'>uti</span> <span class='ocrx_word' id='word_1_745' title='bbox 2179 1089 2252 1113; x_wconf 89' lang='lat' dir='ltr'>non</span> <span class='ocrx_word' id='word_1_746' title='bbox 2267 1081 2398 1123; x_wconf 87' lang='lat' dir='ltr'>potest.</span> 
     </span>
    </p>

    <p class='ocr_par' dir='ltr' id='par_1_20' title="bbox 1298 1122 2401 1305">
     <span class='ocr_line' id='line_1_107' title="bbox 1345 1122 2401 1169; baseline -0.001 -10"><span class='ocrx_word' id='word_1_747' title='bbox 1345 1123 1399 1162; x_wconf 88' lang='lat'>40</span> <span class='ocrx_word' id='word_1_748' title='bbox 1424 1123 1535 1160; x_wconf 77' lang='lat' dir='ltr'><em>IDEM</em></span> <span class='ocrx_word' id='word_1_749' title='bbox 1554 1123 1644 1159; x_wconf 82' lang='lat' dir='ltr'>libro</span> <span class='ocrx_word' id='word_1_750' title='bbox 1671 1128 1802 1168; x_wconf 79' lang='lat' dir='ltr'>quarto</span> <span class='ocrx_word' id='word_1_751' title='bbox 1827 1124 2079 1169; x_wconf 76' lang='lat' dir='ltr'>quaestionum</span> <span class='ocrx_word' id='word_1_752' title='bbox 2125 1122 2209 1159; x_wconf 89' lang='lat' dir='ltr'>Non</span> <span class='ocrx_word' id='word_1_753' title='bbox 2228 1123 2401 1168; x_wconf 88' lang='lat' dir='ltr'>quidquid</span> 
     </span>
     <span class='ocr_line' id='line_1_108' title="bbox 1298 1168 2397 1215; baseline -0.001 -10"><span class='ocrx_word' id='word_1_754' title='bbox 1298 1169 1425 1205; x_wconf 85' lang='lat' dir='ltr'>iudicis</span> <span class='ocrx_word' id='word_1_755' title='bbox 1449 1169 1621 1215; x_wconf 88' lang='lat' dir='ltr'>potestati</span> <span class='ocrx_word' id='word_1_756' title='bbox 1645 1168 1872 1213; x_wconf 87' lang='lat' dir='ltr'>permittitur,</span> <span class='ocrx_word' id='word_1_757' title='bbox 1897 1168 1935 1203; x_wconf 94' lang='lat' dir='ltr'>id</span> <span class='ocrx_word' id='word_1_758' title='bbox 1959 1168 2137 1204; x_wconf 90' lang='lat' dir='ltr'>subicitur</span> <span class='ocrx_word' id='word_1_759' title='bbox 2160 1169 2249 1204; x_wconf 87' lang='lat' dir='ltr'>iuris</span> <span class='ocrx_word' id='word_1_760' title='bbox 2274 1179 2397 1204; x_wconf 90' lang='lat' dir='ltr'>neces-</span> 
     </span>
     <span class='ocr_line' id='line_1_109' title="bbox 1303 1214 2398 1260; baseline -0.001 -10"><span class='ocrx_word' id='word_1_761' title='bbox 1303 1219 1316 1249; x_wconf 93' lang='lat'>1</span> <span class='ocrx_word' id='word_1_762' title='bbox 1369 1215 1478 1250; x_wconf 81' lang='lat' dir='ltr'>sitati.</span> <span class='ocrx_word' id='word_1_763' title='bbox 1526 1214 1641 1249; x_wconf 91' lang='lat' dir='ltr'>Iudex</span> <span class='ocrx_word' id='word_1_764' title='bbox 1665 1214 1695 1249; x_wconf 87' lang='lat' dir='ltr'>si</span> <span class='ocrx_word' id='word_1_765' title='bbox 1726 1214 1812 1259; x_wconf 91' lang='lat' dir='ltr'>quid</span> <span class='ocrx_word' id='word_1_766' title='bbox 1843 1214 2015 1249; x_wconf 89' lang='lat' dir='ltr'>adversus</span> <span class='ocrx_word' id='word_1_767' title='bbox 2048 1214 2135 1260; x_wconf 88' lang='lat' dir='ltr'>legis</span> <span class='ocrx_word' id='word_1_768' title='bbox 2166 1218 2398 1259; x_wconf 87' lang='lat' dir='ltr'>praeceptum</span> 
     </span>
     <span class='ocr_line' id='line_1_110' title="bbox 1299 1259 2398 1305; baseline -0.002 -9"><span class='ocrx_word' id='word_1_769' title='bbox 1299 1261 1336 1296; x_wconf 90' lang='lat' dir='ltr'>in</span> <span class='ocrx_word' id='word_1_770' title='bbox 1358 1259 1549 1296; x_wconf 89' lang='lat' dir='ltr'>iudicando</span> <span class='ocrx_word' id='word_1_771' title='bbox 1575 1260 1657 1295; x_wconf 91' lang='lat' dir='ltr'>dolo</span> <span class='ocrx_word' id='word_1_772' title='bbox 1677 1260 1771 1295; x_wconf 92' lang='lat' dir='ltr'>malo</span> <span class='ocrx_word' id='word_1_773' title='bbox 1791 1259 2082 1304; x_wconf 88' lang='lat' dir='ltr'>praetermiserit,</span> <span class='ocrx_word' id='word_1_774' title='bbox 2106 1259 2219 1305; x_wconf 87' lang='lat' dir='ltr'>legem</span> <span class='ocrx_word' id='word_1_775' title='bbox 2240 1259 2398 1295; x_wconf 90' lang='lat' dir='ltr'>offendit.</span> 
     </span>
    </p>

    <p class='ocr_par' dir='ltr' id='par_1_21' title="bbox 1299 1305 2401 1484">
     <span class='ocr_line' id='line_1_111' title="bbox 1345 1305 2399 1351; baseline -0.002 -9"><span class='ocrx_word' id='word_1_776' title='bbox 1345 1305 1395 1343; x_wconf 88' lang='grc'>41</span> <span class='ocrx_word' id='word_1_777' title='bbox 1423 1305 1533 1341; x_wconf 73' lang='lat' dir='ltr'><em>IDEM</em></span> <span class='ocrx_word' id='word_1_778' title='bbox 1551 1305 1642 1341; x_wconf 81' lang='lat' dir='ltr'>libro</span> <span class='ocrx_word' id='word_1_779' title='bbox 1667 1305 1856 1340; x_wconf 80' lang='lat' dir='ltr'>undecimo</span> <span class='ocrx_word' id='word_1_780' title='bbox 1880 1306 2133 1351; x_wconf 75' lang='lat' dir='ltr'>quaestionum</span> <span class='ocrx_word' id='word_1_781' title='bbox 2169 1306 2213 1340; x_wconf 92' lang='lat' dir='ltr'>In</span> <span class='ocrx_word' id='word_1_782' title='bbox 2233 1305 2399 1340; x_wconf 91' lang='lat' dir='ltr'>omnibus</span> 
     </span>
     <span class='ocr_line' id='line_1_112' title="bbox 1299 1350 2401 1396; baseline -0.001 -9"><span class='ocrx_word' id='word_1_783' title='bbox 1299 1352 1417 1387; x_wconf 92' lang='lat' dir='ltr'>bonae</span> <span class='ocrx_word' id='word_1_784' title='bbox 1451 1350 1535 1386; x_wconf 87' lang='lat' dir='ltr'>fidei</span> <span class='ocrx_word' id='word_1_785' title='bbox 1565 1350 1712 1393; x_wconf 91' lang='lat' dir='ltr'>iudicis,</span> <span class='ocrx_word' id='word_1_786' title='bbox 1746 1362 1829 1386; x_wconf 92' lang='lat' dir='ltr'>cum</span> <span class='ocrx_word' id='word_1_787' title='bbox 1860 1350 2020 1385; x_wconf 91' lang='lat' dir='ltr'>nondum</span> <span class='ocrx_word' id='word_1_788' title='bbox 2052 1350 2128 1386; x_wconf 90' lang='lat' dir='ltr'>dies</span> <span class='ocrx_word' id='word_1_789' title='bbox 2159 1350 2401 1396; x_wconf 88' lang='lat' dir='ltr'>praestandae</span> 
     </span>
     <span class='ocr_line' id='line_1_113' title="bbox 1299 1396 2399 1443; baseline -0.001 -11"><span class='ocrx_word' id='word_1_790' title='bbox 1299 1397 1474 1443; x_wconf 88' lang='lat' dir='ltr'>pecuniae</span> <span class='ocrx_word' id='word_1_791' title='bbox 1492 1396 1608 1439; x_wconf 82' lang='lat' dir='ltr'>venit,</span> <span class='ocrx_word' id='word_1_792' title='bbox 1630 1396 1660 1431; x_wconf 92' lang='lat' dir='ltr'>si</span> <span class='ocrx_word' id='word_1_793' title='bbox 1680 1399 1764 1441; x_wconf 87' lang='lat' dir='ltr'>agat</span> <span class='ocrx_word' id='word_1_794' title='bbox 1785 1396 1913 1441; x_wconf 88' lang='lat' dir='ltr'>aliquis</span> <span class='ocrx_word' id='word_1_795' title='bbox 1927 1396 1973 1431; x_wconf 91' lang='lat' dir='ltr'>ad</span> <span class='ocrx_word' id='word_1_796' title='bbox 1995 1396 2293 1441; x_wconf 88' lang='lat' dir='ltr'>interponendam</span> <span class='ocrx_word' id='word_1_797' title='bbox 2314 1406 2399 1431; x_wconf 90' lang='lat' dir='ltr'>cau-</span> 
     </span>
     <span class='ocr_line' id='line_1_114' title="bbox 1300 1441 2123 1484; baseline -0.001 -7"><span class='ocrx_word' id='word_1_798' title='bbox 1300 1443 1443 1484; x_wconf 82' lang='lat' dir='ltr'>tionem,</span> <span class='ocrx_word' id='word_1_799' title='bbox 1470 1453 1514 1477; x_wconf 85' lang='lat' dir='ltr'>ex</span> <span class='ocrx_word' id='word_1_800' title='bbox 1536 1442 1634 1476; x_wconf 90' lang='lat' dir='ltr'>iusta</span> <span class='ocrx_word' id='word_1_801' title='bbox 1659 1452 1770 1477; x_wconf 90' lang='lat' dir='ltr'>eausa</span> <span class='ocrx_word' id='word_1_802' title='bbox 1794 1441 2045 1477; x_wconf 87' lang='lat' dir='ltr'>condemnatio</span> <span class='ocrx_word' id='word_1_803' title='bbox 2071 1441 2123 1476; x_wconf 91' lang='lat' dir='ltr'>fit.</span> 
     </span>
    </p>

    <p class='ocr_par' dir='ltr' id='par_1_22' title="bbox 1300 1486 2401 1623">
     <span class='ocr_line' id='line_1_115' title="bbox 1345 1486 2401 1533; baseline -0.004 -8"><span class='ocrx_word' id='word_1_804' title='bbox 1345 1486 1400 1525; x_wconf 83' lang='lat'>42</span> <span class='ocrx_word' id='word_1_805' title='bbox 1424 1488 1533 1523; x_wconf 76' lang='lat' dir='ltr'><em>IDEM</em></span> <span class='ocrx_word' id='word_1_806' title='bbox 1559 1487 1651 1523; x_wconf 84' lang='lat' dir='ltr'>libro</span> <span class='ocrx_word' id='word_1_807' title='bbox 1684 1488 1874 1523; x_wconf 83' lang='lat' dir='ltr'>vicensimo</span> <span class='ocrx_word' id='word_1_808' title='bbox 1906 1490 2038 1532; x_wconf 89' lang='lat' dir='ltr'>quarto</span> <span class='ocrx_word' id='word_1_809' title='bbox 2063 1487 2315 1533; x_wconf 80' lang='lat' dir='ltr'>quaestionum</span> <span class='ocrx_word' id='word_1_810' title='bbox 2362 1486 2401 1522; x_wconf 89' lang='lat' dir='ltr'>Si</span> 
     </span>
     <span class='ocr_line' id='line_1_116' title="bbox 1301 1531 2399 1577; baseline -0.003 -8"><span class='ocrx_word' id='word_1_811' title='bbox 1301 1545 1391 1569; x_wconf 85' lang='lat' dir='ltr'>uxor</span> <span class='ocrx_word' id='word_1_812' title='bbox 1414 1544 1436 1568; x_wconf 93' lang='lat' dir='ltr'>a</span> <span class='ocrx_word' id='word_1_813' title='bbox 1459 1534 1576 1577; x_wconf 89' lang='lat' dir='ltr'>legato</span> <span class='ocrx_word' id='word_1_814' title='bbox 1602 1532 1740 1567; x_wconf 89' lang='lat' dir='ltr'>Romae</span> <span class='ocrx_word' id='word_1_815' title='bbox 1765 1532 1963 1575; x_wconf 88' lang='lat' dir='ltr'>diverterit,</span> <span class='ocrx_word' id='word_1_816' title='bbox 1991 1532 2083 1568; x_wconf 91' lang='lat' dir='ltr'>dotis</span> <span class='ocrx_word' id='word_1_817' title='bbox 2108 1532 2251 1568; x_wconf 89' lang='lat' dir='ltr'>nomine</span> <span class='ocrx_word' id='word_1_818' title='bbox 2275 1531 2399 1567; x_wconf 85' lang='lat' dir='ltr'>defen-</span> 
     </span>
     <span class='ocr_line' id='line_1_117' title="bbox 1300 1578 2079 1623; baseline -0.001 -9"><span class='ocrx_word' id='word_1_819' title='bbox 1300 1579 1455 1614; x_wconf 89' lang='lat' dir='ltr'>dendum</span> <span class='ocrx_word' id='word_1_820' title='bbox 1478 1578 1616 1613; x_wconf 87' lang='lat' dir='ltr'>Romae</span> <span class='ocrx_word' id='word_1_821' title='bbox 1638 1578 1752 1613; x_wconf 90' lang='lat' dir='ltr'>virum</span> <span class='ocrx_word' id='word_1_822' title='bbox 1775 1588 1989 1623; x_wconf 86' lang='lat' dir='ltr'>responsum</span> <span class='ocrx_word' id='word_1_823' title='bbox 2013 1581 2079 1613; x_wconf 88' lang='lat' dir='ltr'>est.</span> 
     </span>
    </p>

    <p class='ocr_par' dir='ltr' id='par_1_23' title="bbox 1299 1622 2399 1797">
     <span class='ocr_line' id='line_1_118' title="bbox 1345 1622 2399 1670; baseline -0.005 -8"><span class='ocrx_word' id='word_1_824' title='bbox 1345 1622 1398 1662; x_wconf 86' lang='lat'>43</span> <span class='ocrx_word' id='word_1_825' title='bbox 1423 1624 1533 1660; x_wconf 77' lang='lat' dir='ltr'><em>IDEM</em></span> <span class='ocrx_word' id='word_1_826' title='bbox 1540 1623 1632 1659; x_wconf 83' lang='lat' dir='ltr'>libro</span> <span class='ocrx_word' id='word_1_827' title='bbox 1645 1624 1838 1659; x_wconf 86' lang='lat' dir='ltr'>vicensimo</span> <span class='ocrx_word' id='word_1_828' title='bbox 1850 1624 2002 1670; x_wconf 84' lang='lat' dir='ltr'>septimo</span> <span class='ocrx_word' id='word_1_829' title='bbox 2016 1624 2268 1669; x_wconf 80' lang='lat' dir='ltr'>quaestionum</span> <span class='ocrx_word' id='word_1_830' title='bbox 2292 1622 2399 1665; x_wconf 90' lang='lat' dir='ltr'>Eum,</span> 
     </span>
     <span class='ocr_line' id='line_1_119' title="bbox 1299 1668 2398 1715; baseline -0.002 -10"><span class='ocrx_word' id='word_1_831' title='bbox 1299 1671 1359 1715; x_wconf 91' lang='lat' dir='ltr'>qui</span> <span class='ocrx_word' id='word_1_832' title='bbox 1377 1670 1531 1705; x_wconf 89' lang='lat' dir='ltr'>insulam</span> <span class='ocrx_word' id='word_1_833' title='bbox 1552 1668 1699 1713; x_wconf 85' lang='lat' dir='ltr'>Capuae</span> <span class='ocrx_word' id='word_1_834' title='bbox 1718 1668 1796 1704; x_wconf 90' lang='lat' dir='ltr'>fieri</span> <span class='ocrx_word' id='word_1_835' title='bbox 1815 1673 1914 1704; x_wconf 87' lang='lat' dir='ltr'>certo</span> <span class='ocrx_word' id='word_1_836' title='bbox 1937 1672 2099 1714; x_wconf 89' lang='lat' dir='ltr'>tempore</span> <span class='ocrx_word' id='word_1_837' title='bbox 2120 1668 2312 1713; x_wconf 84' lang='lat' dir='ltr'>stipulatus</span> <span class='ocrx_word' id='word_1_838' title='bbox 2333 1672 2398 1711; x_wconf 89' lang='lat' dir='ltr'>est,</span> 
     </span>
     <span class='ocr_line' id='line_1_120' title="bbox 1301 1713 2399 1760; baseline -0.003 -9"><span class='ocrx_word' id='word_1_839' title='bbox 1301 1727 1340 1751; x_wconf 86' lang='lat' dir='ltr'>eo</span> <span class='ocrx_word' id='word_1_840' title='bbox 1365 1716 1466 1750; x_wconf 89' lang='lat' dir='ltr'>finito</span> <span class='ocrx_word' id='word_1_841' title='bbox 1492 1724 1718 1760; x_wconf 90' lang='lat' dir='ltr'>quocumque</span> <span class='ocrx_word' id='word_1_842' title='bbox 1741 1714 1822 1750; x_wconf 85' lang='lat' dir='ltr'>loco</span> <span class='ocrx_word' id='word_1_843' title='bbox 1847 1724 1952 1759; x_wconf 89' lang='lat' dir='ltr'>agere</span> <span class='ocrx_word' id='word_1_844' title='bbox 1975 1724 2083 1760; x_wconf 90' lang='lat' dir='ltr'>posse</span> <span class='ocrx_word' id='word_1_845' title='bbox 2105 1715 2143 1749; x_wconf 92' lang='lat' dir='ltr'>in</span> <span class='ocrx_word' id='word_1_846' title='bbox 2166 1713 2204 1749; x_wconf 92' lang='lat' dir='ltr'>id</span> <span class='ocrx_word' id='word_1_847' title='bbox 2228 1713 2324 1759; x_wconf 90' lang='lat' dir='ltr'>quod</span> <span class='ocrx_word' id='word_1_848' title='bbox 2344 1714 2399 1748; x_wconf 88' lang='lat' dir='ltr'>in·</span> 
     </span>
     <span class='ocr_line' id='line_1_121' title="bbox 1299 1763 1588 1797; baseline -0.01 0"><span class='ocrx_word' id='word_1_849' title='bbox 1299 1765 1410 1797; x_wconf 88' lang='lat' dir='ltr'>terest</span> <span class='ocrx_word' id='word_1_850' title='bbox 1434 1763 1588 1796; x_wconf 90' lang='lat' dir='ltr'>constat.</span> 
     </span>
    </p>

    <p class='ocr_par' dir='ltr' id='par_1_24' title="bbox 1299 1804 2400 2204">
     <span class='ocr_line' id='line_1_122' title="bbox 1346 1804 2395 1851; baseline -0.003 -9"><span class='ocrx_word' id='word_1_851' title='bbox 1346 1805 1400 1843; x_wconf 92' lang='lat'>44</span> <span class='ocrx_word' id='word_1_852' title='bbox 1425 1805 1535 1841; x_wconf 78' lang='lat' dir='ltr'><em>IDEM</em></span> <span class='ocrx_word' id='word_1_853' title='bbox 1554 1805 1645 1840; x_wconf 84' lang='lat' dir='ltr'>libro</span> <span class='ocrx_word' id='word_1_854' title='bbox 1669 1804 1827 1840; x_wconf 84' lang='lat' dir='ltr'>secundo</span> <span class='ocrx_word' id='word_1_855' title='bbox 1851 1815 2108 1851; x_wconf 79' lang='lat' dir='ltr'>responsorum</span> <span class='ocrx_word' id='word_1_856' title='bbox 2154 1804 2239 1840; x_wconf 88' lang='lat' dir='ltr'>Non</span> <span class='ocrx_word' id='word_1_857' title='bbox 2262 1804 2395 1839; x_wconf 90' lang='lat' dir='ltr'>idcirco</span> 
     </span>
     <span class='ocr_line' id='line_1_123' title="bbox 1299 1849 2399 1896; baseline -0.002 -9"><span class='ocrx_word' id='word_1_858' title='bbox 1299 1852 1427 1887; x_wconf 90' lang='lat' dir='ltr'>iudicis</span> <span class='ocrx_word' id='word_1_859' title='bbox 1452 1851 1611 1887; x_wconf 82' lang='lat' dir='ltr'>officium</span> <span class='ocrx_word' id='word_1_860' title='bbox 1635 1850 1838 1895; x_wconf 88' lang='lat' dir='ltr'>impeditur,</span> <span class='ocrx_word' id='word_1_861' title='bbox 1865 1850 1962 1896; x_wconf 91' lang='lat' dir='ltr'>quod</span> <span class='ocrx_word' id='word_1_862' title='bbox 1986 1849 2131 1895; x_wconf 91' lang='lat' dir='ltr'>quidam</span> <span class='ocrx_word' id='word_1_863' title='bbox 2155 1860 2199 1884; x_wconf 86' lang='lat' dir='ltr'>ex</span> <span class='ocrx_word' id='word_1_864' title='bbox 2218 1849 2399 1885; x_wconf 89' lang='lat' dir='ltr'>tutoribus</span> 
     </span>
     <span class='ocr_line' id='line_1_124' title="bbox 1299 1895 2400 1943; baseline -0.003 -11"><span class='ocrx_word' id='word_1_865' title='bbox 1299 1901 1382 1943; x_wconf 89' lang='lat' dir='ltr'>post</span> <span class='ocrx_word' id='word_1_866' title='bbox 1412 1897 1511 1932; x_wconf 86' lang='lat' dir='ltr'>litem</span> <span class='ocrx_word' id='word_1_867' title='bbox 1542 1896 1712 1931; x_wconf 89' lang='lat' dir='ltr'>adversus</span> <span class='ocrx_word' id='word_1_868' title='bbox 1749 1906 1871 1931; x_wconf 91' lang='lat' dir='ltr'>omnes</span> <span class='ocrx_word' id='word_1_869' title='bbox 1903 1896 2111 1931; x_wconf 89' lang='lat' dir='ltr'>inchoatam</span> <span class='ocrx_word' id='word_1_870' title='bbox 2146 1896 2199 1930; x_wconf 91' lang='lat' dir='ltr'>rei</span> <span class='ocrx_word' id='word_1_871' title='bbox 2233 1895 2400 1940; x_wconf 89' lang='lat' dir='ltr'>publicae</span> 
     </span>
     <span class='ocr_line' id='line_1_125' title="bbox 1300 1940 2400 1986; baseline -0.003 -8"><span class='ocrx_word' id='word_1_872' title='bbox 1300 1953 1412 1978; x_wconf 89' lang='lat' dir='ltr'>causa</span> <span class='ocrx_word' id='word_1_873' title='bbox 1436 1942 1562 1977; x_wconf 89' lang='lat' dir='ltr'>abesse</span> <span class='ocrx_word' id='word_1_874' title='bbox 1588 1946 1801 1986; x_wconf 88' lang='lat' dir='ltr'>coeperunt,</span> <span class='ocrx_word' id='word_1_875' title='bbox 1837 1952 1918 1976; x_wconf 91' lang='lat' dir='ltr'>cum</span> <span class='ocrx_word' id='word_1_876' title='bbox 1951 1940 2194 1986; x_wconf 89' lang='lat' dir='ltr'>praesentium</span> <span class='ocrx_word' id='word_1_877' title='bbox 2218 1945 2254 1976; x_wconf 89' lang='lat' dir='ltr'>et</span> <span class='ocrx_word' id='word_1_878' title='bbox 2277 1951 2400 1975; x_wconf 91' lang='lat' dir='ltr'>eorum</span> 
     </span>
     <span class='ocr_line' id='line_1_126' title="bbox 1300 1986 2398 2033; baseline -0.003 -10"><span class='ocrx_word' id='word_1_879' title='bbox 1300 1988 1360 2033; x_wconf 90' lang='lat' dir='ltr'>qui</span> <span class='ocrx_word' id='word_1_880' title='bbox 1383 1998 1457 2023; x_wconf 90' lang='lat' dir='ltr'>non</span> <span class='ocrx_word' id='word_1_881' title='bbox 1482 1987 1722 2023; x_wconf 85' lang='lat' dir='ltr'>defenduntur</span> <span class='ocrx_word' id='word_1_882' title='bbox 1745 1986 2006 2022; x_wconf 88' lang='lat' dir='ltr'>administratio</span> <span class='ocrx_word' id='word_1_883' title='bbox 2034 1986 2188 2021; x_wconf 90' lang='lat' dir='ltr'>discerni</span> <span class='ocrx_word' id='word_1_884' title='bbox 2223 1989 2258 2021; x_wconf 88' lang='lat' dir='ltr'>et</span> <span class='ocrx_word' id='word_1_885' title='bbox 2290 1986 2398 2021; x_wconf 88' lang='lat' dir='ltr'>aesti-</span> 
     </span>
     <span class='ocr_line' id='line_1_127' title="bbox 1305 2031 2399 2077; baseline -0.001 -9"><span class='ocrx_word' id='word_1_886' title='bbox 1305 2038 1317 2068; x_wconf 83' lang='grc'>1</span> <span class='ocrx_word' id='word_1_887' title='bbox 1367 2033 1459 2068; x_wconf 88' lang='lat' dir='ltr'>mari</span> <span class='ocrx_word' id='word_1_888' title='bbox 1482 2032 1609 2077; x_wconf 89' lang='lat' dir='ltr'>possit.</span> <span class='ocrx_word' id='word_1_889' title='bbox 1659 2032 1748 2066; x_wconf 89' lang='lat' dir='ltr'>Cum</span> <span class='ocrx_word' id='word_1_890' title='bbox 1772 2037 1900 2076; x_wconf 88' lang='lat' dir='ltr'>postea</span> <span class='ocrx_word' id='word_1_891' title='bbox 1924 2043 2046 2067; x_wconf 89' lang='lat' dir='ltr'>servus</span> <span class='ocrx_word' id='word_1_892' title='bbox 2071 2031 2260 2077; x_wconf 90' lang='lat' dir='ltr'>apparuit,</span> <span class='ocrx_word' id='word_1_893' title='bbox 2296 2031 2399 2067; x_wconf 89' lang='lat' dir='ltr'>cuius</span> 
     </span>
     <span class='ocr_line' id='line_1_128' title="bbox 1300 2076 2399 2123; baseline -0.002 -10"><span class='ocrx_word' id='word_1_894' title='bbox 1300 2078 1443 2113; x_wconf 90' lang='lat' dir='ltr'>nomine</span> <span class='ocrx_word' id='word_1_895' title='bbox 1466 2087 1530 2123; x_wconf 89' lang='lat' dir='ltr'>per</span> <span class='ocrx_word' id='word_1_896' title='bbox 1553 2080 1822 2122; x_wconf 88' lang='lat' dir='ltr'>procuratorem</span> <span class='ocrx_word' id='word_1_897' title='bbox 1845 2077 1965 2111; x_wconf 86' lang='lat' dir='ltr'>fuerat</span> <span class='ocrx_word' id='word_1_898' title='bbox 1987 2081 2119 2118; x_wconf 90' lang='lat' dir='ltr'>actum,</span> <span class='ocrx_word' id='word_1_899' title='bbox 2146 2076 2282 2112; x_wconf 88' lang='lat' dir='ltr'>absolvi</span> <span class='ocrx_word' id='word_1_900' title='bbox 2302 2077 2399 2112; x_wconf 89' lang='lat' dir='ltr'>debi-</span> 
     </span>
     <span class='ocr_line' id='line_1_129' title="bbox 1299 2121 2400 2167; baseline -0.003 -9"><span class='ocrx_word' id='word_1_901' title='bbox 1299 2128 1414 2159; x_wconf 91' lang='lat' dir='ltr'>torem</span> <span class='ocrx_word' id='word_1_902' title='bbox 1437 2134 1458 2158; x_wconf 92' lang='grc'>0</span> <span class='ocrx_word' id='word_1_903' title='bbox 1486 2126 1598 2158; x_wconf 88' lang='lat' dir='ltr'>ortet:</span> <span class='ocrx_word' id='word_1_904' title='bbox 1622 2132 1715 2167; x_wconf 91' lang='lat' dir='ltr'>quae</span> <span class='ocrx_word' id='word_1_905' title='bbox 1735 2132 1792 2157; x_wconf 89' lang='lat' dir='ltr'>res</span> <span class='ocrx_word' id='word_1_906' title='bbox 1815 2122 1957 2157; x_wconf 92' lang='lat' dir='ltr'>domino</span> <span class='ocrx_word' id='word_1_907' title='bbox 1980 2121 2196 2167; x_wconf 87' lang='lat' dir='ltr'>quandoque</span> <span class='ocrx_word' id='word_1_908' title='bbox 2216 2122 2400 2166; x_wconf 89' lang='lat' dir='ltr'>propriam</span> 
     </span>
     <span class='ocr_line' id='line_1_130' title="bbox 1300 2167 1879 2204; baseline -0.005 0"><span class='ocrx_word' id='word_1_909' title='bbox 1300 2170 1399 2204; x_wconf 86' lang='lat' dir='ltr'>litem</span> <span class='ocrx_word' id='word_1_910' title='bbox 1421 2169 1433 2204; x_wconf 94' lang='lat' dir='ltr'>i</span> <span class='ocrx_word' id='word_1_911' title='bbox 1477 2168 1588 2203; x_wconf 91' lang='lat' dir='ltr'>erenti</span> <span class='ocrx_word' id='word_1_912' title='bbox 1612 2178 1686 2203; x_wconf 92' lang='lat' dir='ltr'>non</span> <span class='ocrx_word' id='word_1_913' title='bbox 1710 2167 1879 2202; x_wconf 88' lang='lat' dir='ltr'>obstabit.</span> 
     </span>
    </p>

    <p class='ocr_par' dir='ltr' id='par_1_25' title="bbox 1300 2212 2399 2567">
     <span class='ocr_line' id='line_1_131' title="bbox 1346 2212 2399 2259; baseline -0.005 -8"><span class='ocrx_word' id='word_1_914' title='bbox 1346 2212 1400 2251; x_wconf 85' lang='lat'>45</span> <span class='ocrx_word' id='word_1_915' title='bbox 1432 2213 1542 2249; x_wconf 78' lang='lat' dir='ltr'><em>IDEM</em></span> <span class='ocrx_word' id='word_1_916' title='bbox 1572 2213 1663 2249; x_wconf 87' lang='lat' dir='ltr'>libro</span> <span class='ocrx_word' id='word_1_917' title='bbox 1696 2214 1801 2248; x_wconf 84' lang='lat' dir='ltr'>tertio</span> <span class='ocrx_word' id='word_1_918' title='bbox 1833 2223 2091 2259; x_wconf 79' lang='lat' dir='ltr'>responsorum</span> <span class='ocrx_word' id='word_1_919' title='bbox 2147 2212 2399 2257; x_wconf 88' lang='lat' dir='ltr'>Argentarium</span> 
     </span>
     <span class='ocr_line' id='line_1_132' title="bbox 1301 2257 2398 2303; baseline -0.002 -9"><span class='ocrx_word' id='word_1_920' title='bbox 1301 2260 1362 2294; x_wconf 92' lang='lat' dir='ltr'>ubi</span> <span class='ocrx_word' id='word_1_921' title='bbox 1387 2262 1611 2295; x_wconf 86' lang='lat' dir='ltr'>contractum</span> <span class='ocrx_word' id='word_1_922' title='bbox 1636 2261 1691 2294; x_wconf 91' lang='lat' dir='ltr'>est</span> <span class='ocrx_word' id='word_1_923' title='bbox 1711 2259 1890 2294; x_wconf 90' lang='lat' dir='ltr'>conveniri</span> <span class='ocrx_word' id='word_1_924' title='bbox 1912 2261 2054 2303; x_wconf 91' lang='lat' dir='ltr'>oportet</span> <span class='ocrx_word' id='word_1_925' title='bbox 2075 2268 2142 2292; x_wconf 90' lang='lat' dir='ltr'>nec</span> <span class='ocrx_word' id='word_1_926' title='bbox 2162 2258 2200 2292; x_wconf 93' lang='lat' dir='ltr'>in</span> <span class='ocrx_word' id='word_1_927' title='bbox 2219 2258 2289 2293; x_wconf 92' lang='lat' dir='ltr'>hoc</span> <span class='ocrx_word' id='word_1_928' title='bbox 2310 2257 2398 2292; x_wconf 87' lang='lat' dir='ltr'>dila·</span> 
     </span>
     <span class='ocr_line' id='line_1_133' title="bbox 1300 2302 2398 2347; baseline -0.002 -8"><span class='ocrx_word' id='word_1_929' title='bbox 1300 2306 1432 2340; x_wconf 85' lang='lat' dir='ltr'>tionem</span> <span class='ocrx_word' id='word_1_930' title='bbox 1455 2305 1525 2339; x_wconf 91' lang='lat' dir='ltr'>nisi</span> <span class='ocrx_word' id='word_1_931' title='bbox 1550 2315 1593 2339; x_wconf 85' lang='lat' dir='ltr'>ex</span> <span class='ocrx_word' id='word_1_932' title='bbox 1616 2304 1711 2339; x_wconf 88' lang='lat' dir='ltr'>iusta</span> <span class='ocrx_word' id='word_1_933' title='bbox 1735 2314 1846 2339; x_wconf 90' lang='lat' dir='ltr'>causa</span> <span class='ocrx_word' id='word_1_934' title='bbox 1868 2304 1945 2338; x_wconf 90' lang='lat' dir='ltr'>dari</span> <span class='ocrx_word' id='word_1_935' title='bbox 1957 2305 1982 2345; x_wconf 87' lang='lat'>⁵,</span> <span class='ocrx_word' id='word_1_936' title='bbox 2006 2306 2047 2338; x_wconf 87' lang='lat' dir='ltr'>ut</span> <span class='ocrx_word' id='word_1_937' title='bbox 2069 2313 2113 2338; x_wconf 89' lang='lat' dir='ltr'>ex</span> <span class='ocrx_word' id='word_1_938' title='bbox 2134 2302 2318 2347; x_wconf 91' lang='lat' dir='ltr'>provincia</span> <span class='ocrx_word' id='word_1_939' title='bbox 2337 2313 2398 2337; x_wconf 90' lang='lat' dir='ltr'>co-</span> 
     </span>
     <span class='ocr_line' id='line_1_134' title="bbox 1301 2348 2397 2393; baseline -0.004 -7"><span class='ocrx_word' id='word_1_940' title='bbox 1301 2351 1399 2386; x_wconf 89' lang='lat' dir='ltr'>dices</span> <span class='ocrx_word' id='word_1_941' title='bbox 1436 2349 1658 2384; x_wconf 89' lang='lat' dir='ltr'>adferantur.</span> <span class='ocrx_word' id='word_1_942' title='bbox 1702 2349 1796 2384; x_wconf 92' lang='lat' dir='ltr'>idem</span> <span class='ocrx_word' id='word_1_943' title='bbox 1831 2350 1868 2384; x_wconf 92' lang='lat' dir='ltr'>in</span> <span class='ocrx_word' id='word_1_944' title='bbox 1904 2349 2046 2385; x_wconf 89' lang='lat' dir='ltr'>actione</span> <span class='ocrx_word' id='word_1_945' title='bbox 2081 2349 2215 2383; x_wconf 90' lang='lat' dir='ltr'>tutelae</span> <span class='ocrx_word' id='word_1_946' title='bbox 2249 2348 2397 2393; x_wconf 91' lang='lat' dir='ltr'>placuit.</span> 
     </span>
     <span class='ocr_line' id='line_1_135' title="bbox 1304 2393 2398 2440; baseline -0.002 -10"><span class='ocrx_word' id='word_1_947' title='bbox 1304 2399 1317 2430; x_wconf 87' lang='lat'>1</span> <span class='ocrx_word' id='word_1_948' title='bbox 1368 2395 1521 2431; x_wconf 89' lang='lat' dir='ltr'>Nomine</span> <span class='ocrx_word' id='word_1_949' title='bbox 1545 2395 1686 2440; x_wconf 89' lang='lat' dir='ltr'>puellae</span> <span class='ocrx_word' id='word_1_950' title='bbox 1709 2394 1890 2429; x_wconf 87' lang='lat' dir='ltr'>tutoribus</span> <span class='ocrx_word' id='word_1_951' title='bbox 1914 2394 1950 2429; x_wconf 90' lang='lat' dir='ltr'>in</span> <span class='ocrx_word' id='word_1_952' title='bbox 1999 2393 2160 2429; x_wconf 89' lang='lat' dir='ltr'>rovincia</span> <span class='ocrx_word' id='word_1_953' title='bbox 2182 2393 2398 2428; x_wconf 85' lang='lat' dir='ltr'>condemna-</span> 
     </span>
     <span class='ocr_line' id='line_1_136' title="bbox 1300 2438 2398 2486; baseline -0.003 -10"><span class='ocrx_word' id='word_1_954' title='bbox 1300 2442 1345 2476; x_wconf 90' lang='lat' dir='ltr'>tis</span> <span class='ocrx_word' id='word_1_955' title='bbox 1372 2444 1555 2476; x_wconf 87' lang='lat' dir='ltr'>curatores</span> <span class='ocrx_word' id='word_1_956' title='bbox 1579 2440 1719 2486; x_wconf 88' lang='lat' dir='ltr'>puellae</span> <span class='ocrx_word' id='word_1_957' title='bbox 1742 2440 1939 2475; x_wconf 88' lang='lat' dir='ltr'>iudicatum</span> <span class='ocrx_word' id='word_1_958' title='bbox 1996 2449 2098 2474; x_wconf 87' lang='lat' dir='ltr'>omae</span> <span class='ocrx_word' id='word_1_959' title='bbox 2116 2438 2238 2474; x_wconf 91' lang='lat' dir='ltr'>facere</span> <span class='ocrx_word' id='word_1_960' title='bbox 2264 2449 2398 2483; x_wconf 86' lang='lat' dir='ltr'>cogun-</span> 
     </span>
     <span class='ocr_line' id='line_1_137' title="bbox 1300 2483 2399 2530; baseline -0.003 -9"><span class='ocrx_word' id='word_1_961' title='bbox 1300 2491 1377 2529; x_wconf 87' lang='lat' dir='ltr'>tur,</span> <span class='ocrx_word' id='word_1_962' title='bbox 1410 2486 1473 2521; x_wconf 92' lang='lat' dir='ltr'>ubi</span> <span class='ocrx_word' id='word_1_963' title='bbox 1503 2489 1666 2520; x_wconf 88' lang='lat' dir='ltr'>mutuam</span> <span class='ocrx_word' id='word_1_964' title='bbox 1689 2486 1879 2530; x_wconf 90' lang='lat' dir='ltr'>pecuniam</span> <span class='ocrx_word' id='word_1_965' title='bbox 1902 2488 2017 2519; x_wconf 89' lang='lat' dir='ltr'>mater</span> <span class='ocrx_word' id='word_1_966' title='bbox 2041 2484 2199 2528; x_wconf 87' lang='lat' dir='ltr'>accepit,</span> <span class='ocrx_word' id='word_1_967' title='bbox 2235 2484 2293 2519; x_wconf 91' lang='lat' dir='ltr'>cui</span> <span class='ocrx_word' id='word_1_968' title='bbox 2324 2483 2399 2519; x_wconf 90' lang='lat' dir='ltr'>filia</span> 
     </span>
     <span class='ocr_line' id='line_1_138' title="bbox 1300 2532 1557 2567; baseline -0.008 0"><span class='ocrx_word' id='word_1_969' title='bbox 1300 2533 1404 2567; x_wconf 91' lang='lat' dir='ltr'>heres</span> <span class='ocrx_word' id='word_1_970' title='bbox 1429 2532 1557 2566; x_wconf 89' lang='lat' dir='ltr'>extitit.</span> 
     </span>
    </p>

    <p class='ocr_par' dir='ltr' id='par_1_26' title="bbox 1300 2573 2398 2794">
     <span class='ocr_line' id='line_1_139' title="bbox 1347 2573 2398 2620; baseline -0.004 -7"><span class='ocrx_word' id='word_1_971' title='bbox 1347 2575 1401 2614; x_wconf 89' lang='grc'>46</span> <span class='ocrx_word' id='word_1_972' title='bbox 1425 2576 1483 2611; x_wconf 76' lang='grc' dir='ltr'>ΡΑ</span> <span class='ocrx_word' id='word_1_973' title='bbox 1491 2586 1535 2611; x_wconf 70' lang='grc' dir='ltr'>σι</span> <span class='ocrx_word' id='word_1_974' title='bbox 1543 2586 1586 2611; x_wconf 72' lang='lat' dir='ltr'>us</span> <span class='ocrx_word' id='word_1_975' title='bbox 1596 2576 1687 2611; x_wconf 80' lang='lat' dir='ltr'>libro</span> <span class='ocrx_word' id='word_1_976' title='bbox 1700 2576 1856 2611; x_wconf 84' lang='lat' dir='ltr'>secundo</span> <span class='ocrx_word' id='word_1_977' title='bbox 1870 2575 2120 2620; x_wconf 83' lang='lat' dir='ltr'>quaestionum</span> <span class='ocrx_word' id='word_1_978' title='bbox 2167 2573 2279 2609; x_wconf 86' lang='lat' dir='ltr'>Iudex</span> <span class='ocrx_word' id='word_1_979' title='bbox 2291 2574 2398 2610; x_wconf 88' lang='lat' dir='ltr'>datus</span> 
     </span>
     <span class='ocr_line' id='line_1_140' title="bbox 1300 2619 2398 2666; baseline -0.003 -9"><span class='ocrx_word' id='word_1_980' title='bbox 1300 2624 1336 2657; x_wconf 92' lang='lat' dir='ltr'>in</span> <span class='ocrx_word' id='word_1_981' title='bbox 1361 2622 1485 2657; x_wconf 91' lang='lat' dir='ltr'>eodem</span> <span class='ocrx_word' id='word_1_982' title='bbox 1509 2621 1628 2657; x_wconf 86' lang='lat' dir='ltr'>officio</span> <span class='ocrx_word' id='word_1_983' title='bbox 1653 2625 1850 2666; x_wconf 88' lang='lat' dir='ltr'>permanet,</span> <span class='ocrx_word' id='word_1_984' title='bbox 1875 2621 1959 2656; x_wconf 88' lang='lat' dir='ltr'>licet</span> <span class='ocrx_word' id='word_1_985' title='bbox 1978 2619 2098 2654; x_wconf 84' lang='lat' dir='ltr'>furere</span> <span class='ocrx_word' id='word_1_986' title='bbox 2120 2619 2287 2664; x_wconf 88' lang='lat' dir='ltr'>coeperit,</span> <span class='ocrx_word' id='word_1_987' title='bbox 2314 2620 2398 2665; x_wconf 86' lang='lat' dir='ltr'>quia</span> 
     </span>
     <span class='ocr_line' id='line_1_141' title="bbox 1301 2664 2396 2703; baseline -0.003 0"><span class='ocrx_word' id='word_1_988' title='bbox 1301 2672 1398 2703; x_wconf 89' lang='lat' dir='ltr'>recte</span> <span class='ocrx_word' id='word_1_989' title='bbox 1423 2667 1468 2702; x_wconf 94' lang='lat' dir='ltr'>ab</span> <span class='ocrx_word' id='word_1_990' title='bbox 1493 2667 1594 2702; x_wconf 90' lang='lat' dir='ltr'>initio</span> <span class='ocrx_word' id='word_1_991' title='bbox 1618 2666 1727 2701; x_wconf 88' lang='lat' dir='ltr'>iudex</span> <span class='ocrx_word' id='word_1_992' title='bbox 1750 2666 1914 2701; x_wconf 86' lang='lat' dir='ltr'>addictus</span> <span class='ocrx_word' id='word_1_993' title='bbox 1940 2669 2014 2700; x_wconf 91' lang='lat' dir='ltr'>est:</span> <span class='ocrx_word' id='word_1_994' title='bbox 2040 2664 2105 2700; x_wconf 92' lang='lat' dir='ltr'>sed</span> <span class='ocrx_word' id='word_1_995' title='bbox 2127 2665 2312 2700; x_wconf 89' lang='lat' dir='ltr'>iudicandi</span> <span class='ocrx_word' id='word_1_996' title='bbox 2335 2676 2396 2700; x_wconf 88' lang='lat' dir='ltr'>ne-</span> 
     </span>
     <span class='ocr_line' id='line_1_142' title="bbox 1302 2710 2397 2754; baseline -0.003 -7"><span class='ocrx_word' id='word_1_997' title='bbox 1302 2713 1507 2748; x_wconf 87' lang='lat' dir='ltr'>cessitatem</span> <span class='ocrx_word' id='word_1_998' title='bbox 1542 2712 1689 2746; x_wconf 91' lang='lat' dir='ltr'>morbus</span> <span class='ocrx_word' id='word_1_999' title='bbox 1731 2712 1891 2747; x_wconf 88' lang='lat' dir='ltr'>sonticus</span> <span class='ocrx_word' id='word_1_1000' title='bbox 1933 2710 2092 2746; x_wconf 88' lang='lat' dir='ltr'>remittit.</span> <span class='ocrx_word' id='word_1_1001' title='bbox 2143 2721 2223 2754; x_wconf 87' lang='lat' dir='ltr'>ergo</span> <span class='ocrx_word' id='word_1_1002' title='bbox 2268 2711 2397 2745; x_wconf 89' lang='lat' dir='ltr'>mutari</span> 
     </span>
     <span class='ocr_line' id='line_1_143' title="bbox 1302 2759 1418 2794; baseline -0.017 0"><span class='ocrx_word' id='word_1_1003' title='bbox 1302 2759 1418 2794; x_wconf 91' lang='lat' dir='ltr'>debet.</span> 
     </span>
    </p>

    <p class='ocr_par' dir='ltr' id='par_1_27' title="bbox 1302 2801 2397 3028">
     <span class='ocr_line' id='line_1_144' title="bbox 1348 2801 2396 2848; baseline -0.004 -9"><span class='ocrx_word' id='word_1_1004' title='bbox 1348 2801 1400 2839; x_wconf 88' lang='lat'>47</span> <span class='ocrx_word' id='word_1_1005' title='bbox 1430 2803 1719 2839; x_wconf 73' lang='lat' dir='ltr'><strong><em>CALLISTRATUS</em></strong></span> <span class='ocrx_word' id='word_1_1006' title='bbox 1747 2801 1839 2838; x_wconf 80' lang='lat' dir='ltr'>libro</span> <span class='ocrx_word' id='word_1_1007' title='bbox 1865 2802 1990 2848; x_wconf 79' lang='lat' dir='ltr'>primo</span> <span class='ocrx_word' id='word_1_1008' title='bbox 2027 2802 2275 2848; x_wconf 80' lang='lat' dir='ltr'>quaestionum</span> <span class='ocrx_word' id='word_1_1009' title='bbox 2325 2801 2396 2836; x_wconf 70' lang='lat' dir='ltr'>Ob-</span> 
     </span>
     <span class='ocr_line' id='line_1_145' title="bbox 1302 2846 2396 2892; baseline -0.002 -9"><span class='ocrx_word' id='word_1_1010' title='bbox 1302 2848 1514 2884; x_wconf 87' lang='lat' dir='ltr'>servandum</span> <span class='ocrx_word' id='word_1_1011' title='bbox 1550 2851 1622 2890; x_wconf 87' lang='lat' dir='ltr'>est,</span> <span class='ocrx_word' id='word_1_1012' title='bbox 1657 2858 1701 2882; x_wconf 90' lang='lat' dir='ltr'>ne</span> <span class='ocrx_word' id='word_1_1013' title='bbox 1732 2847 1762 2882; x_wconf 90' lang='lat' dir='ltr'>is</span> <span class='ocrx_word' id='word_1_1014' title='bbox 1786 2847 1894 2882; x_wconf 85' lang='lat' dir='ltr'>iudex</span> <span class='ocrx_word' id='word_1_1015' title='bbox 1918 2847 2021 2882; x_wconf 88' lang='lat' dir='ltr'>detur</span> <span class='ocrx_word' id='word_1_1016' title='bbox 2044 2857 2150 2892; x_wconf 85' lang='lat' dir='ltr'>quem</span> <span class='ocrx_word' id='word_1_1017' title='bbox 2174 2846 2288 2882; x_wconf 88' lang='lat' dir='ltr'>altera</span> <span class='ocrx_word' id='word_1_1018' title='bbox 2312 2857 2396 2891; x_wconf 88' lang='lat' dir='ltr'>pars</span> 
     </span>
     <span class='ocr_line' id='line_1_146' title="bbox 1302 2892 2396 2938; baseline -0.002 -10"><span class='ocrx_word' id='word_1_1019' title='bbox 1302 2894 1511 2929; x_wconf 88' lang='lat' dir='ltr'>nominatim</span> <span class='ocrx_word' id='word_1_1020' title='bbox 1542 2895 1662 2937; x_wconf 86' lang='lat' dir='ltr'>petat:</span> <span class='ocrx_word' id='word_1_1021' title='bbox 1695 2893 1733 2927; x_wconf 87' lang='lat' dir='ltr'>id</span> <span class='ocrx_word' id='word_1_1022' title='bbox 1765 2893 1857 2927; x_wconf 91' lang='lat' dir='ltr'>enim</span> <span class='ocrx_word' id='word_1_1023' title='bbox 1879 2893 1992 2938; x_wconf 90' lang='lat' dir='ltr'>iniqui</span> <span class='ocrx_word' id='word_1_1024' title='bbox 2016 2893 2168 2937; x_wconf 90' lang='lat' dir='ltr'>exempli</span> <span class='ocrx_word' id='word_1_1025' title='bbox 2192 2902 2270 2927; x_wconf 89' lang='lat' dir='ltr'>esse</span> <span class='ocrx_word' id='word_1_1026' title='bbox 2296 2892 2396 2927; x_wconf 90' lang='lat' dir='ltr'>divus</span> 
     </span>
     <span class='ocr_line' id='line_1_147' title="bbox 1302 2937 2397 2983; baseline -0.001 -10"><span class='ocrx_word' id='word_1_1027' title='bbox 1302 2939 1507 2973; x_wconf 90' lang='lat' dir='ltr'>Hadrianus</span> <span class='ocrx_word' id='word_1_1028' title='bbox 1539 2938 1745 2983; x_wconf 87' lang='lat' dir='ltr'>rescripsit:</span> <span class='ocrx_word' id='word_1_1029' title='bbox 1780 2938 1848 2973; x_wconf 90' lang='lat' dir='ltr'>nisi</span> <span class='ocrx_word' id='word_1_1030' title='bbox 1870 2937 1940 2973; x_wconf 87' lang='grc'>1100</span> <span class='ocrx_word' id='word_1_1031' title='bbox 1965 2938 2169 2983; x_wconf 87' lang='lat' dir='ltr'>specialiter</span> <span class='ocrx_word' id='word_1_1032' title='bbox 2192 2948 2214 2972; x_wconf 92' lang='lat' dir='ltr'>a</span> <span class='ocrx_word' id='word_1_1033' title='bbox 2237 2937 2397 2982; x_wconf 90' lang='lat' dir='ltr'>principe</span> 
     </span>
     <span class='ocr_line' id='line_1_148' title="bbox 1303 2983 2394 3028; baseline -0.002 -9"><span class='ocrx_word' id='word_1_1034' title='bbox 1303 2985 1348 3019; x_wconf 88' lang='lat' dir='ltr'>ad</span> <span class='ocrx_word' id='word_1_1035' title='bbox 1370 2983 1621 3018; x_wconf 90' lang='lat' dir='ltr'>verecundiam</span> <span class='ocrx_word' id='word_1_1036' title='bbox 1644 2983 1746 3028; x_wconf 87' lang='lat' dir='ltr'>petiti</span> <span class='ocrx_word' id='word_1_1037' title='bbox 1768 2983 1897 3018; x_wconf 88' lang='lat' dir='ltr'>iudicis</span> <span class='ocrx_word' id='word_1_1038' title='bbox 1920 2984 2135 3028; x_wconf 85' lang='lat' dir='ltr'>respiciente</span> <span class='ocrx_word' id='word_1_1039' title='bbox 2158 2983 2394 3028; x_wconf 88' lang='lat' dir='ltr'>permittetur.</span> 
     </span>
    </p>

    <p class='ocr_par' dir='ltr' id='par_1_28' title="bbox 1301 3026 2397 3347">
     <span class='ocr_line' id='line_1_149' title="bbox 1348 3026 2395 3075; baseline -0.004 -9"><span class='ocrx_word' id='word_1_1040' title='bbox 1348 3026 1401 3066; x_wconf 83' lang='lat'>48</span> <span class='ocrx_word' id='word_1_1041' title='bbox 1426 3028 1587 3064; x_wconf 57' lang='lat' dir='ltr'>Pavws</span> <span class='ocrx_word' id='word_1_1042' title='bbox 1615 3029 1707 3063; x_wconf 83' lang='lat' dir='ltr'>libro</span> <span class='ocrx_word' id='word_1_1043' title='bbox 1739 3028 1899 3064; x_wconf 80' lang='lat' dir='ltr'>secundo</span> <span class='ocrx_word' id='word_1_1044' title='bbox 1921 3040 2199 3075; x_wconf 55' lang='lat' dir='ltr'>responsorum„</span> <span class='ocrx_word' id='word_1_1045' title='bbox 2224 3028 2315 3063; x_wconf 89' lang='lat' dir='ltr'>Pars</span> <span class='ocrx_word' id='word_1_1046' title='bbox 2339 3028 2395 3063; x_wconf 89' lang='lat' dir='ltr'>lit-</span> 
     </span>
     <span class='ocr_line' id='line_1_150' title="bbox 1302 3072 2396 3119; baseline -0.003 -10"><span class='ocrx_word' id='word_1_1047' title='bbox 1302 3080 1460 3109; x_wconf 81' lang='lat' dir='ltr'>terarum</span> <span class='ocrx_word' id='word_1_1048' title='bbox 1485 3073 1554 3108; x_wconf 82' lang='lat' dir='ltr'>divi</span> <span class='ocrx_word' id='word_1_1049' title='bbox 1577 3073 1768 3109; x_wconf 81' lang='lat' dir='ltr'>Hadriani:</span> <span class='ocrx_word' id='word_1_1050' title='bbox 1799 3073 1881 3109; x_wconf 80' lang='grc' dir='ltr'><em>τοὺς</em></span> <span class='ocrx_word' id='word_1_1051' title='bbox 1906 3072 2080 3119; x_wconf 75' lang='grc' dir='ltr'><strong><em>ἄρχοντας</em></strong></span> <span class='ocrx_word' id='word_1_1052' title='bbox 2104 3076 2145 3108; x_wconf 83' lang='grc' dir='ltr'>ἐν</span> <span class='ocrx_word' id='word_1_1053' title='bbox 2168 3073 2198 3116; x_wconf 76' lang='grc' dir='ltr'><em>ᾧ</em></span> <span class='ocrx_word' id='word_1_1054' title='bbox 2226 3072 2396 3119; x_wconf 73' lang='grc' dir='ltr'><strong><em>ἄρχουσιν</em></strong></span> 
     </span>
     <span class='ocr_line' id='line_1_151' title="bbox 1303 3117 2397 3163; baseline -0.002 -10"><span class='ocrx_word' id='word_1_1055' title='bbox 1303 3122 1455 3162; x_wconf 77' lang='grc' dir='ltr'><strong><em>ἐνιαυτῷ</em></strong></span> <span class='ocrx_word' id='word_1_1056' title='bbox 1488 3117 1578 3163; x_wconf 81' lang='grc' dir='ltr'><em>μήτε</em></span> <span class='ocrx_word' id='word_1_1057' title='bbox 1612 3120 1759 3153; x_wconf 74' lang='grc' dir='ltr'><strong><em>εἰσιέναι</em></strong></span> <span class='ocrx_word' id='word_1_1058' title='bbox 1792 3117 1896 3161; x_wconf 75' lang='grc' dir='ltr'><em>δίκην</em></span> <span class='ocrx_word' id='word_1_1059' title='bbox 1928 3117 2027 3163; x_wconf 45' lang='grc' dir='ltr'>’ἰδίαν</span> <span class='ocrx_word' id='word_1_1060' title='bbox 2059 3119 2149 3163; x_wconf 88' lang='grc' dir='ltr'><strong><em>μήτε</em></strong></span> <span class='ocrx_word' id='word_1_1061' title='bbox 2184 3117 2397 3152; x_wconf 76' lang='grc' dir='ltr'><strong><em>διωκόντων</em></strong></span> 
     </span>
     <span class='ocr_line' id='line_1_152' title="bbox 1301 3162 2394 3211; baseline -0.001 -14"><span class='ocrx_word' id='word_1_1062' title='bbox 1301 3163 1391 3209; x_wconf 78' lang='grc' dir='ltr'><em>μήτε</em></span> <span class='ocrx_word' id='word_1_1063' title='bbox 1422 3162 1647 3211; x_wconf 78' lang='grc' dir='ltr'><em>φευγόντων,</em></span> <span class='ocrx_word' id='word_1_1064' title='bbox 1683 3163 1773 3208; x_wconf 84' lang='grc' dir='ltr'><strong><em>μήτε</em></strong></span> <span class='ocrx_word' id='word_1_1065' title='bbox 1804 3167 1888 3210; x_wconf 82' lang='grc' dir='ltr'><strong><em>περὶ</em></strong></span> <span class='ocrx_word' id='word_1_1066' title='bbox 1920 3164 1975 3198; x_wconf 80' lang='grc' dir='ltr'>ὡν</span> <span class='ocrx_word' id='word_1_1067' title='bbox 1997 3167 2191 3210; x_wconf 76' lang='grc' dir='ltr'><strong><em>ἐπίτροποι</em></strong></span> <span class='ocrx_word' id='word_1_1068' title='bbox 2215 3163 2236 3206; x_wconf 83' lang='grc' dir='ltr'>ἢ</span> <span class='ocrx_word' id='word_1_1069' title='bbox 2261 3162 2394 3207; x_wconf 77' lang='grc' dir='ltr'><em>κουρά-</em></span> 
     </span>
     <span class='ocr_line' id='line_1_153' title="bbox 1301 3204 2391 3262; baseline 0.002 -19"><span class='ocrx_word' id='word_1_1070' title='bbox 1301 3222 1404 3255; x_wconf 69' lang='lat' dir='ltr'>‘copes</span> <span class='ocrx_word' id='word_1_1071' title='bbox 1427 3209 1509 3262; x_wconf 48' lang='lat' dir='ltr'>,elev</span> <span class='ocrx_word' id='word_1_1072' title='bbox 1547 3213 1769 3254; x_wconf 81' lang='grc' dir='ltr'><strong><em>κρινέτωσαν</em></strong></span> <span class='ocrx_word' id='word_1_1073' title='bbox 1780 3210 1805 3242; x_wconf 76' lang='lat'>⁶.</span> <span class='ocrx_word' id='word_1_1074' title='bbox 1842 3208 1993 3244; x_wconf 81' lang='grc' dir='ltr'><strong><em>ἐπειδὰν</em></strong></span> <span class='ocrx_word' id='word_1_1075' title='bbox 2025 3207 2065 3244; x_wconf 78' lang='grc' dir='ltr'>δὲ</span> <span class='ocrx_word' id='word_1_1076' title='bbox 2099 3208 2205 3256; x_wconf 77' lang='grc' dir='ltr'><em>ἐξήκῃ</em></span> <span class='ocrx_word' id='word_1_1077' title='bbox 2239 3207 2261 3251; x_wconf 85' lang='grc' dir='ltr'>ἡ</span> <span class='ocrx_word' id='word_1_1078' title='bbox 2295 3204 2391 3254; x_wconf 68' lang='grc' dir='ltr'><em>ἀρχή,</em></span> 
     </span>
     <span class='ocr_line' id='line_1_154' title="bbox 1303 3252 2394 3302; baseline -0.001 -15"><span class='ocrx_word' id='word_1_1079' title='bbox 1303 3258 1363 3288; x_wconf 83' lang='grc' dir='ltr'>καὶ</span> <span class='ocrx_word' id='word_1_1080' title='bbox 1395 3258 1515 3289; x_wconf 81' lang='grc' dir='ltr'><em>αυτοῖς</em></span> <span class='ocrx_word' id='word_1_1081' title='bbox 1544 3254 1634 3299; x_wconf 82' lang='grc' dir='ltr'><strong><em>πρὸς</em></strong></span> <span class='ocrx_word' id='word_1_1082' title='bbox 1664 3255 1744 3290; x_wconf 76' lang='grc' dir='ltr'><strong><em>τοὺς</em></strong></span> <span class='ocrx_word' id='word_1_1083' title='bbox 1780 3253 1978 3302; x_wconf 72' lang='grc' dir='ltr'><strong><em>φεύγοντας</em></strong></span> <span class='ocrx_word' id='word_1_1084' title='bbox 2002 3258 2063 3288; x_wconf 82' lang='grc' dir='ltr'>καὶ</span> <span class='ocrx_word' id='word_1_1085' title='bbox 2096 3259 2172 3290; x_wconf 78' lang='grc' dir='ltr'><strong><em>τοῖς</em></strong></span> <span class='ocrx_word' id='word_1_1086' title='bbox 2204 3252 2394 3300; x_wconf 52' lang='grc' dir='ltr'><em>φεύγουσί]</em></span> 
     </span>
     <span class='ocr_line' id='line_1_155' title="bbox 1301 3298 2187 3347; baseline 0.001 -13"><span class='ocrx_word' id='word_1_1087' title='bbox 1301 3300 1391 3346; x_wconf 76' lang='grc' dir='ltr'><strong><em>πρὸς</em></strong></span> <span class='ocrx_word' id='word_1_1088' title='bbox 1417 3298 1542 3333; x_wconf 77' lang='grc' dir='ltr'><em>αὐτοὺς</em></span> <span class='ocrx_word' id='word_1_1089' title='bbox 1568 3301 1822 3347; x_wconf 74' lang='grc' dir='ltr'><em>εἰσαγωγίμους</em></span> <span class='ocrx_word' id='word_1_1090' title='bbox 1847 3300 1940 3334; x_wconf 77' lang='grc' dir='ltr'><strong><em>εἶναι</em></strong></span> <span class='ocrx_word' id='word_1_1091' title='bbox 1961 3299 2026 3335; x_wconf 80' lang='grc' dir='ltr'>τὰς</span> <span class='ocrx_word' id='word_1_1092' title='bbox 2051 3298 2152 3335; x_wconf 80' lang='grc' dir='ltr'><em>δίκας</em></span> <span class='ocrx_word' id='word_1_1093' title='bbox 2164 3301 2187 3334; x_wconf 81' lang='lat'>⁸.</span> 
     </span>
    </p>

    <p class='ocr_par' dir='ltr' id='par_1_29' title="bbox 1302 3343 2392 3435">
     <span class='ocr_line' id='line_1_156' title="bbox 1348 3343 2392 3392; baseline -0.005 -11"><span class='ocrx_word' id='word_1_1094' title='bbox 1348 3343 1401 3381; x_wconf 83' lang='lat'>49</span> <span class='ocrx_word' id='word_1_1095' title='bbox 1434 3344 1542 3379; x_wconf 76' lang='lat' dir='ltr'><em>IDEM</em></span> <span class='ocrx_word' id='word_1_1096' title='bbox 1573 3345 1665 3381; x_wconf 79' lang='lat' dir='ltr'>libro</span> <span class='ocrx_word' id='word_1_1097' title='bbox 1702 3347 1805 3381; x_wconf 86' lang='lat' dir='ltr'>tertio</span> <span class='ocrx_word' id='word_1_1098' title='bbox 1837 3356 2093 3392; x_wconf 89' lang='lat' dir='ltr'>responsorum</span> <span class='ocrx_word' id='word_1_1099' title='bbox 2140 3344 2313 3380; x_wconf 88' lang='lat' dir='ltr'>Venditor</span> <span class='ocrx_word' id='word_1_1100' title='bbox 2347 3343 2392 3377; x_wconf 90' lang='lat' dir='ltr'>ab</span> 
     </span>
     <span class='ocr_line' id='line_1_157' title="bbox 1302 3387 2392 3435; baseline -0.003 -11"><span class='ocrx_word' id='word_1_1101' title='bbox 1302 3394 1460 3435; x_wconf 90' lang='lat' dir='ltr'>emptore</span> <span class='ocrx_word' id='word_1_1102' title='bbox 1485 3390 1734 3433; x_wconf 89' lang='lat' dir='ltr'>denuntiatus,</span> <span class='ocrx_word' id='word_1_1103' title='bbox 1765 3395 1806 3425; x_wconf 90' lang='lat' dir='ltr'>ut</span> <span class='ocrx_word' id='word_1_1104' title='bbox 1841 3401 1921 3426; x_wconf 90' lang='lat' dir='ltr'>eum</span> <span class='ocrx_word' id='word_1_1105' title='bbox 1954 3390 2137 3426; x_wconf 87' lang='lat' dir='ltr'>evictionis</span> <span class='ocrx_word' id='word_1_1106' title='bbox 2169 3389 2309 3424; x_wconf 93' lang='lat' dir='ltr'>nomine</span> <span class='ocrx_word' id='word_1_1107' title='bbox 2333 3387 2392 3422; x_wconf 90' lang='lat' dir='ltr'>de-</span> 
     </span>
    </p>
   </div>
   <div class='ocr_carea' id='block_1_10' title="bbox 1299 3497 2394 3717">
    <p class='ocr_par' dir='ltr' id='par_1_30' title="bbox 1299 3497 2394 3717">
     <span class='ocr_line' id='line_1_158' title="bbox 1299 3497 2394 3548; baseline -0.003 -13"><span class='ocrx_word' id='word_1_1108' title='bbox 1299 3503 1459 3547; x_wconf 79' lang='grc' dir='ltr'><strong><em>καὶπρὸς</em></strong></span> <span class='ocrx_word' id='word_1_1109' title='bbox 1472 3497 1597 3538; x_wconf 72' lang='grc' dir='ltr'><strong><em>αὐτούς</em></strong></span> <span class='ocrx_word' id='word_1_1110' title='bbox 1609 3506 1723 3538; x_wconf 82' lang='lat' dir='ltr'>deletis</span> <span class='ocrx_word' id='word_1_1111' title='bbox 1735 3506 1870 3548; x_wconf 80' lang='lat' dir='ltr'>reliquis</span> <span class='ocrx_word' id='word_1_1112' title='bbox 1882 3518 1944 3537; x_wconf 84' lang='lat' dir='ltr'>scr.</span> <span class='ocrx_word' id='word_1_1113' title='bbox 2037 3506 2081 3545; x_wconf 86' lang='lat'>(8)</span> <span class='ocrx_word' id='word_1_1114' title='bbox 2107 3505 2145 3536; x_wconf 75' lang='lat' dir='ltr'>id</span> <span class='ocrx_word' id='word_1_1115' title='bbox 2154 3510 2200 3535; x_wconf 80' lang='lat' dir='ltr'>est</span> <span class='ocrx_word' id='word_1_1116' title='bbox 2212 3502 2394 3543; x_wconf 84' lang='lat' dir='ltr'>Magistra·</span> 
     </span>
     <span class='ocr_line' id='line_1_159' title="bbox 1299 3549 2391 3592; baseline -0.002 -12"><span class='ocrx_word' id='word_1_1117' title='bbox 1299 3553 1352 3580; x_wconf 90' lang='lat' dir='ltr'>tus</span> <span class='ocrx_word' id='word_1_1118' title='bbox 1362 3559 1428 3590; x_wconf 91' lang='lat' dir='ltr'>quo</span> <span class='ocrx_word' id='word_1_1119' title='bbox 1438 3559 1526 3581; x_wconf 87' lang='lat' dir='ltr'>anno</span> <span class='ocrx_word' id='word_1_1120' title='bbox 1536 3549 1726 3592; x_wconf 81' lang='lat' dir='ltr'>funguntur</span> <span class='ocrx_word' id='word_1_1121' title='bbox 1733 3561 1794 3582; x_wconf 89' lang='lat' dir='ltr'>nec</span> <span class='ocrx_word' id='word_1_1122' title='bbox 1805 3560 1899 3582; x_wconf 86' lang='lat' dir='ltr'>suam</span> <span class='ocrx_word' id='word_1_1123' title='bbox 1908 3550 2003 3581; x_wconf 89' lang='lat' dir='ltr'>litem</span> <span class='ocrx_word' id='word_1_1124' title='bbox 2012 3550 2163 3591; x_wconf 82' lang='lat' dir='ltr'>incipere</span> <span class='ocrx_word' id='word_1_1125' title='bbox 2173 3558 2280 3588; x_wconf 86' lang='lat' dir='ltr'>neque</span> <span class='ocrx_word' id='word_1_1126' title='bbox 2290 3557 2391 3588; x_wconf 89' lang='lat' dir='ltr'>agen-</span> 
     </span>
     <span class='ocr_line' id='line_1_160' title="bbox 1299 3594 2392 3638; baseline -0.002 -13"><span class='ocrx_word' id='word_1_1127' title='bbox 1299 3594 1340 3625; x_wconf 88' lang='lat' dir='ltr'>do</span> <span class='ocrx_word' id='word_1_1128' title='bbox 1350 3604 1456 3635; x_wconf 85' lang='lat' dir='ltr'>neque</span> <span class='ocrx_word' id='word_1_1129' title='bbox 1467 3594 1633 3627; x_wconf 88' lang='lat' dir='ltr'>iudicium</span> <span class='ocrx_word' id='word_1_1130' title='bbox 1642 3595 1841 3638; x_wconf 82' lang='lat' dir='ltr'>accipiendo</span> <span class='ocrx_word' id='word_1_1131' title='bbox 1853 3605 1960 3636; x_wconf 87' lang='lat' dir='ltr'>neque</span> <span class='ocrx_word' id='word_1_1132' title='bbox 1973 3605 2096 3632; x_wconf 87' lang='lat' dir='ltr'>eorum,</span> <span class='ocrx_word' id='word_1_1133' title='bbox 2112 3603 2252 3634; x_wconf 90' lang='lat' dir='ltr'>quorum</span> <span class='ocrx_word' id='word_1_1134' title='bbox 2265 3595 2392 3624; x_wconf 81' lang='lat' dir='ltr'>tutores</span> 
     </span>
     <span class='ocr_line' id='line_1_161' title="bbox 1299 3637 2394 3681; baseline -0.001 -12"><span class='ocrx_word' id='word_1_1135' title='bbox 1299 3642 1510 3671; x_wconf 83' lang='lat' dir='ltr'>curatoresve</span> <span class='ocrx_word' id='word_1_1136' title='bbox 1529 3643 1619 3672; x_wconf 83' lang='lat' dir='ltr'>sunt.</span> <span class='ocrx_word' id='word_1_1137' title='bbox 1667 3640 1734 3673; x_wconf 91' lang='lat' dir='ltr'>Ubi</span> <span class='ocrx_word' id='word_1_1138' title='bbox 1755 3651 1832 3672; x_wconf 85' lang='lat' dir='ltr'>vero</span> <span class='ocrx_word' id='word_1_1139' title='bbox 1855 3639 2053 3681; x_wconf 81' lang='lat' dir='ltr'>magistratu</span> <span class='ocrx_word' id='word_1_1140' title='bbox 2069 3637 2227 3677; x_wconf 87' lang='lat' dir='ltr'>abierint,</span> <span class='ocrx_word' id='word_1_1141' title='bbox 2240 3640 2273 3669; x_wconf 84' lang='lat' dir='ltr'>et</span> <span class='ocrx_word' id='word_1_1142' title='bbox 2294 3637 2337 3669; x_wconf 84' lang='lat' dir='ltr'>iis</span> <span class='ocrx_word' id='word_1_1143' title='bbox 2359 3639 2394 3668; x_wconf 85' lang='lat' dir='ltr'>et</span> 
     </span>
     <span class='ocr_line' id='line_1_162' title="bbox 1299 3683 1914 3717; baseline 0.003 -2"><span class='ocrx_word' id='word_1_1144' title='bbox 1299 3683 1456 3716; x_wconf 82' lang='lat' dir='ltr'>adversus</span> <span class='ocrx_word' id='word_1_1145' title='bbox 1477 3695 1533 3717; x_wconf 86' lang='lat' dir='ltr'>eos</span> <span class='ocrx_word' id='word_1_1146' title='bbox 1557 3685 1651 3717; x_wconf 89' lang='lat' dir='ltr'>litem</span> <span class='ocrx_word' id='word_1_1147' title='bbox 1676 3685 1800 3717; x_wconf 81' lang='lat' dir='ltr'>inferre</span> <span class='ocrx_word' id='word_1_1148' title='bbox 1811 3685 1914 3717; x_wconf 85' lang='lat' dir='ltr'>licere</span> 
     </span>
    </p>
   </div>
   <div class='ocr_carea' id='block_1_11' title="bbox 2047 3785 2116 3816">
    <p class='ocr_par' dir='ltr' id='par_1_31' title="bbox 2047 3785 2116 3816">
     <span class='ocr_line' id='line_1_163' title="bbox 2047 3785 2116 3816; baseline 0 0"><span class='ocrx_word' id='word_1_1149' title='bbox 2047 3785 2116 3816; x_wconf 78' lang='lat'>¹0*</span> 
     </span>
    </p>
   </div>
  </div>
 </body>
</html>
