2528 3918
124 106 184 135 ns
214 105 295 136 usu
327 104 499 134 mucro
528 102 856 133 Ancasscsssno
1200 87 1277 135 103

121 215 217 250 sicut
239 213 434 249 substituta
457 212 578 248 statim
602 212 734 247 domini
757 211 867 253 fiunt,
900 211 952 246 ita
974 212 1096 256 priora
1120 223 1207 257 quo-

122 269 190 304 que
216 269 259 294 ex
282 262 412 294 natura
436 257 575 292 fructus
601 256 767 291 desinunt
792 257 866 291 eius
893 266 984 291 esse:
1013 267 1096 292 nam
1120 257 1207 292 alio-

146 304 207 338 uin
239 303 335 349 quod
365 302 525 338 nascitur
554 301 744 336 fructuarii
768 305 823 336 est
849 305 884 336 et
908 312 986 336 cum
1013 303 1208 343 substituit,

121 316 251 383 desinit
274 348 348 383 eius
373 357 461 383 esse.
687 365 690 368 -

169 391 221 431 70
252 392 446 429 mmm
479 391 571 427 libro
603 392 753 437 septimo
786 391 922 426 decimo
955 391 1005 427 ad
1035 390 1208 427 Sabinum

122 438 214 482 Quid
238 448 318 482 ergo
343 437 374 472 si
396 447 469 472 non
492 436 605 471 faciat
635 447 701 471 nec
734 436 948 481 suppleat'?
983 436 1097 472 teneri
1129 448 1208 472 eum

122 482 355 528 proprietario
381 481 492 516 Gaius
518 481 661 516 Cassius
694 481 819 517 scribit
841 481 933 516 libro
959 481 1095 516 decimo
1119 482 1206 516 iuris

126 534 137 562 1
189 527 308 562 civilis.
356 527 501 561 Interim
525 530 663 568 tamen,
689 526 856 571 quamdiu
880 527 1149 561 summittantur
1173 530 1209 561 et

123 572 354 617 suppleantur
366 572 486 617 capita
506 582 597 616 quae
617 571 803 606 demortua
824 576 918 614 sunt,
937 572 1038 606 cuius
1057 572 1103 607 sit
1114 571 1208 606 fetus

121 617 312 662 quaeritur.
357 620 392 651 et
415 617 574 651 Iulianus
598 616 689 652 libro
714 616 918 652 tricensimo
945 617 1068 661 quinto
1093 616 1207 661 diges-

120 670 236 697 torum
260 662 384 696 scribit
407 661 562 706 pendere
587 671 708 696 eorum
733 662 947 704 dominium,
973 666 1031 704 ut,
1057 662 1087 697 si
1111 672 1207 697 sum-

119 707 323 748 mittantur,
359 707 430 741 sint
464 707 710 751 proprietarii,
756 707 786 742 si
820 717 893 742 non
929 707 1207 749 summittantur,

119 756 138 786 2
185 751 391 786 fructuarii:
426 762 516 796 quae
553 752 731 787 sententia
765 762 849 787 vera
885 756 948 787 est.
1005 752 1208 788 Secundum

118 807 210 841 quae
245 797 276 832 si
310 796 504 832 decesserit
536 796 650 839 fetus,
693 797 890 842 periculum
935 797 1002 832 erit
1043 797 1205 832 fructua-

117 842 171 883 rii,
196 852 268 876 non
292 841 535 886 proprietarii,
571 845 607 876 et
638 852 785 877 necesse
815 842 962 876 habebit
993 842 1081 877 alios
1112 842 1207 877 fetus

117 887 345 922 summittere.
390 887 486 922 unde
510 886 621 922 Gaius
648 887 793 922 Cassius
817 887 907 922 libro
933 890 1058 922 octavo
1085 887 1208 922 scribit

118 942 261 967 carnem
296 932 390 967 fetus
434 932 609 967 demortui
651 932 697 967 ad
738 932 975 967 fructuarium
1017 932 1205 977 pertinere.

118 980 137 1012 3
186 976 255 1012 Sed
279 977 374 1021 quod
399 976 528 1011 dicitur
551 976 679 1012 debere
705 987 784 1012 eum
808 977 1048 1020 summittere,
1073 978 1204 1013 totiens

116 1032 237 1056 verum
262 1026 326 1064 est,
352 1022 514 1066 quotiens
538 1023 651 1067 gregis
675 1023 731 1057 vel
754 1023 903 1057 armenti
927 1023 982 1057 vel
1006 1022 1146 1068 equitii,
1171 1023 1207 1057 id

116 1071 172 1102 est
195 1066 434 1102 universitatis
459 1078 546 1103 usus
569 1067 708 1102 fructus
733 1067 871 1112 legatus
896 1070 967 1102 est:
995 1072 1153 1103 ceterum
1177 1068 1206 1103 si

117 1115 138 1146 4
185 1111 403 1156 singulorum
428 1123 470 1147 ca
497 1113 596 1155 itum,
620 1113 706 1147 nihil
726 1112 915 1157 supplebit.
954 1113 1044 1148 Item
1064 1113 1095 1148 si
1113 1113 1206 1148 forte

116 1167 159 1191 eo
180 1160 349 1201 tempore,
375 1168 445 1202 quo
483 1161 561 1192 etus
583 1157 667 1192 editi
687 1162 779 1199 sunt,
801 1157 888 1192 nihil
906 1157 975 1192 fuit
994 1158 1090 1203 quod
1110 1169 1205 1193 sum-

117 1201 208 1236 mitti
232 1201 395 1244 deberet,
428 1213 524 1237 nunc
549 1203 627 1237 est²
658 1206 741 1247 post
772 1202 979 1237 editionem:
1013 1207 1132 1238 utrum
1163 1214 1207 1238 ex

116 1246 171 1281 his
196 1257 287 1291 quae
311 1246 459 1282 edentur
482 1247 701 1283 summittere
726 1247 879 1290 debebit,
905 1258 951 1282 an
974 1259 1017 1283 ex
1036 1248 1092 1283 his
1113 1258 1206 1293 quae

116 1291 212 1326 edita
232 1295 326 1333 sunt,
347 1292 535 1327 videndum
555 1296 618 1327 est.
653 1296 740 1337 puto
761 1296 880 1327 autem
899 1293 1017 1328 verius
1039 1303 1092 1335 ea,
1112 1303 1206 1338 quae

116 1336 221 1381 pleno
240 1347 344 1381 grege
364 1337 459 1372 edita
479 1342 573 1379 sunt,
599 1337 646 1373 ad
668 1338 905 1373 fructuarium
928 1339 1117 1383 pertinere,
1144 1338 1206 1373 sed

116 1382 348 1426 posteriorem
378 1382 492 1427 gregis
525 1393 649 1417 casum
680 1394 810 1418 nocere
841 1382 970 1418 debere
993 1383 1203 1418 fructuario.

116 1430 134 1460 5
184 1426 410 1462 Summittere
445 1431 564 1462 autem
599 1427 684 1465 facti
719 1432 776 1463 est
807 1432 842 1462 et
873 1428 1031 1463 Iulianus
1063 1440 1127 1473 pro
1155 1429 1205 1463 rie

116 1471 202 1506 dicit
235 1471 422 1516 dispertire
453 1476 488 1507 et
520 1472 675 1508 dividere
714 1476 749 1508 et
783 1473 989 1508 divisionem
1026 1484 1121 1518 quan
1148 1485 1204 1508 am

116 1516 254 1551 facere:
274 1516 368 1560 quod
377 1517 392 1538 ³
408 1517 600 1552 dominium
611 1517 677 1553 erit
687 1518 955 1553 summissorum
963 1519 1202 1563 proprietarii.

162 1559 211 1597 71
246 1561 486 1597 MARCELLUS
514 1563 604 1598 libro
634 1564 785 1608 septimo
817 1563 953 1598 decimo
985 1563 1204 1609 dz'qestorum

116 1605 154 1640 Si
184 1606 222 1640 in
253 1617 354 1649 area,
388 1609 489 1642 cuius
521 1618 606 1642 usus
638 1607 777 1643 fructus
809 1608 945 1643 alienus
980 1612 1091 1651 esset,
1127 1609 1204 1654 quis

116 1650 357 1694 aedificasset,
402 1652 497 1687 intra
531 1656 671 1697 tempus
708 1664 778 1697 quo
814 1664 901 1688 usus
937 1652 1076 1689 fructus
1112 1654 1205 1699 perit

116 1695 304 1775 51199Ἆῆ016
329 1697 470 1732 sublata
493 1698 633 1733 restitui
656 1709 761 1733 usum
792 1697 950 1733 fructum
981 1702 1116 1734 veteres
1148 1709 1203 1734 re-

117 1751 134 1776 s
162 1751 207 1775 on
237 1746 350 1776 erunt.

135 1752 214 1822 p72
247 1786 441 1822 ULPIANUS
469 1787 559 1823 libro
590 1789 742 1834 septimo
778 1788 915 1824 decimo
948 1788 998 1823 ad
1029 1787 1202 1824 Sabinum

116 1831 153 1866 Si
177 1831 340 1866 dominus
374 1832 491 1867 nudae
521 1834 750 1878 proprietatis
783 1843 888 1868 usum
919 1833 1077 1869 fructum
1107 1834 1202 1878 lega-

114 1876 214 1918 verit,
240 1886 361 1911 verum
385 1881 449 1919 est,
474 1878 570 1922 quod
581 1878 790 1913 Maecianus
815 1878 959 1922 scripsit
981 1878 1071 1914 libro
1096 1880 1201 1914 tertio

138 1922 364 1956 uaestionum
389 1922 432 1957 de
455 1922 746 1965 fideicommissis,
772 1923 889 1958 valere
912 1923 1086 1967 legatum:
1114 1928 1149 1959 et
1172 1925 1202 1959 si

114 1932 207 2001 forte
238 1967 274 2001 in
304 1967 377 2001 vita
409 1969 591 2003 testatoris
622 1968 677 2003 vel
708 1971 792 2002 ante
816 1968 948 2002 aditam
972 1969 1203 2004 hereditatem

115 2012 326 2055 proprietati
351 2013 561 2055 accesserit,
594 2013 640 2048 ad
664 2013 873 2057 legatarium
896 2014 1084 2058 pertinere.
1122 2014 1202 2059 plus

116 2056 269 2090 admittit
292 2056 519 2099 Maecianus,
546 2058 683 2093 etiamsi
706 2062 789 2102 post
812 2058 945 2092 aditam
968 2059 1203 2094 hereditatem

115 2101 326 2136 accessisset
349 2112 435 2137 usus
459 2103 618 2146 fructus,
650 2102 785 2138 utiliter
816 2103 908 2138 diem
942 2103 1067 2139 cedere
1099 2108 1134 2140 et
1158 2105 1204 2139 ad

115 2146 322 2190 legatarium
347 2148 535 2191 pertinere.

163 2188 214 2228 73
240 2191 469 2227 POMPONIUS
489 2193 580 2228 libro
605 2193 731 2239 quinto
756 2193 806 2228 ad
827 2192 1000 2229 Sabinum
1048 2193 1086 2228 Si
1098 2204 1202 2229 areae

115 2246 200 2270 usus
225 2235 364 2270 fruetus
396 2237 534 2282 legatus
566 2238 613 2273 sit
643 2238 745 2281 mihi,
778 2249 885 2283 posse
915 2248 971 2273 me
1003 2249 1123 2274 casam
1153 2239 1203 2274 ibi

114 2280 304 2316 aedificare
339 2282 523 2318 custodiae
558 2293 667 2318 causa
704 2293 824 2318 earum
859 2294 997 2325 rerum,
1041 2294 1133 2329 quae
1167 2285 1201 2318 in

114 2335 200 2360 area
224 2326 304 2360 sint.

160 2368 213 2406 74
248 2370 371 2406 Ο-ΑΠῙΒ
402 2370 494 2406 libro
528 2373 680 2417 septimo
713 2373 762 2407 ad
792 2373 946 2408 edictum
971 2373 1203 2419 provinciale

114 2415 151 2450 Si
175 2414 297 2450 Sticho
323 2425 423 2451 servo
448 2420 510 2451 tuo
536 2421 570 2451 et
593 2417 780 2462 Pamphilo
813 2428 890 2453 meo
922 2418 1061 2463 legatus
1092 2418 1202 2454 fuerit

114 2470 200 2495 usus
224 2460 381 2503 fructus,
406 2461 477 2496 tale
502 2465 555 2496 est
578 2461 750 2506 legatum,
784 2463 889 2507 quale
913 2464 943 2498 si
967 2464 1052 2498 mihi
1078 2467 1114 2499 et
1137 2464 1201 2498 tibi

2182 93 2260 135 VH
2295 97 2373 137 1.2

1280 212 1415 257 legatus
1441 218 1552 247 esset:
1587 216 1623 247 et
1645 212 1724 248 ideo
1750 213 1896 249 dubium
1921 224 1993 249 non
2018 217 2092 256 est,
2126 215 2210 260 quin
2238 226 2369 261 aequa-

1279 257 1360 292 liter
1383 257 1429 292 ad
1454 267 1519 293 nos
1543 257 1732 301 pertineat.

1786 373 1859 412 11⁴¹.

1454 448 1514 480 DE
1539 448 1627 480 usu
1652 448 1832 482 FRUCTU
1856 450 2198 484 ADGRESCENDO.

1329 523 1374 561 1⁵
1405 524 1600 561 Urpmws
1636 526 1726 561 libro
1758 528 1910 574 septimo
1943 528 2078 563 decimo
2112 529 2162 564 ad
2193 528 2366 565 Sabinum

1279 569 1449 614 Quotiens
1474 581 1562 606 usus
1585 571 1724 606 fructus
1748 572 1886 617 legatus
1911 576 1983 614 est,
2017 573 2067 607 ita
2091 574 2184 609 inter
2207 573 2370 610 fructua-

1277 615 1349 650 rios
1374 619 1429 650 est
1451 615 1506 650 ius
1531 615 1772 659 adcrescendi,
1799 618 1829 652 si
1854 617 2071 653 coniunctim
2096 619 2141 653 sit
2164 630 2251 654 usus
2272 620 2369 655 fruc-

1278 663 1336 694 tus
1360 660 1549 695 relictus⁶:
1584 665 1739 697 ceterum
1772 663 1802 697 si
1826 663 2018 707 separatim
2043 664 2232 708 unicuique
2283 666 2370 700 artis

1276 706 1328 740 rei
1352 716 1439 740 usus
1463 705 1604 741 fructus
1630 707 1676 742 sit
1699 707 1864 750 relictus,
1898 708 1973 742 sine
2006 707 2112 743 dubio
2146 709 2201 743 ius
2226 720 2246 743 a
2274 721 2369 745 cres-

1280 754 1294 784 1
1347 750 1450 785 cendi
1475 755 1602 786 cessat.
1651 752 1815 797 Denique
1847 752 1944 798 apud
1968 753 2145 788 Iulianum
2179 754 2271 789 libro
2306 756 2368 790 tri-

1276 796 1432 840 gensimo
1471 797 1593 841 quinto
1630 797 1848 842 digestorum
1883 798 2083 842 quaeritur,
2128 799 2158 833 si
2194 800 2370 835 communi

1277 850 1377 875 servo
1402 851 1489 876 usus
1513 841 1652 877 fructus
1678 843 1725 877 sit
1747 843 1892 878 relictus
1919 847 1954 878 et
1977 844 2119 888 utrique
2145 843 2286 880 domino
2306 845 2368 879 ad-

1300 885 1427 920 uisitus
1438 887 1462 928 ⁷,
1497 897 1543 921 an
1576 887 1687 923 altero
1719 888 1931 933 repudiante
1962 888 2017 923 vel
2049 889 2232 925 amittente
2265 902 2369 925 usum

1292 935 1434 965 ructum
1466 932 1557 967 alter
1589 936 1704 967 totum
1736 934 1887 968 habeat:
1922 936 1958 968 et
1989 935 2117 985 putat⁸
2142 934 2187 968 ad
2219 935 2369 970 alterum

1275 976 1472 1021 pertinere,
1507 980 1542 1012 et
1573 977 1658 1012 licet
1690 978 1841 1013 dominis
1873 989 1961 1013 usus
1985 979 2124 1014 tructus
2149 990 2221 1014 non
2247 981 2368 1025 aequis

1275 1021 1458 1066 partibus,
1492 1022 1555 1057 sed
1578 1034 1643 1067 pro
1669 1023 1853 1059 dominicis
1878 1023 2109 1068 adquiratur,
2142 1028 2263 1060 tamen
2287 1036 2368 1069 per-

1276 1077 1365 1101 sona
1395 1067 1407 1100 i
1435 1067 1508 1102 sius
1520 1067 1543 1109 ⁹,
1578 1079 1649 1102 non
1683 1068 1907 1104 dominorum
1941 1069 2105 1114 inspecta
2140 1070 2185 1104 ad
2218 1071 2369 1105 alterum

1276 1114 1295 1145 2
1345 1122 1388 1146 ex
1422 1112 2243 1159 ominispertinere‚nonproprietatiaecedere‚
2270 1116 2367 1150 Idem

1276 1157 1326 1191 ait
1351 1160 1385 1191 et
1409 1157 1440 1192 si
1460 1158 1637 1193 communi
1658 1169 1758 1194 servo
1781 1163 1816 1194 et
1835 1160 2029 1204 separatim
2049 1160 2143 1195 Titio
2165 1171 2251 1195 usus
2271 1161 2367 1195 fruc-

1275 1206 1333 1236 tus
1364 1202 1502 1246 legatus
1536 1203 1600 1246 sit,
1638 1204 1806 1239 amissum
1838 1205 1882 1239 ab
1917 1205 2027 1240 altero
2061 1215 2104 1239 ex
2136 1206 2241 1240 sociis
2266 1216 2368 1240 usum

1275 1246 1431 1282 fructum
1445 1249 1472 1268 ¹⁰
1495 1259 1567 1283 non
1591 1248 1638 1283 ad
1657 1249 1800 1292 Titium,
1827 1249 1889 1284 sed
1914 1249 1961 1284 ad
1985 1250 2100 1285 solum
2125 1251 2262 1286 socium
2286 1262 2367 1295 per-

1275 1292 1389 1327 tinere
1414 1292 1544 1328 debere
1568 1294 1671 1338 quasi
1695 1295 1810 1330 solum
1835 1295 2082 1330 coniunctum:
2109 1306 2201 1340 quae
2225 1300 2366 1331 senten-

1274 1337 1325 1372 tia
1348 1348 1433 1372 vera
1458 1339 1570 1373 est¹¹:
1596 1349 1680 1374 nam
1703 1340 1873 1385 quamdiu
1895 1340 1949 1375 vel
1974 1351 2065 1375 uuus
2091 1341 2223 1383 utitur,
2249 1345 2368 1386 potest

1276 1382 1346 1417 dici
1369 1393 1473 1417 usum
1497 1383 1652 1419 fructum
1676 1385 1713 1419 in
1736 1395 1801 1421 suo
1828 1388 1925 1420 statu
1950 1396 2027 1420 esse
2042 1386 2078 1420 ¹2.
2115 1386 2208 1420 idem
2232 1390 2305 1429 est,
2338 1387 2368 1421 si

1276 1427 1415 1462 duobus
1457 1428 1675 1464 coniunctim
1711 1434 1746 1465 et
1781 1430 1885 1465 alteri
1920 1431 2111 1475 separatim
2147 1442 2233 1466 usus
2269 1431 2366 1466 fruc-

1276 1476 1294 1507 3
1342 1476 1401 1508 tus
1415 1477 1509 1509 esset
1521 1475 1666 1510 relictus
1680 1476 1718 1510 ¹³.
1766 1475 1949 1510 Interdum
1972 1479 2091 1510 tamen
2117 1477 2183 1511 etsi
2208 1487 2278 1511 non
2296 1477 2368 1511 sint

1276 1517 1475 1560 coniuncti,
1507 1522 1627 1554 tamen
1659 1531 1745 1555 usus
1769 1520 1909 1556 fructus
1933 1521 2070 1565 legatus
2096 1521 2199 1556 alteri
2224 1522 2366 1556 adcres-

1276 1563 1339 1597 cit:
1366 1567 1405 1597 ut
1428 1567 1517 1608 puta
1542 1565 1571 1599 si
1596 1565 1681 1599 mihi
1704 1566 1806 1600 fundi
1827 1576 1913 1600 usus
1935 1565 2074 1601 fructus
2096 1567 2289 1611 separatim
2309 1571 2364 1602 to-

1275 1608 1346 1642 tius
1381 1613 1416 1643 et
1447 1609 1511 1643 tibi
1543 1609 1701 1645 similiter
1731 1611 1841 1645 fuerit
1855 1612 1881 1631 ²⁴
1906 1611 2062 1646 relictus.
2099 1622 2200 1653 nam,
2227 1615 2267 1646 ut
2292 1615 2326 1647 et
2339 1613 2367 1633 ¹⁵

1275 1652 1398 1688 Celsus
1430 1653 1519 1689 libro
1553 1660 1679 1690 octavo
1717 1656 1853 1690 decimo
1887 1656 2100 1700 digestorum
2137 1661 2172 1691 et
2207 1657 2366 1692 Iulianus

1274 1698 1364 1733 libro
1401 1699 1602 1735 tricensimo
1641 1701 1763 1745 quinto
1801 1700 1925 1736 scribit
1940 1702 1984 1743 ¹⁶,
2029 1712 2207 1737 concursu
2243 1706 2366 1747 partes

1274 1744 1464 1778 habemus:
1499 1745 1594 1789 quod
1626 1751 1661 1780 et
1691 1746 1729 1779 in
1761 1746 1980 1791 proprietate
2013 1747 2251 1791 contingeret:
2281 1758 2365 1782 nam

1274 1789 1386 1822 altero
1419 1789 1629 1833 repudiante
1661 1791 1751 1826 alter
1784 1795 1898 1826 totum
1933 1791 2084 1826 fundum
2107 1792 2266 1827 haberet.
2304 1793 2366 1827 sed

1273 1834 1309 1867 in
1334 1844 1402 1868 usu
1426 1834 1546 1869 fructu
1578 1835 1647 1870 hoc
1679 1836 1759 1880 plus
1793 1840 1847 1871 est
1860 1838 1898 1878 ¹⁷,
1932 1837 2055 1881 quia¹⁸
2080 1840 2116 1871 et
2148 1837 2364 1873 constitutus

1275 1884 1309 1912 et
1333 1882 1459 1922 postea
1485 1880 1635 1915 amissus
1657 1881 1765 1916 nihilo
1787 1881 1945 1916 minus¹⁹
1968 1882 2023 1917 ius
2048 1882 2278 1917 adcrescendi
2302 1882 2364 1917 ad-

1274 1924 1400 1958 mittit:
1435 1934 1555 1959 omnes
1590 1926 1681 1960 enim
1714 1930 1879 1961 auctores
1904 1927 2000 1972 apud
2023 1927 2204 1962 Plautium
2229 1927 2272 1962 de
2296 1928 2365 1963 hoc

1275 1974 1531 2004 consenserunt
1568 1974 1620 2012 et,
1657 1975 1696 2005 ut
1707 1972 1737 1991 2⁰
1770 1971 1893 2006 Celsus
1927 1975 1962 2006 et
1992 1972 2152 2007 Iulianus
2186 1973 2366 2017 eleganter

1274 2014 1385 2056 aiunt,
1401 2024 1488 2049 usus
1500 2014 1640 2051 fructus
1655 2016 1799 2051 cottidie
1813 2017 2042 2052 constituitur
2063 2021 2099 2052 et
2110 2017 2259 2062 legatur,
2281 2029 2364 2060 non,

1274 2063 1313 2093 ut
1344 2059 1563 2104 proprietas,
1588 2071 1629 2096 eo
1655 2061 1730 2097 solo
1756 2065 1915 2106 tempore
1940 2073 2008 2107 quo
2034 2062 2244 2098 vindicatur.
2282 2074 2364 2098 cum

1273 2104 1424 2148 primum
1437 2104 1558 2150 itaque
1577 2116 1648 2141 non
1667 2106 1823 2142 inveniet
1842 2107 1932 2142 alter
1952 2108 2082 2150 eum²¹‚
2109 2108 2169 2152 qui
2190 2108 2256 2142 sibi
2279 2119 2364 2143 con-

1274 2154 1404 2191 currat,
1430 2150 1527 2185 solus
1552 2154 1673 2186 utetur
1696 2152 1732 2186 in
1756 2155 1882 2193 totum,
1907 2163 1973 2187 nec
1997 2152 2117 2194 refert,
2144 2153 2363 2187 coniunctim

1274 2198 1293 2228 4
1341 2204 1387 2228 an
1406 2195 1600 2239 separatim
1620 2197 1842 2241 relinquatur
1853 2197 1894 2231 2².
1931 2198 2029 2232 Idem
2041 2198 2070 2218 2³
2094 2198 2253 2233 Iulianus
2272 2199 2363 2233 libro

1273 2239 1476 2284 trigensimo
1514 2240 1637 2285 quinto
1674 2241 1890 2286 digestorum
1926 2243 2119 2287 scripsit2'·‚
2156 2243 2186 2278 si
2223 2243 2363 2278 duobus

1273 2284 1460 2319 heredibus
1485 2285 1656 2320 institutis
1681 2286 1831 2322 deducto
1857 2298 1924 2322 usu
1948 2287 2069 2322 fructu
2089 2288 2288 2332 proprietas
2313 2289 2362 2323 le-

1273 2334 1392 2372 oretur,
1416 2330 1472 2365 ius
1497 2331 1730 2366 adcrescendi
1754 2332 1902 2367 heredes
1927 2344 1999 2367 non
2023 2333 2173 2368 habere:
2208 2343 2289 2367 nam
2314 2333 2362 2367 vi-

1271 2357 1348 2409 {ieri
1371 2385 1474 2410 usum
1505 2376 1663 2411 fructum
1696 2378 1980 2419 constitutum2⁵‚
2014 2389 2085 2413 uon
2117 2389 2180 2422 per
2213 2389 2361 2413 concur-

1273 2430 1351 2454 sum
1377 2419 1545 2455 divisum:

1319 2463 1343 2500 2
1369 2466 1595 2501 AFRICANUS
1627 2467 1717 2502 libro
1754 2468 1879 2512 quaa-ato
1916 2469 2164 2513 quaestionum
2211 2468 2363 2513 ideoque

115 2620 153 2659 (1)
179 2629 240 2650 nec
253 2619 409 2661 suppleat
422 2620 483 2652 del.
498 2620 652 2663 Krueyer

114 2674 180 2704 quo
192 2676 253 2696 scr.

159 2709 203 2749 (4)
228 2708 309 2742 Sab.
326 2716 402 2742 1...4.
419 2716 517 2743 e...1o.
530 2717 572 2743 12.
585 2720 593 2748 3
609 2710 677 2744 Ed.
691 2718 727 2749 53
743 2710 828 2752 Pap.
842 2718 881 2744 11.
897 2729 943 2734 —-
954 2711 1041 2745 Bas.
1059 2713 1110 2751 16,
1123 2720 1140 2746 2

114 2754 160 2794 (5)
187 2753 208 2786 l.
222 2760 245 2787 1.
261 2770 304 2782 =
320 2754 392 2787 Vat.
398 2755 449 2796 fr.
468 2759 482 2793 §
498 2762 607 2788 75...78
712 2756 758 2796 (6)
785 2755 962 2796 [Quotiens
975 2767 1056 2788 usus
1069 2756 1200 2789 fructus

112 2798 244 2840 legatus
273 2801 324 2830 est
333 2824 341 2838 ‚
374 2802 425 2830 est
453 2799 544 2831 inter
574 2799 791 2841 fructu1arios
815 2801 868 2832 ius
891 2801 1118 2842 adcrescendi,
1144 2802 1201 2835 sed

115 2843 187 2883 [ita,
208 2843 237 2875 si
258 2843 465 2875 coniunctim
480 2844 524 2876 sit
536 2855 616 2877 usus
627 2845 758 2877 fructus
770 2845 909 2877 relictus
921 2856 982 2878 nec
996 2847 1078 2886 nisi]
1100 2847 1135 2879 in
1157 2847 1200 2879 do

112 2887 189 2928 lego
201 2887 312 2929 legato
325 2888 422 2921 modo
440 2889 513 2922 Vat.
667 2891 710 2931 (7)
737 2891 784 2931 [et
796 2890 957 2922 ambobus
970 2891 1129 2932 domiJnis
1141 2892 1198 2924 ad-

114 2932 259 2974 quisitus
271 2933 317 2965 sit
332 2934 405 2967 Vat.
551 2935 595 2976 (8)
621 2937 655 2967 et
666 2935 820 2967 Iulianus
834 2936 967 2977 quidem
982 2938 1106 2978 [putat]
1124 2937 1197 2970 Vat.

114 2978 158 3019 (9)
183 2978 291 3020 ipsius
307 2976 368 3018 Pb,
383 2979 455 3010 eius
467 2979 522 3011 Fa
720 2982 778 3021 (10)
804 2981 962 3013 amissam
974 2986 1104 3023 partem
1118 2993 1198 3014 usus

113 3022 242 3054 fructus
260 3024 332 3055 Vat.
470 3025 525 3065 (11)
553 3034 637 3066 quae
653 3026 823 3058 sententia
834 3036 913 3058 vera
927 3028 989 3067 est]
1009 3037 1109 3068 quam
1122 3037 1196 3059 sen-

113 3068 251 3100 tentiam
266 3078 373 3109 neque
387 3068 568 3101 Marcellus
582 3079 691 3110 neque
701 3070 934 3103 Mauricianus
949 3072 1113 3113 probant:
1134 3074 1195 3104 Pa-

114 3112 273 3152 pinianus
293 3123 424 3154 quoque
451 3113 539 3145 libro
561 3114 657 3150 XVII
680 3116 916 3156 quaestionum
937 3116 978 3148 ab
1001 3127 1039 3149 ea
1058 3117 1195 3150 recedit.

114 3166 198 3197 quae
211 3157 380 3189 sententia
391 3159 525 3190 Neratii
538 3158 642 3191 fuerit
654 3159 734 3201 (fuit
748 3162 841 3198 cod),
865 3164 915 3193 est
928 3160 1016 3194 libro
1029 3162 1047 3194 I
1060 3172 1197 3204 respon-

115 3211 225 3232 sorum
237 3201 389 3234 relatum.
409 3202 466 3235 sed
475 3206 558 3245 puto
568 3214 638 3236 esse
650 3215 760 3237 veram
771 3205 898 3238 Iuliani
911 3207 1113 3239 sententiam
1123 3208 1196 3240 Vae.

115 3246 173 3284 (121
199 3256 268 3278 esse
281 3250 371 3279 statu
388 3248 472 3290 Vat.‚
495 3249 554 3281 ubi
565 3249 647 3282 lzaec
658 3257 854 3292 sequuntur.-
871 3252 1078 3293 Pomponius
1093 3253 1143 3284 ait
1155 3252 1197 3284 li-

114 3288 174 3320 bro
187 3290 251 3321 VII
265 3301 304 3323 ex
318 3291 454 3324 Plautio
467 3292 572 3324 relata
583 3293 710 3326 Iuliani
723 3295 892 3327 sententia
905 3296 1066 3337 quosdam
1078 3307 1149 3329 esse
1161 3297 1197 3329 in

115 3333 278 3366 diversam
293 3336 504 3378 opinionem:
523 3348 584 3369 nec
606 3339 695 3371 enim
708 3340 816 3381 magis
829 3340 921 3373 socio
934 3340 1052 3374 debere
1066 3341 1197 3374 adcres-

115 3387 187 3409 cere
200 3389 299 3419 quam
311 3380 446 3413 deberet
457 3382 499 3422 ei,
513 3382 572 3423 qui
584 3383 681 3416 fundi
697 3384 824 3417 habens
837 3396 933 3417 usum
953 3385 1100 3419 fructum
1120 3398 1196 3428 par-

115 3426 180 3453 tem
194 3433 273 3455 usus
294 3424 423 3457 fructus
436 3428 661 3468 proprietario
676 3429 778 3461 cessit
789 3429 840 3462 vel
852 3440 920 3462 non
933 3431 1059 3463 utendo
1071 3432 1194 3464 amisit.

115 3477 176 3508 ego
188 3471 298 3499 autem
310 3469 437 3503 Iuliani
448 3472 651 3504 sententiam
670 3484 738 3505 non
750 3475 882 3507 ratione
894 3475 1109 3508 adcrescendi
1121 3487 1197 3518 pro-

114 3510 257 3543 bandam
269 3516 361 3553 puto,
378 3514 436 3547 sed
455 3526 504 3555 eo,
527 3517 616 3557 quod
628 3519 788 3559 quamdiu
801 3530 915 3552 servus
929 3523 989 3560 est,
1011 3521 1107 3553 cuius
1121 3532 1196 3562 per-

115 3566 196 3587 sona
209 3556 245 3588 in
257 3556 368 3598 legato
381 3563 562 3601 spectatur,
582 3572 651 3594 non
674 3562 772 3595 debet
784 3564 895 3605 perire
909 3565 1032 3606 portio.
1057 3570 1198 3608 urgetur

115 3604 225 3632 tamen
239 3601 364 3633 Iuliani
383 3605 551 3637 sententia
571 3608 777 3648 argumentis
788 3610 973 3650 Pomponi:
996 3621 1197 3652 quamquam

117 3644 261 3676 Sabinus
276 3647 496 3688 responderit,
520 3653 559 3681 ut
573 3653 606 3681 et
619 3650 735 3683 Celsus
759 3654 835 3692 (ins.
845 3652 996 3686 Iulianus
1010 3656 1095 3696 cod.)
1109 3655 1196 3687 libro

114 3688 230 3721 XVIII
251 3690 397 3727 (XVIIII
419 3694 499 3731 cod.)
522 3694 723 3735 digestorum
745 3698 860 3740 refert,
880 3709 964 3738 eum,
989 3699 1049 3740 qui
1069 3703 1197 3741 partem

710 2621 754 2661 (2)
781 2625 831 2652 est
845 2621 882 2660 S,
897 2622 976 2653 etF
1031 2625 1073 2661 (3)
1099 2622 1200 2663 quod]

1271 2634 1351 2655 usus
1364 2624 1493 2656 fructus
1507 2625 1543 2656 in
1557 2625 1630 2656 iure
1646 2625 1757 2663 cessit,
1772 2628 1805 2656 et
1827 2625 1980 2657 amittere
1996 2628 2125 2666 partem
2146 2629 2180 2658 et
2203 2627 2277 2668 ipso
2291 2638 2359 2658 mo-

1270 2671 1382 2700 mento
1395 2670 1552 2710 recipere.
1579 2679 1677 2710 quam
1692 2670 1894 2701 sententiam
1914 2670 1988 2711 ipse
2010 2673 2049 2702 ut
2068 2671 2225 2703 stolidam
2248 2682 2360 2713 repre-

1270 2713 1398 2753 hendit,
1412 2715 1535 2746 etenim
1549 2724 1620 2746 esse
1630 2714 1852 2755 incogitabile
1867 2715 2005 2747 eandem
2014 2726 2084 2748 esse
2094 2727 2228 2748 causam
2240 2717 2361 2758 cuique

1269 2762 1302 2789 et
1315 2758 1494 2791 omittendi
1509 2762 1542 2791 et
1554 2758 1742 2800 recipiendi
1839 2761 1897 2800 (13)
1921 2760 2015 2792 Idem
2026 2784 2033 2792 .
2044 2786 2052 2794 .
2065 2785 2071 2792 .
2082 2761 2237 2804 relictus]
2256 2762 2360 2793 Iulia-

1269 2814 1332 2834 nus
1345 2803 1475 2844 scribit,
1490 2804 1519 2835 si
1533 2814 1627 2836 servo
1644 2804 1813 2836 communi
1829 2807 1863 2836 et
1875 2804 1967 2837 Titio
1981 2816 2061 2838 usus
2076 2806 2206 2839 fructus
2227 2806 2361 2848 legatur

1269 2852 1302 2879 et
1314 2858 1401 2880 unus
1416 2859 1455 2880 ex
1468 2849 1614 2880 dominis
1627 2849 1779 2881 amiserit
1793 2860 1890 2881 usum
1901 2849 2060 2891 fructum,
2079 2862 2147 2883 non
2169 2852 2360 2884 adcrescere

1268 2893 1371 2932 Titio,
1393 2893 1450 2925 sed
1462 2893 1526 2925 soli
1538 2894 1640 2933 socio,
1656 2894 1934 2935 quemadmodum
1954 2895 2057 2936 fieret,
2080 2896 2107 2928 si
2130 2897 2260 2929 duobus
2281 2907 2359 2929 con-

1267 2938 1413 2969 iunctim
1425 2941 1459 2970 et
1470 2938 1568 2970 alteri
1583 2939 1763 2980 separatim
1776 2942 1862 2972 esset
1874 2940 2022 2973 relictus.
2049 2941 2106 2973 sed
2121 2942 2179 2983 qui
2193 2941 2358 2974 diversam

1267 2983 1469 3014 sententiam
1485 2982 1641 3025 probant,
1657 2984 1738 3025 quid
1754 2984 1928 3017 dicerent?
1946 2988 2057 3017 utrum
2071 2990 2228 3019 extraneo
2242 2987 2305 3019 soli
2315 2997 2358 3019 an

1267 3029 1366 3059 etiam
1381 3028 1474 3059 socio
1489 3028 1679 3061 adcrescere
1689 3029 1704 3060 ἶ)
1717 3032 1751 3061 et
1764 3030 1823 3071 qui
1837 3030 2007 3062 Iulianum
2022 3031 2202 3071 consuluit,
2217 3032 2267 3064 ita
2279 3042 2358 3064 con—

1267 3072 1382 3111 suluit,
1398 3083 1441 3105 an
1455 3073 1497 3104 ad
1510 3076 1689 3115 utrumque
1703 3077 1828 3113 (utrum
1845 3077 1928 3115 cod.)
1943 3076 2123 3117 pertineat,
2141 3077 2237 3118 quasi
2250 3077 2359 3118 possit

1266 3122 1299 3149 et
1320 3118 1387 3159 ipsi
1409 3118 1501 3150 socio
1514 3118 1715 3151 adcrescere.
1741 3120 1860 3161 atquin
1876 3121 1964 3162 quod
1986 3122 2061 3163 quis
2081 3122 2217 3163 amittit,
2240 3132 2357 3154 secun-

1267 3163 1345 3194 dum
1360 3163 1528 3204 Pomponi
1540 3165 1744 3196 sententiam
1758 3165 1826 3207 ipsi
1841 3176 1910 3197 non
1924 3166 2055 3198 accedit
2072 3167 2143 3199 Vat.
2204 3168 2262 3208 (14)
2277 3177 2356 3198 usus

1266 3208 1395 3240 fructus
1411 3209 1468 3241 ins,
1482 3209 1554 3241 Vat-
1695 3210 1752 3251 (15)
1778 3213 1811 3242 et
1823 3222 1881 3243 om.
1894 3211 1965 3243 Vat.
2117 3213 2175 3252 (16)
2203 3211 2357 3243 scribunt

1266 3261 1339 3288 (scr.
1354 3254 1418 3286 cod
1420 3258 1439 3288 .)
1458 3253 1531 3285 Vat.
1679 3256 1736 3295 (17)
1761 3259 1879 3287 contra
1891 3266 1991 3297 quam
2004 3256 2205 3288 Atilicinum
2219 3266 2355 3297 respon-

1265 3297 1353 3329 disse
1376 3297 1528 3329 Fufidius
1549 3298 1707 3336 (aufidius
1731 3301 1815 3336 cod.)
1837 3299 1940 3333 Chius
1961 3301 2136 3334 refertius.
2157 3301 2229 3333 Vat.

1266 3344 1325 3383 (18)
1352 3343 1447 3383 quia]
1468 3342 1556 3384 quod
1574 3344 1646 3377 Vat.
1707 3345 1766 3386 (19)
1781 3348 1813 3377 et
1825 3349 1942 3387 postea
1954 3346 2095 3378 amissus
2106 3345 2214 3378 nihilo
2230 3345 2353 3384 minus]

1264 3387 1374 3418 nihilo
1392 3387 1501 3419 minus
1511 3388 1651 3421 amissus
1669 3389 1744 3423 Vat.
1804 3391 1866 3431 (20)
1881 3394 1914 3422 et
1926 3392 1975 3431 ut]
1990 3394 2027 3422 ut
2039 3394 2073 3423 et
2090 3391 2163 3423 Vae.
2237 3391 2293 3429 (21)
2308 3390 2355 3421 sic

1265 3432 1299 3463 F
1304 3445 1371 3464 cum
1388 3433 1432 3472 B,
1451 3432 1592 3465 alterum
1605 3434 1635 3467 S
1648 3447 1716 3467 cum
1734 3435 1807 3467 Vat.
1858 3437 1919 3478 (22)
1945 3446 2006 3468 nec
2018 3435 2135 3467 refert.
2148 3460 2155 3468 .
2167 3460 2174 3467 .
2184 3433 2353 3473 relinqua-

1266 3478 1333 3517 tur]
1347 3475 1492 3509 Vindius
1511 3481 1619 3511 tamen
1634 3479 1710 3510 dum
1725 3479 1873 3511 consulit
1886 3480 2067 3519 Iulianum,
2086 3480 2123 3511 in
2141 3489 2179 3510 ea
2192 3478 2353 3519 opinione

1266 3525 1325 3560 est,
1347 3525 1385 3553 ut
1396 3524 1496 3564 putet
1511 3533 1579 3555 non
1592 3524 1676 3556 alias
1697 3525 1749 3556 ius
1771 3524 1986 3556 adcrescendi
2007 3535 2075 3556 esse
2098 3533 2196 3564 quam
2217 3523 2252 3554 in
2273 3533 2352 3554 con-

1266 3566 1410 3599 iunctis=
1433 3567 1493 3609 qui
1508 3578 1667 3610 responso
1683 3569 1751 3601 ait:
1766 3569 1855 3601 nihil
1868 3569 1968 3601 refert
1981 3568 2189 3600 coniunctim
2202 3577 2243 3598 an
2257 3577 2352 3608 sepa-

1266 3611 1364 3643 ratim
1384 3611 1595 3653 relinquatur
1611 3614 1683 3646 Vat.
1786 3615 1845 3654 (23)
1871 3614 1959 3646 idem
1972 3626 2030 3646 om.
2042 3613 2113 3645 Vat.
2215 3613 2276 3653 (24)
2302 3611 2352 3643 di-

1266 3658 1434 3696 gestorum
1453 3658 1604 3699 scripsit]
1618 3656 1738 3690 scribit
1755 3659 1828 3691 Vnt.
1946 3659 2007 3697 (25)
2024 3658 2166 3697 firmant
2183 3656 2277 3689 Vat..·
2293 3666 2351 3697 per

1267 3703 1378 3741 partes
1392 3702 1439 3734 ins
1448 3725 1455 3731 .
