2528 3918
137 146 192 183 'AN
221 152 307 183 PER
334 152 475 183 ALIUM
505 150 675 183 CAUSAE
704 149 945 181 APPELLAT.

595 263 712 303 VIIII
723 263 748 302 ¹.

177 331 239 364 AN
274 330 364 363 PER
399 329 545 363 Aiiiun
575 328 749 362 cAusAE
781 327 1169 362 APPELLATIONUM

479 374 624 417 namn
653 373 862 407 rossum.

180 441 198 478 1
239 439 433 477 prunvs
460 439 551 476 libro
583 443 714 485 quarto
747 439 1030 486 appellationum
1085 436 1215 482 Quaeri

131 486 238 530 solet,
270 496 318 522 an
347 495 413 531 per
442 484 551 521 alium
580 495 711 520 causae
733 483 983 530 appellationis
1006 482 1107 518 reddi
1129 493 1213 534 pos-

132 535 234 568 sunt:
267 540 358 577 quae
379 540 436 566 res
460 529 497 565 in
520 530 627 566 rebus
649 530 863 575 pecuniariis
886 533 923 565 et
945 530 982 565 in
1006 528 1213 563 crimimbus

131 576 260 622 agitari
293 575 487 612 consuevit.
534 578 571 611 et
597 574 636 610 in
663 576 772 612 rebus
800 573 1016 627 pecuniariis
1045 576 1130 609 sunt
1156 583 1212 608 re-

132 621 265 667 scripta
293 630 402 666 posse
431 620 524 665 agi2.
570 620 679 656 verba
709 619 874 665 rescripti
906 619 958 654 ita
990 629 1029 654 se
1060 618 1210 653 habent:

133 667 226 702 ‘Divi
256 666 387 702 fratres
415 665 589 710 Longino.
637 665 676 701 Si
706 665 772 701 tibi
801 664 862 710 qui
890 675 913 700 a
939 663 1084 710 pellavit
1112 673 1212 697 man-

133 711 251 756 ‘davit‚
275 715 317 746 ut
332 721 413 746 eum
431 710 475 746 de
493 710 746 756 appellatione,
770 720 876 755 quam
930 709 1015 745 ollia
1038 708 1109 744 ad³
1133 719 1213 743 eum

133 757 247 799 ‘fecit,
278 755 505 798 defenderes,
539 759 575 791 et
602 766 660 792 res
689 755 896 800 pecuniaria
919 757 990 790 est:
1022 753 1111 789 nihil
1132 763 1214 805 pro-

132 802 243 837 *hibet
265 801 407 837 nomine
429 800 506 836 eius
530 804 565 836 te
587 800 814 846 respondere.
850 800 906 836 sin
928 803 1049 835 autem
1072 809 1145 834 non
1168 802 1215 833 sit

133 846 349 892 ‘pecuniaria
378 856 508 890 causa,
541 845 603 882 sed
634 846 815 890 capitalis,
847 855 912 890 per
944 848 1214 890 procuratorem

132 892 202 938 ‘agi
224 902 297 927 non
319 891 413 927 licet.
461 890 525 927 sed
547 894 584 926 et
607 890 638 926 si
661 901 703 926 ea
726 900 838 926 causa
860 890 925 934 sit,
950 900 994 925 ex
1018 900 1089 935 qua
1113 888 1216 933 sequi

133 937 237 973 ‘solet
259 946 377 982 poena
398 946 512 981 usque
535 935 583 973 ad
604 935 865 981 relegationem,
889 946 962 971 non
986 937 1128 980 oportet
1150 944 1215 979 per

134 982 253 1018 ‘alium
277 991 407 1017 causas
430 981 498 1026 agi,
523 981 587 1017 sed
604 981 723 1026 ipsum
742 981 867 1016 adesse
886 980 1065 1016 auditorio
1085 979 1215 1015 debere

133 1027 325 1063 ‘sciendum
356 1026 433 1062 est’.
485 1026 592 1071 plane
621 1026 653 1062 si
683 1025 892 1071 pecuniaria
922 1036 1033 1062 causa
1063 1028 1134 1069 est,
1170 1035 1215 1060 ex

132 1083 204 1118 qua
225 1071 418 1118 ignominia
441 1071 619 1117 sequitur,
651 1075 771 1116 potest
798 1074 835 1106 et
857 1081 922 1117 per
944 1073 1215 1116 procuratorem

132 1119 200 1153 hoc
223 1117 291 1163 agi.
337 1116 445 1162 idque
476 1116 543 1152 erit
572 1116 797 1162 probandum
828 1120 865 1152 et
893 1116 932 1151 in
961 1116 1039 1161 ipso
1063 1125 1213 1151 accusa-

132 1167 221 1206 tore,
244 1163 276 1198 si
298 1161 531 1207 appellaverit
552 1161 608 1198 vel
631 1162 663 1198 si
686 1161 855 1197 adversus
880 1172 962 1197 eum
984 1161 1032 1197 sit
1055 1161 1213 1213 appella-

131 1212 218 1244 tum.
266 1211 303 1244 et
331 1206 544 1252 generaliter
575 1217 667 1251 quae
698 1217 808 1243 causa
835 1217 901 1252 per
927 1206 1037 1242 alium
1061 1217 1120 1251 agi
1142 1216 1215 1241 non

132 1256 261 1299 potest,
285 1252 362 1289 eius
385 1262 452 1287 nec
476 1252 750 1298 appellationem
772 1262 837 1297 per
856 1252 966 1287 alium
985 1251 1043 1297 agi
1060 1254 1213 1297 oportet.

177 1296 204 1336 2
235 1297 378 1334 Maean
416 1297 507 1333 libro
545 1298 702 1333 secundo
737 1298 782 1333 de
818 1297 1125 1350 appellationibus
1177 1296 1216 1331 Si

156 1347 345 1379 rocurator
364 1341 523 1378 absentis
543 1342 786 1388 appellaverit,
812 1342 938 1378 deinde
956 1342 1115 1378 rationes
1134 1341 1214 1377 red-

158 1388 279 1431 derit,
303 1387 414 1424 nihilo
439 1387 555 1424 minus
577 1387 656 1432 ipse
678 1387 894 1433 respondere
917 1387 1032 1424 debet.
1082 1387 1145 1423 sed
1168 1397 1215 1422 an

132 1444 174 1470 eo
198 1437 361 1472 cessante
385 1432 548 1469 dominus
570 1433 643 1469 litis
665 1433 882 1478 respondere
909 1433 1025 1478 possit
1053 1431 1214 1478 exemplo

131 1478 382 1521 adulescentis,
413 1477 614 1514 videamus:
638 1479 750 1523 magis
774 1482 894 1514 tamen
917 1478 1146 1520 observatur,
1174 1480 1216 1512 ut

131 1523 246 1561 audiri
283 1523 414 1561 debeat
449 1522 487 1559 in
523 1523 642 1560 causis
672 1523 922 1569 appellationis
951 1523 1141 1559 reddendis
1171 1522 1214 1566 is,

131 1569 232 1605 cuius
256 1568 414 1606 absentis
437 1572 650 1613 procurator
672 1568 877 1614 appellavit.

637 1705 711 1745 X⁴.

177 1772 219 1806 SI
242 1771 390 1805 TUTOR
420 1771 512 1805 VEL
538 1771 747 1805 CURATOR
769 1772 1171 1806 MAGISTRATUSVE⁵

380 1816 584 1850 GREATUS
607 1817 967 1855 APPELLAVERIT.

181 1882 199 1919 1
235 1882 429 1919 ULPIANUS
464 1883 554 1919 libro
590 1884 694 1919 tertio
729 1883 774 1918 de
808 1883 935 1930 officio
966 1883 1123 1920 consultis
1178 1882 1216 1918 Si

131 1928 192 1974 qui
221 1928 268 1963 ad
298 1938 445 1964 munera
475 1928 622 1974 publica
650 1928 823 1964 nominati
858 1939 905 1975 ap
931 1927 1115 1965 ellaverint
1148 1938 1215 1964 nec

130 1984 260 2009 causas
291 1973 538 2018 probaverint,
568 1973 684 2009 scient
714 1973 761 2009 ad
786 1974 883 2019 peric
922 1985 983 2010 um
1006 1984 1110 2010 suum
1132 1983 1214 2018 per-

132 2019 262 2061 tinere,
301 2018 333 2054 si
363 2017 450 2063 quid
478 2017 598 2055 damni
624 2029 690 2064 per
717 2029 853 2054 moram
884 2018 1132 2065 appellationis
1162 2018 1215 2054 rei

131 2063 296 2109 publicae
318 2063 500 2099 acciderit.
536 2064 632 2110 quod
652 2064 684 2100 si
702 2065 912 2110 apparuerit
930 2075 991 2101 eos
1010 2064 1213 2100 necessario

131 2119 357 2154 provocasse,
375 2108 435 2144 cui
453 2109 730 2145 adscribendum
748 2109 796 2146 sit
813 2109 851 2146 id
870 2109 1048 2152 damnum,
1068 2119 1213 2155 praeses

131 2154 186 2190 vel
207 2154 374 2199 princeps
399 2153 612 2190 aestimabit.

178 2197 203 2236 2
226 2199 571 2235 HERMOGEMANUS
596 2199 687 2236 libro
712 2200 837 2245 quinto
863 2200 954 2236 iuris
975 2201 1213 2247 epitomarum

132 2244 246 2283 Tutor
267 2244 324 2280 vel
347 2247 493 2280 curator
515 2245 699 2280 retentus⁶
729 2244 761 2281 si
792 2246 1039 2290 provocaverit
1068 2248 1105 2280 et
1131 2248 1214 2280 ante

132 2299 278 2326 causam
314 2292 434 2325 actam
470 2289 661 2334 moriatur,
700 2295 848 2336 propter
880 2290 1079 2336 periculum
1109 2290 1215 2326 medii

131 2334 301 2380 temporis
331 2344 557 2371 successores
587 2335 663 2371 eius
700 2346 829 2372 causas
866 2336 1117 2382 appellationis
1151 2346 1213 2372 ne-

132 2390 231 2416 cesse
253 2380 388 2416 habent
408 2379 567 2416 reddere.

625 2518 718 2559 XI'.

176 2583 275 2617 EUM
309 2583 389 2621 QUI
423 2584 776 2663 APPEng‘ssFYssgiIJOEi
809 2584 860 2618 IN
894 2584 1170 2619 PROVINCIA⁸

180 2693 198 2746 ,¹
229 2693 423 2747 ULPIANsJs
443 2693 534 2731 libro
555 2699 686 2741 quarto
707 2695 751 2731 de
768 2695 1072 2749 appellationibus
1105 2696 1212 2739 Eum,

131 2750 192 2792 qui
215 2739 434 2791 appellavit,-
454 2743 618 2785 oportere
640 2741 678 2776 in
701 2741 883 2794 provincia
907 2741 1050 2778 defendi
1071 2742 1110 2777 in
1133 2742 1212 2778 aliis

130 2795 205 2864 ἕξις
224 2795 364 2864 ἷριέξιε,
376 2785 526 2864 fita-'¹¹95
549 2795 570 2820 a
618 2785 797 2840 ellationis
824 2796 934 2840 pausa
957 2788 1211 2832 peregrinetur,

168 2840 203 2911 v2l
234 2839 597 2928 ffissgwffipmlgbm
633 2835 1213 2924 aagzcnfefflaupfflcllationibus

130 2919 209 2955 Hoc
239 2929 332 2955 enim
361 2919 432 2956 illis
462 2924 688 2966 praestatur,
727 2931 773 2957 ne
806 2932 952 2958 necesse
986 2922 1144 2959 habeant
1174 2934 1212 2960 se

131 2964 332 3007 defendere,
357 2964 419 3010 qui
440 2965 494 3001 rei
516 2966 681 3011 publicae
705 2976 816 3003 causa
840 2967 983 3004 absunt.

614 3103 726 3143 XII⁹.

176 3165 295 3200 APUD
318 3166 430 3210 EUM,
459 3169 489 3200 A
517 3167 607 3206 Quo
637 3170 939 3212 APPELLATUR
952 3170 991 3214 ¹0,
1020 3172 1167 3206 ALIAM

283 3211 465 3246 cAusAM
487 3213 643 3246 aenan
667 3214 1056 3250 conrnLLnNDUM.

179 3276 197 3330 .¹
231 3276 425 3330 Ulmanus
458 3278 549 3315 libro
580 3283 710 3325 quarto
741 3281 787 3317 de
815 3282 1121 3336 appellationibus
1174 3283 1211 3319 Si

131 3333 208 3367 quis
230 3332 277 3358 ex
299 3323 369 3359 aba
392 3333 502 3377 causa
526 3324 757 3369 appellaverit
785 3336 807 3362 a
829 3327 965 3371 iudice,
997 3338 1044 3363 an
1073 3328 1111 3363 in
1139 3329 1211 3364 alia

131 3377 241 3402 causa
263 3368 413 3404 eundem
435 3369 590 3405 iudicem
608 3369 742 3406 habere
761 3381 907 3408 necesse
925 3373 1067 3417 habeat,
1091 3373 1211 3409 videa·

130 3422 220 3447 mus.
242 3456 251 3465 ·
267 3416 310 3465 et,
332 3413 439 3449 hodie
466 3414 537 3450 hoc
567 3414 646 3450 iure
672 3416 822 3459 utimur,
854 3419 941 3462 et¹¹,
973 3418 1117 3454 tametsi
1147 3429 1210 3463 ap-

130 3457 275 3503 pellatio
298 3459 510 3503 interposita
532 3459 590 3503 sit,
614 3463 734 3497 tamen
756 3461 853 3507 apud
875 3462 1027 3499 eundem
1045 3463 1209 3508 iudicem,

174 3570 216 3614 (ι)
240 3571 321 3604 Sub.
332 3588 379 3595 —
393 3572 477 3606 Bas.
491 3574 524 3616 9,
536 3581 562 3615 1,
573 3580 621 3615 47,
633 3581 670 3608 48

128 3615 233 3648 alium
324 3617 367 3658 (3)
390 3616 545 3651 adversus
559 3631 621 3651 scr.

174 3662 217 3701 (4)
242 3660 307 3693 Ed.
321 3668 352 3700 ις
376 3661 462 3705 Pap.
475 3670 504 3696 2.
521 3681 564 3687 —
585 3664 670 3697 Bas.
684 3666 718 3705 9,
730 3670 755 3705 1,
767 3671 817 3708 49,
829 3672 866 3699 50

131 3706 173 3747 (ο)
198 3705 350 3738 detentus
362 3705 414 3739 ΡΞ

175 3750 220 3790 (i)
245 3750 326 3784 Sab.
338 3767 386 3775 —
404 3751 487 3786 Bas.
501 3752 534 3795 9,
546 3759 573 3794 1,
585 3759 629 3795 51,
641 3759 678 3787 52
792 3755 838 3796 (s)
861 3756 909 3789 sic
926 3757 993 3790 ind.
1013 3757 1050 3797 F,
1070 3756 1206 3799 provin-

1118 200 1193 204 *
1208 132 1291 180 827

980 3667 1025 3709 (δ)
1048 3677 1088 3700 ve
1108 3679 1166 3700 om.
1182 3667 1216 3699 F

1551 138 1843 181 XXXXVIlII
1874 141 1911 182 9.
1944 143 2006 183 10.
2035 143 2097 184 11.
2126 144 2188 184 12.
2220 144 2280 184 13.
2312 146 2360 184 111

1458 257 1514 292 uis
1544 260 1765 303 provocavit,
1799 262 2031 306 compelletur
2060 263 2149 299 alias
2179 274 2308 300 causas
2333 264 2362 299 si

1283 312 1372 347 quas
1395 303 1443 338 ha
1469 305 1505 337 et
1528 313 1650 355 agere:
1684 315 1749 340 nec
1781 310 1901 341 utetur
1931 308 2000 343 hoc
2023 312 2229 353 praetextu,
2261 309 2362 354 quasi

1282 347 1329 382 ad
1353 347 1526 384 offensum
1548 347 1701 384 iudicem
1724 361 1796 386 non
1815 351 1943 387 debeat
1963 353 2126 398 experiri,
2152 364 2232 390 cum
2250 354 2363 400 possit

1283 393 1399 429 denuo
1423 403 1631 438 provocare.

1282 267 1305 292 a
1334 267 1404 302 quo

1746 532 1843 571 XIII
1856 531 1895 571 ¹².

1305 595 1347 628 SI
1378 594 1629 628 PENDENTE
1658 596 2008 676 ΑΡξΕὲἒῇἶῶΟΝΕ
2037 600 2155 634 MORS
2186 600 2340 634 INTER-

1332 703 1350 742 1
1378 705 1520 741 Maean
1551 705 1642 741 libro
1671 708 1828 742 secundo
1859 708 1903 743 cle
1933 709 2237 755 appellationibus
2289 711 2362 756 Ap-

1283 750 1456 795 pellatore
1491 750 1678 794 defuncto,
1717 752 1747 786 si
1778 752 1919 796 quidem
1950 754 2025 789 siue
2055 754 2203 797 herede,
2245 756 2363 791 cuius-

1284 806 1365 831 cum
1390 806 1435 831 ue
1463 796 1602 840 generis
1631 797 1825 842 appellatio
1855 798 1942 840 fuit,
1975 801 2161 835 evanescit.
2209 801 2304 844 quod
2334 801 2365 836 si

1283 851 1376 887 appe
1404 841 1499 877 atori
1522 841 1626 877 heres
1650 842 1816 884 extiterit,
1846 843 1875 878 si
1899 843 2039 887 quidem
2063 845 2194 880 nullius
2218 846 2364 881 alterius

1283 886 1433 922 interest
1456 897 1585 922 causas
1608 887 1859 932 appellationis
1878 888 1989 931 reddi,
2015 890 2193 942 cogendus
2217 901 2289 925 non
2311 896 2366 925 est

1283 941 1455 976 peragere
1484 932 1776 977 appellationem:
1817 932 1847 968 si
1883 943 1964 968 vero
2000 933 2078 969 fisci
2114 935 2170 970 vel
2206 935 2364 977 alterius,

1285 980 1411 1012 contra
1434 987 1538 1030 quem
1562 987 1608 1022 ap
1636 977 1782 1012 ellatum
1807 981 1879 1020 est,
1908 978 2073 1022 interest,
2103 979 2206 1015 heres
2239 991 2365 1015 causas

1283 1022 1533 1067 appellationis
1565 1032 1604 1057 re
1630 1022 1714 1058 dere
1743 1032 1890 1058 necesse
1920 1024 2039 1059 habet.
2086 1025 2216 1060 nullius
2249 1028 2366 1059 autem

1283 1067 1449 1110 interest,
1481 1067 1592 1103 veluti
1623 1078 1704 1103 cum
1733 1067 1810 1104 sine
1834 1068 2059 1113 ademptione
2082 1070 2255 1105 bonorum
2279 1070 2365 1104 rele-

1283 1116 1388 1157 gatus
1411 1115 1478 1148 est.
1525 1123 1608 1148 nam
1641 1113 1672 1148 si
1702 1112 1875 1158 ademptis
1907 1114 2010 1149 bonis
2042 1114 2218 1159 relegatus
2249 1115 2303 1149 vel
2332 1115 2367 1149 in

1283 1158 1437 1193 insulam
1468 1157 1677 1203 deportatus
1708 1158 1764 1194 vel
1794 1159 1831 1193 in
1860 1159 2040 1194 metaUum
2065 1159 2171 1194 datus
2195 1170 2365 1204 provoca-

1283 1203 1380 1239 tione
1400 1203 1612 1248 interposita
1632 1203 1836 1245 decesserit,
1860 1204 2055 1249 imperator
2074 1209 2195 1239 noster
2214 1205 2366 1239 Alexan-

1284 1248 1348 1283 der
1364 1248 1544 1284 Plaetorio
1569 1248 1671 1284 militi
1694 1249 1745 1284 ita
1768 1249 1968 1293 rescripsit:
1995 1249 2174 1293 ‘Quamvis
2193 1249 2368 1294 pendente

1285 1293 1536 1339 ‘appellatione
1564 1297 1680 1329 morte
1711 1294 1763 1330 rei
1794 1294 1928 1329 crimen
1959 1296 2154 1329 extinctum
2183 1294 2248 1336 sit,
2285 1294 2369 1329 data

1285 1341 1417 1374 ‘tamen
1448 1339 1556 1374 etiam
1587 1339 1631 1374 de
1660 1343 1764 1384 parte
1788 1339 1963 1375 bonorum
1987 1339 2062 1374 eius
2087 1340 2263 1374 sententia
2285 1350 2366 1384 pro-

1285 1384 1460 1430 ‘ponitur,
1490 1384 1662 1421 adversus
1693 1395 1799 1429 quam
1830 1395 1902 1420 non
1934 1384 2038 1420 aliter
2068 1385 2115 1426 is,
2147 1385 2208 1429 qui
2237 1384 2367 1420 emolu-

1284 1431 1454 1465 ‘mentum
1485 1429 1721 1466 successionis
1753 1430 1879 1472 habet,
1913 1429 2073 1474 optinere
2096 1434 2232 1475 potest,
2264 1440 2368 1474 quain

1285 1475 1326 1511 ‘si
1349 1474 1388 1510 in
1410 1474 1600 1511 reddendis
1625 1475 1743 1511 causis
1768 1486 1789 1510 a
1815 1475 2018 1521 pellationis
2041 1475 2265 1519 iniquitatem
2289 1485 2367 1509 sen-

1288 1524 1300 1554 1
1353 1520 1498 1555 ‘tentiae
1522 1520 1718 1556 detexerit'.
1799 1525 1882 1556 utor
1911 1532 2053 1567 quoque
2075 1520 2114 1556 in
2138 1519 2279 1563 negotio
2329 1530 2368 1554 u-

1284 1564 1361 1617 pilli
1391 1565 1630 1610 appellatione
1661 1566 1872 1619 interposita
1903 1567 1935 1602 si
1963 1567 2173 1611 decesserit,
2206 1531 2368 1603 herodiam

1284 1621 1360 1646 eius
1384 1620 1514 1646 causas
1538 1611 1788 1656 appellationis
1809 1612 1957 1647 reddere
1976 1623 2122 1648 necesse
2141 1616 2205 1655 est,
2229 1613 2368 1648 etiamsi

1283 1655 1441 1691 rationes
1464 1656 1599 1692 tutelae
1622 1656 1727 1692 heres
1751 1656 1956 1701 reddiderit,
1981 1657 2063 1702 quia
2087 1657 2223 1694 sufficit
2244 1658 2369 1694 mortis

1283 1704 1442 1753 tempore
1466 1701 1512 1736 ad
1537 1712 1664 1737 causas
1684 1702 1935 1747 appellationis
1955 1702 2153 1738 reddendas
2175 1703 2368 1748 obligatum

1283 1745 1407 1782 fuisse.
1455 1747 1519 1782 sed
1548 1746 1618 1782 divi
1642 1747 1791 1783 Severus
1817 1750 1852 1782 et
1875 1748 2078 1783 Antoninus
2107 1748 2369 1793 rescripserunt

1283 1802 1356 1827 nou
1381 1792 1577 1837 cogendum
1600 1794 1756 1828 tutorem
1778 1796 1862 1838 post
1884 1793 2040 1829 rationes
2063 1793 2219 1830 redditas
2241 1803 2369 1829 causas

1284 1837 1563 1883 appellationum
1586 1837 1746 1874 reddere.

1740 1976 1858 2015 ΧΙΠΙ
1869 1976 1908 2016 ¹³.

1651 2042 1714 2074 DE
1738 2042 1847 2075 Imm
1872 2042 2001 2075 F1sct.

1334 2106 1352 2144 1
1383 2106 1671 2143 Catmsrmws
1691 2107 1783 2143 libro
1803 2108 1924 2154 primo
1949 2108 1994 2143 de
2017 2108 2095 2143 iure
2115 2107 2199 2153 fisci
2237 2107 2368 2143 Variae

1283 2162 1415 2189 causae
1433 2156 1528 2195 sunt,
1549 2162 1594 2188 ex
1614 2153 1743 2197 quibus
1764 2153 1940 2188 nuntiatio
1960 2152 2007 2188 ad
2024 2152 2152 2188 fiscum
2169 2152 2246 2188 fieri
2265 2153 2366 2188 solet.

1283 2202 1347 2233 aut
1370 2198 1463 2234 enim
1486 2208 1525 2233 se
1549 2198 1640 2243 quis,
1664 2198 1759 2243 quod
1782 2198 1891 2234 tacite
1908 2198 2071 2234 relictum
2091 2202 2155 2241 est,
2180 2197 2368 2244 profitetur

1284 2254 1327 2279 ca
1355 2253 1413 2279 ere
1443 2253 1516 2278 non
1545 2253 1653 2288 posse
1684 2243 1739 2279 vel
1773 2244 1818 2278 ab
1851 2244 1920 2278 alio
1952 2247 2166 2288 praeventus
2190 2243 2365 2279 defertur:

1282 2255 1453 2334 velpquod
1471 2299 1566 2324 mors
1587 2288 1632 2323 ab
1653 2288 1844 2324 heredibus
1865 2299 1937 2324 non
1956 2288 2172 2324 vindicatur:
2198 2289 2253 2324 vel
2273 2288 2367 2333 quod

1281 2334 1448 2379 indignus
1485 2333 1564 2378 quis
1599 2333 1703 2369 heres
1735 2334 1936 2369 nuntiatur:
1977 2334 2033 2369 vel
2071 2333 2166 2379 quod
2227 2334 2324 2368 rince
2349 2343 2366 2369 s

1282 2380 1385 2415 heres
1422 2379 1609 2415 institutus
1646 2383 1682 2414 et
1712 2383 1964 2415 testamentum
1993 2379 2066 2415 sive
2097 2345 2249 2414 codicffii
2281 2389 2323 2414 su
2351 2397 2365 2404 -

1283 2425 1377 2471 repti
1407 2434 1486 2460 esse
1517 2424 1744 2459 nuntiantur:
1776 2425 1832 2459 vel
1861 2424 1956 2477 quod
1984 2424 2125 2459 dicatur
2156 2424 2232 2468 quis
2264 2424 2365 2458 then-

1282 2480 1429 2505 saurum
1452 2469 1647 2505 invenisse:
1680 2470 1736 2505 vel
1765 2480 1884 2514 magm
1914 2469 2020 2514 pretii
2048 2479 2123 2504 rem
2151 2468 2298 2504 minoris
2322 2478 2366 2503 ex

1281 2514 1370 2551 fisco
1394 2524 1641 2560 comparasse:
1674 2515 1729 2550 vel
1758 2515 2062 2560 praevaricatione
2084 2513 2211 2549 fiscum
2233 2513 2365 2549 victum

1282 2570 1378 2596 esse:
1403 2559 1459 2595 vel
1473 2570 1553 2596 cum
1568 2559 1775 2603 decessisse,
1816 2560 1854 2595 ui
1870 2559 1909 2595 in
1927 2559 2073 2604 capitali
2092 2558 2236 2594 crimine
2251 2562 2363 2594 esset:

1281 2606 1337 2641 vel
1360 2605 1467 2641 etiam
1489 2609 1573 2650 post
1600 2608 1751 2640 mortem
1780 2615 1802 2640 a
1819 2605 1934 2650 ’quem
1961 2615 2062 2640 reum
2090 2614 2186 2640 esse:
2218 2603 2273 2639 vel
2303 2603 2363 2639 do-

1281 2662 1378 2686 mum
1401 2650 1621 2686 destructam
1645 2660 1741 2686 esse:
1767 2651 1821 2686 vel
1844 2650 1890 2685 ab
1914 2649 2144 2685 accusatione
2166 2659 2363 2685 recessum:

1281 2696 1337 2732 vel
1365 2706 1440 2731 rem
1470 2695 1661 2741 litigiosam
1690 2695 1915 2731 venumdari:
1948 2694 2003 2730 vel
2032 2704 2185 2739 poenam
2207 2693 2295 2729 fisco
2320 2704 2365 2729 ex

1282 2743 1472 2778 contractu
1495 2741 1634 2787 privato
1660 2740 1799 2776 deberi:
1823 2740 1880 2776 vel
1898 2739 2067 2776 adversus
2087 2739 2181 2784 leges
2202 2739 2364 2774 commis-

1284 2790 1298 2822 1
1349 2797 1428 2822 sum
1451 2786 1586 2822 factum
1610 2796 1698 2821 esse.
1747 2786 1806 2820 An
1830 2786 1940 2829 bona,
1973 2794 2065 2830 quae
2096 2784 2262 2820 solvendo
2291 2794 2363 2819 non

1281 2832 1369 2874 sint,
1403 2832 1482 2876 ipso
1505 2831 1582 2867 iure
1606 2830 1653 2866 ad
1674 2830 1801 2866 fiscum
1823 2831 2044 2876 pertineant,
2075 2829 2273 2874 quaesitum
2297 2832 2361 2864 est.

1280 2877 1404 2913 Labeo
1429 2876 1554 2912 scribit
1577 2877 1683 2912 etiam
1707 2886 1760 2919 ea,
1786 2886 1878 2921 quae
1898 2874 2066 2911 solvendo
2086 2885 2158 2909 non
2179 2874 2259 2917 sint,
2284 2874 2362 2918 ipso

1279 2922 1358 2958 iure
1381 2921 1428 2957 ad
1450 2921 1577 2957 fiscum
1600 2921 1788 2966 pertinere.
1825 2920 1888 2956 sed
1912 2923 2037 2956 contra
2059 2919 2268 2955 sententiam
2287 2919 2361 2953 eius

1281 2967 1437 3003 edictum
1460 2970 1673 3012 perpetuum
1697 2965 1869 3011 scriptum
1893 2969 1964 3008 est,
1995 2964 2089 3009 quod
2112 2964 2162 2998 ita
2186 2963 2279 2999 bona
2302 2973 2360 2998 ve-

1281 3015 1301 3048 2
1349 3015 1470 3054 neunt,
1495 3012 1525 3047 si
1549 3021 1593 3046 ex
1615 3011 1671 3046 his
1695 3011 1783 3046 fisco
1808 3010 1948 3056 adquiri
1970 3009 2056 3044 nihil
2080 3009 2204 3053 possit.
2248 3007 2360 3043 Divus

1280 3057 1367 3093 Pius
1398 3057 1518 3093 Coelio
1541 3057 1739 3092 Amaranto
1770 3056 1822 3091 ita
1853 3054 2036 3100 rescripsit
2065 3053 2267 3089 vacantium
2296 3052 2359 3087 bo-

1281 3113 1407 3138 norum
1436 3101 1695 3136 nuntiationem
1722 3100 1952 3146 quadriennio
1977 3098 2070 3133 finiri
2092 3098 2197 3142 idque
2219 3101 2359 3141 tempus

1281 3159 1325 3183 ex
1349 3147 1415 3190 die,
1442 3156 1511 3191 quo
1537 3150 1673 3181 certum
1697 3156 1776 3182 esse
1796 3146 1914 3190 coepit
1930 3153 2044 3188 neque
2062 3141 2226 3194 heredem
2245 3152 2360 3186 neque

1280 3194 1457 3228 bonorum
1487 3201 1730 3236 possessorem
1761 3194 1917 3232 exstare,
1956 3191 2153 3232 computari
2183 3190 2357 3240 oportere.

1281 3241 1300 3273 3
1349 3236 1587 3281 Praescriptio
1617 3239 1737 3272 autem
1766 3235 1887 3280 viginti
1909 3243 2100 3274 annorum,
2132 3241 2223 3275 quae
2252 3235 2358 3266 etiam

1281 3283 1377 3318 circa
1405 3281 1699 3335 requirendorum
1732 3280 1981 3316 adnotatorum
2011 3278 2106 3312 bona
2137 3276 2357 3328 observatur,

1280 3338 1325 3363 ex
1356 3326 1610 3362 constitutione
1641 3326 1710 3362 divi
1734 3325 1806 3360 Titi
1837 3324 1927 3360 solet
1956 3333 1999 3357 ex
2024 3332 2065 3357 eo
2090 3331 2283 3364 numerari,
2313 3330 2357 3356 ex

1280 3377 1300 3407 4
1348 3382 1419 3417 quo
1460 3370 1545 3416 quid
1582 3371 1630 3406 ad
1668 3371 1794 3406 fiscum
1828 3368 2004 3415 pertinere
2037 3366 2164 3411 potuit.
2219 3365 2358 3418 Causae

1280 3420 1417 3459 autem,
1449 3426 1540 3461 quae
1569 3416 1690 3452 statim
1719 3419 1835 3450 motae
1864 3416 1947 3448 sunt
1970 3414 2006 3447 et
2027 3414 2165 3463 tractae
2187 3410 2283 3463 ultra
2305 3421 2357 3445 vi·

1281 3462 1475 3498 censimum
1497 3471 1648 3504 annum,
1678 3459 1811 3496 differri
1834 3460 1984 3503 possunt
2006 3460 2111 3491 etiam
2135 3458 2217 3500 post
2238 3465 2357 3491 vicen-

763 3575 808 3616 (2)
830 3574 887 3617 agi
908 3576 970 3609 del.
991 3583 1049 3611 aut
1067 3578 1127 3610 ins.
1148 3587 1209 3620 per
1276 3575 1376 3609 cialia
1390 3576 1427 3609 F

1322 3622 1370 3663 (a)
1392 3619 1617 3654 Sab.—Bas.
1629 3620 1740 3659 9‚1,5e
1796 3617 1855 3657 (ιο)
1873 3614 2059 3657 appelletur
2071 3613 2124 3645 F²
2177 3614 2233 3654 (11)
2252 3615 2292 3645 ut
2303 3612 2357 3645 F²

1323 3667 1384 3708 (1²)
1408 3665 1490 3699 Sat.
1502 3682 1550 3689 —
1567 3664 1651 3697 Bae.
1665 3664 1697 3705 9,
1710 3670 1734 3703 i,
1748 3668 1792 3695 ⁶4.
1806 3679 1849 3684 -
1867 3661 1915 3704 ογ.
1934 3660 2011 3692 Cod.
2026 3661 2057 3700 7,
2071 3666 2107 3692 60

1322 3712 1381 3751 (13)
1407 3709 1473 3744 Ed.
1492 3716 1583 3744 1...17.
1603 3715 1656 3746 23;
1687 3707 1768 3740 Sao.
1787 3713 1830 3740 is.
1851 3712 1897 3739 22.
1918 3711 2041 3742 24...31;
2073 3703 2160 3746 App.
2183 3709 2236 3741 31η
2268 3702 2354 3746 Pap.

1275 3762 1390 3790 iamai.
1403 3762 1524 3790 se...⁶o.
1535 3771 1581 3779 —
1596 3753 1681 3787 Bae.
1694 3753 1748 3792 56,
1762 3758 1791 3784 2.
1801 3766 1848 3774 -
1862 3750 1912 3793 Cf.
1931 3749 2008 3783 Cod.
2025 3750 2078 3787 10,
2091 3755 2106 3782 1

1998 3804 2084 3838 104*
