2528 3918
176 119 450 165 xxxxvm
482 122 546 165 13.
574 122 639 165 14.
667 124 732 166 15.
758 123 811 166 16

175 253 306 289 corpus
335 242 537 285 retinendo,
576 243 724 278 multam
754 242 916 280 dicendo.
963 243 1027 280 sed
1058 254 1134 278 eam
1164 255 1254 289 quo-

175 288 323 367 quelcx
345 288 439 324 Iulia
461 288 682 324 residuorum
706 292 790 334 post
818 298 951 325 annum
974 288 1153 325 residuam
1176 299 1256 326 esse

175 343 263 368 iussi
282 359 289 367 .

224 375 274 415 12
291 375 373 420 (10)
397 376 632 413 MARCJANUS
652 377 744 413 libro
764 379 884 425 primo
901 378 1114 414 iudiciorum
1134 378 1253 425 puhli-

174 434 298 458 corum
354 422 433 457 Hac
462 422 538 467 lege
573 427 734 466 tenetur,
797 423 832 459 ui
862 424 901 459 in
938 424 1070 459 tabulis
1102 423 1254 469 publicis

174 468 344 503 minorem
367 467 567 512 pecuniam,
592 478 699 513 quam
721 468 781 520 qui
829 468 975 504 venierit
993 473 1056 503 aut
1073 468 1253 511 locaverit,

179 517 191 547 1
243 512 427 557 scripserit
445 512 586 548 aliudve
609 513 694 558 quid
717 513 830 549 simile
847 514 1073 549 commiserit.
1121 513 1253 548 Divus¹

175 558 325 592 Severus
348 561 386 592 et
401 557 604 594 Antoninus
628 558 804 603 quendam
825 559 1060 594 clarissimum
1081 558 1254 601 iuvenem,

174 613 256 638 cum
279 602 442 638 inventus
472 607 567 638 esset
596 603 756 638 arculam
779 604 816 638 in
839 603 1009 648 templum
1033 613 1164 648 ponere
1187 603 1254 638 ibi-

174 658 243 693 que
264 647 441 683 hominem
460 647 650 690 includere,
676 648 736 693 qui
758 652 841 694 post
860 649 997 684 clusum
1020 648 1191 694 templum
1211 648 1256 683 de

174 703 260 727 arca
283 692 395 727 exiret
424 695 460 726 et
483 692 527 727 de
549 693 683 738 templo
712 694 825 728 multa
847 693 1076 729 subtraheret
1098 696 1135 728 et
1157 703 1196 728 se
1218 693 1255 728 in

174 738 334 773 arculam
362 738 491 773 iterum
521 738 688 780 referret,
720 738 919 774 convictum
946 738 985 773 in
1015 737 1170 774 insulam
1194 738 1255 773 de·

174 786 415 828 portaverunt.

223 825 272 865 13
297 826 380 871 (11)
411 826 605 863 [faunos
637 828 728 864 libro
766 828 1019 873 seoeaqensimo
1050 831 1175 863 octavo
1208 827 1258 862 ad

173 873 327 909 edictum
381 871 450 916 Qui
503 874 712 908 erforaverit
741 873 885 908 muros²
920 873 976 908 vel
1009 872 1092 908 inde
1122 872 1256 918 aliquid

175 917 372 961 abstulerit,
421 884 584 954 eonfiatus
608 918 749 953 actione
771 921 924 953 tenetur.

223 962 273 1001 14
293 960 376 1006 (12)
434 973 580 998 samm
588 973 632 998 vs
648 963 738 998 libro
751 964 941 998 vicensimo
957 963 1082 1009 quinto
1102 962 1254 1008 diqesco-

171 1019 253 1044 rum
299 1007 492 1044 Peculatus
523 1018 747 1060 nequaquam
778 1008 1024 1051 committitur,
1056 1007 1088 1043 si
1117 1007 1256 1052 exigam

173 1054 219 1089 ab
238 1064 281 1090 eo
302 1053 500 1099 pecuniam,
526 1063 586 1098 qui
604 1057 640 1089 et
659 1053 745 1087 mihi
764 1054 802 1088 et
817 1052 906 1088 fisco
925 1052 1046 1088 debet:
1073 1063 1145 1088 non
1162 1052 1256 1087 enim

173 1099 325 1144 pecunia
348 1098 451 1134 fisci³
471 1098 715 1143 intercipitur,
746 1108 838 1150 quae
862 1098 1014 1134 debitori
1038 1098 1113 1134 eius
1137 1097 1255 1133 aufer-

172 1150 244 1186 tur,
270 1143 409 1180 scilicet
456 1143 515 1178 uia
537 1147 657 1179 manet
680 1143 820 1178 debitor
842 1143 921 1179 fisci
944 1143 1054 1178 nihilo
1077 1142 1206 1178 minus.

221 1188 271 1226 15
297 1186 380 1232 (13)
447 1198 657 1223 oosssrwvs
676 1189 767 1224 libro
791 1188 948 1223 secundo
974 1188 1018 1223 de
1034 1188 1168 1234 poenis
1208 1187 1254 1230 Is,

173 1233 495 1315 zfflassssffltsb
501 1233 861 1324 22⁰3³¹21¹32553ffl
871 1233 1074 1313 *333333131-
1094 1233 1171 1278 ¹³³⁶
1193 1243 1255 1278 ΡΘ·

222 1322 273 1362 16
297 1323 380 1368 (14)
404 1323 648 1359 ΡΑΡΙΜΛΝυε
669 1324 759 1359 libro
785 1324 993 1368 triqensimo
1016 1328 1121 1359 sexto
1147 1333 1255 1369 quae-

171 1370 326 1405 stionum
371 1369 523 1404 Publica
552 1368 684 1403 iudicia
707 1368 894 1413 peculatus
919 1372 955 1404 et
978 1369 1022 1403 de
1044 1368 1197 1404 residuis
1221 1371 1258 1403 et

172 1413 449 1461 repetundarum
471 1413 633 1449 similiter
656 1413 825 1449 adversus
849 1413 1015 1449 heredem
1034 1417 1255 1455 exercentur,

172 1470 239 1496 nec
260 1459 434 1501 inmerito,
460 1469 540 1494 cum
563 1459 601 1494 in
623 1459 680 1494 his
706 1458 866 1503 quaestio
889 1459 1097 1504 principalis
1115 1459 1257 1494 ablatae

172 1505 347 1551 pecuniae
369 1508 562 1540 moveatur.

641 1643 758 1681 XIIII
768 1642 794 1681 ⁴.

418 1708 479 1741 DE
503 1708 628 1742 LEGE
651 1708 780 1741 IULIA
803 1708 1015 1741 AMBITUS.

223 1774 238 1812 1
268 1774 522 1810 Monesrmvs
542 1774 633 1810 libro
656 1773 813 1810 secundo
837 1774 882 1809 de
899 1775 1033 1821 poenis
1076 1774 1176 1809 Haec
1200 1773 1258 1808 lex

172 1821 210 1856 in
233 1820 323 1856 urbe
345 1819 450 1855 hodie
475 1824 603 1861 cessat,
628 1820 713 1865 quia
736 1819 783 1854 ad
807 1829 930 1854 curam
953 1819 1123 1864 principis
1146 1819 1256 1863 magi-

173 1870 349 1901 stratuum
379 1864 512 1900 creatio
543 1865 714 1910 pertinet,
747 1875 819 1900 non
849 1864 896 1900 ad
926 1864 1051 1910 populi
1086 1864 1255 1899 favorem.

178 1915 187 1945 l
240 1909 344 1955 Quod
382 1910 412 1945 si
451 1909 489 1945 in
526 1909 718 1955 municipio
751 1914 878 1945 contra
916 1910 1010 1945 hanc
1038 1909 1155 1954 legem*
1181 1920 1257 1944 ma-

171 1956 361 2001 gistratum
392 1958 456 1990 aut
486 1954 723 1991 sacerdotium
758 1955 836 1999 quis
866 1955 1024 1999 petierit,
1059 1965 1125 2000 per
1153 1964 1257 1989 sena-

172 2006 230 2037 tus
254 2000 458 2037 consultum
489 2004 630 2035 centum
653 2000 770 2036 aureis
809 2011 890 2035 cum
920 1999 1068 2035 infamia
1097 2000 1255 2045 punitur.

173 2050 192 2081 2
240 2045 319 2091 Qua
347 2045 424 2090 lege
460 2044 650 2081 damnatus
682 2045 713 2081 si
744 2045 854 2080 alium
885 2045 1095 2087 convicerit,
1133 2045 1170 2079 in
1202 2044 1256 2079 in-

172 2095 310 2136 tegrum
348 2090 566 2134 restituitur,
607 2101 679 2126 non
723 2093 844 2125 tamen
889 2091 1077 2135 pecuniam
1117 2089 1257 2134 recipit.

173 2139 194 2172 3
239 2136 331 2171 Item
352 2135 403 2176 is,
434 2135 495 2180 qui
517 2146 647 2171 novum
670 2135 762 2171 vecti
808 2135 820 2170 l
843 2134 1053 2178 instituerit,
1086 2145 1130 2170 ex
1153 2145 1257 2170 sena-

173 2186 193 2216 4
239 2185 299 2216 tus
322 2181 486 2216 consulto
511 2180 580 2215 hac
602 2191 720 2225 poena
735 2191 765 2234 p
781 2180 922 2216 ectitur.
965 2180 1014 2215 Et
1037 2180 1068 2215 si
1091 2180 1151 2225 qui
1173 2189 1257 2214 reus

172 2227 229 2262 vel
259 2230 449 2262 accusator
471 2225 613 2262 domum
636 2225 764 2261 iudicis
787 2225 1025 2278 ingrediatur,
1057 2235 1123 2270 per
1145 2225 1257 2270 legem

172 2271 301 2306 Iuliam
318 2270 541 2306 iudiciariam
561 2270 599 2306 in
621 2270 732 2316 legem
752 2271 906 2306 ambitus
924 2269 1122 2313 committit,
1146 2269 1183 2305 id
1203 2273 1258 2306 est

173 2317 387 2353 aureorum³
410 2320 552 2352 centum
576 2315 665 2352 fisco
688 2315 821 2351 inferre
843 2316 998 2351 iubetur.

665 2453 774 2492 XV‘.
804 2462 806 2464 ’

359 2520 422 2553 DE
444 2520 570 2553 LEGE
593 2520 734 2553 FABIA
756 2520 819 2552 DE
842 2518 1116 2552 PLAGIARIIS.

224 2586 240 2624 1
275 2585 470 2622 viennas
502 2585 592 2622 libro
617 2586 740 2632 primo
774 2585 984 2631 regularum
1038 2584 1077 2620 Si
1106 2584 1258 2620 liberum

175 2631 350 2667 hominem
373 2634 512 2677 emptor
541 2631 656 2666 sciens
679 2630 822 2674 emerit,
858 2629 1011 2674 capitale
1036 2630 1170 2665 crimen
1193 2629 1256 2664 ad-

174 2687 297 2712 versus
320 2686 402 2711 eum
425 2686 470 2711 ex
492 2675 505 2710 l
548 2685 568 2711 e
592 2675 707 2711 Fabia
738 2675 782 2710 de
808 2675 926 2720 plagio
951 2675 1130 2717 nascitur,
1162 2675 1257 2720 qu0⁷

174 2721 499 2802 maggior-guoque
507 2686 564 2756 θέε
586 2720 778 2764 obnoxius,
810 2720 840 2756 si
863 2719 980 2756 sciens
1003 2719 1154 2755 liberum
1179 2729 1258 2756 esse

175 2776 240 2803 ven
302 2776 354 2802 eri
372 2792 380 2800 .

220 2809 246 2848 2
270 2811 376 2847 Iesu
397 2810 488 2847 libro
507 2820 602 2846 nono
627 2810 671 2846 de
688 2811 735 2856 of
759 2811 815 2847 cio
836 2809 1068 2857 proconsulis
1115 2809 1256 2844 ⁸Scien-

174 2857 259 2892 dum
290 2860 346 2892 est
375 2855 488 2900 legem
519 2855 668 2891 Fabiam
699 2866 721 2891 a
775 2865 836 2891 eos
860 2865 933 2891 non
982 2855 1152 2897 ertinere,
1185 2854 1256 2899 qui,

174 2912 256 2938 cum
275 2901 440 2936 absentes
459 2910 579 2937 servos
598 2901 782 2944 haberent,
803 2910 864 2936 eos
880 2910 948 2935 ven
975 2899 1134 2935 'deruntz
1159 2899 1257 2934 aliud

179 2952 190 2982 1
242 2950 299 2983 est
329 2946 420 2981 enim
450 2945 592 2987 abesse,
629 2945 728 2981 aliud
757 2945 794 2981 in
825 2946 911 2990 fuga
935 2955 1023 2981 esse.
1070 2945 1160 2980 Item
1183 2955 1257 2980 non

174 2991 352 3038 pertinere
382 2989 430 3026 ad
460 3000 558 3032 eum,
599 2991 660 3035 qui
687 2990 870 3026 mandavit
900 3001 1041 3026 servum
1072 2989 1257 3035 fugitivum

173 3035 459 3083 persequendum
497 3038 534 3070 et
574 3034 859 3071 distrahendum:
903 3045 970 3070 nec
1008 3034 1100 3070 enim
1136 3034 1153 3069 f

174 3086 195 3117 2
241 3080 409 3118 vendidit.
457 3079 641 3124 ⁹Amplius
659 3080 846 3115 dicendum
869 3084 925 3116 est
948 3083 986 3115 et
1008 3080 1037 3115 si
1085 3078 1141 3115 uis
1193 3079 1257 3115 itio

174 3125 395 3162 mandaverit
424 3135 564 3161 servum
595 3124 781 3170 fugitivum
817 3124 1068 3170 adprehenden
1094 3135 1170 3166 um,
1206 3128 1256 3166 ut,

174 3173 206 3208 si
228 3170 539 3217 adprehendisset,
569 3180 650 3206 eum
674 3174 830 3216 emptum
854 3170 1011 3213 haberet,
1036 3180 1179 3205 cessare
1201 3179 1257 3204 se-

176 3222 196 3252 3
243 3221 350 3252 natus
373 3214 587 3252 consultum.
636 3214 737 3250 ⁸Hoc
767 3219 887 3250 autem
915 3218 1062 3251 senatus
1094 3213 1258 3250 consulto

174 3261 309 3298 domini
350 3271 420 3306 quo
446 3270 491 3297 ue
529 3260 774 3302 continentur,
818 3261 878 3305 qui
916 3259 1038 3305 fugam
1076 3269 1258 3296 servorum

174 3317 321 3343 suorum
344 3316 411 3341 ven
449 3305 585 3342 derunt.

221 3349 246 3390 3
270 3351 507 3388 Mamaos
534 3350 625 3386 libro
652 3350 772 3397 primo
795 3350 1010 3385 iudiciorum
1027 3349 1258 3404 publicorum

174 3396 282 3444 Legis
313 3395 450 3432 Fabiae
481 3395 627 3431 crimine
656 3394 839 3441 suppressi
870 3395 1037 3441 mancipii
1069 3395 1165 3431 bona
1187 3394 1259 3430 fide

174 3512 217 3551 (1)
248 3510 319 3544 divi
348 3523 410 3545 scr.
593 3511 639 3552 (2)
668 3508 761 3543 aedis
781 3518 893 3542 norae
922 3509 1081 3542 similiave
1105 3509 1261 3551 deficiunt

175 3555 409 3640 (δῆῃὶσέ
422 3601 507 3634 Bas.
518 3602 572 3642 60,
586 3607 632 3634 ⁴0.
644 3619 687 3624 —
705 3600 754 3643 cf.
768 3599 846 3633 Cod.
857 3601 890 3640 9,
903 3606 938 3632 46
1010 3600 1053 3638 (5)
1077 3608 1194 3632 aureos
1207 3597 1260 3630 F*

181 3646 374 3732 002⁶.)93550b'
389 3653 472 3685 1...3;
497 3646 562 3679 Ed.
578 3653 665 3683 ⁴...63
694 3645 776 3688 Bap.
791 3651 817 3677 7.
835 3662 881 3669 —
902 3644 986 3677 Bm.
999 3645 1054 3684 60,
1072 3651 1119 3678 18.
1137 3661 1184 3668 --
1206 3643 1259 3686 Cf.

176 3735 389 3778 antem-hd.

435 3694 480 3731 (¹1)
504 3690 561 3723 oui
576 3691 822 3723 Brencmannus

472 3737 517 3777 (⁹)
542 3736 676 3769 hooiru.
692 3735 745 3766 1³⁶
822 3736 883 3775 (ω)
908 3744 983 3766 eum
996 3733 1056 3767 «ιιι.
1137 3735 1194 3774 (ιι)
1219 3731 1259 3765 do

1246 117 1330 168 808
1489 87 1594 197 Ὗ»

898 3690 945 3729 (8)
971 3693 1018 3727 §a
1033 3689 1134 3721 locum
1147 3689 1260 3721 habuit
1327 3693 1443 3721 nomn.
1454 3704 1500 3711 —
1513 3684 1564 3730 cs:
1582 3687 1658 3720 Cod.
1673 3687 1706 3727 9,
1719 3693 1754 3720 ⁴⁶

1480 59 1485 88 l

1819 134 1883 168 nn
1908 134 2029 170 mes:
2055 134 2180 170 mna
2208 116 2400 170 airmrus

1322 256 1508 296 possessor
1538 255 1610 280 non
1633 247 1793 296 tenetur,
1821 245 1859 282 id
1882 251 1937 282 est
1967 246 2027 300 qui
2049 246 2238 292 ignorabat
2261 258 2400 284 servum

1322 290 1492 331 alienum,
1524 293 1562 324 et
1591 300 1651 334 qux
1681 291 1863 327 voluntate
1886 292 2018 327 dommi
2046 292 2199 337 putabat
2220 292 2258 328 id
2279 303 2360 329 eum
2375 295 2401 314 ¹⁰

1323 344 1438 379 agere.
1463 339 1500 370 et
1512 335 1563 369 ita
1579 334 1735 386 debona
1748 335 1819 371 fide
1833 346 2042 382 possessore
2054 339 2079 359 ¹¹
2099 337 2180 382 ipsa
2196 337 2254 373 lex
2269 338 2402 390 scripta

1323 383 1393 414 est:
1427 390 1508 414 nam
1539 378 1692 414 adlcltur
1720 380 1763 416 ‘si
1784 381 1901 417 sciens
1933 381 2014 417 dolo
2039 382 2131 417 malo
2155 382 2225 417 hoc
2247 381 2400 418 tecent':

1324 427 1360 459 et
1382 424 1588 468 saepissime
1612 434 1635 459 a
1658 424 1876 470 principibus
1900 426 2030 462 Severo
2054 430 2090 461 et
2111 427 2292 462 Antonino
2316 437 2401 463 con-

1324 469 1487 504 stitutum
1518 473 1588 511 est,
1626 479 1671 504 ne
1701 469 1816 505 bonae
1850 470 1934 507 fidei
1963 481 2190 516 possessores
2229 472 2297 507 hac
2327 471 2404 518 lege

1327 518 1339 548 1
1390 518 1591 549 teneantur.
1638 513 1731 549 Illud
1754 525 1826 550 non
1856 521 1913 551 est
1942 516 2191 559 omittendum,
2225 516 2319 561 quod
2341 526 2402 552 ex-

1324 569 1378 593 em
1404 558 1438 593 lo
1470 558 1557 603 legis
1588 558 1769 611 Aquiliae,
1801 560 1832 595 si
1862 560 1912 602 is,
1943 565 2092 606 propter
2122 571 2227 606 quem
2257 562 2337 606 quis
2367 563 2404 597 in

1324 570 1473 638 Fagiam
1513 603 1705 655 commisit,
1742 603 1950 647 decesserit,
1995 605 2113 641 adhuc
2149 606 2332 642 accusatio
2369 611 2405 642 et

1323 658 1439 693 poena
1461 648 1548 693 leg1s
1567 648 1701 683 Fabiae
1724 654 1896 694 superest,
1920 654 1960 685 ut
1983 654 2020 686 et
2035 650 2137 687 divus
2149 652 2175 672 ¹²
2198 650 2350 687 Severus
2368 654 2405 687 et

1323 693 1527 728 Antoninus
1550 694 1821 739 rescripserunt.

1370 737 1395 775 4
1423 738 1546 774 GAIUS
1567 738 1658 774 libro
1681 740 1870 774 vicensimo
1893 740 2049 775 secundo
2072 740 2122 775 ad
2143 740 2297 776 edictum
2314 751 2405 788 pro-

1325 783 1476 818 vinciale
1514 783 1609 828 Lege
1632 783 1747 819 Fabia
1769 787 1922 826 tenetur,
1947 785 2007 830 qui
2030 784 2146 821 sciens
2168 785 2318 821 liberum
2339 785 2406 821 ho-

1325 828 1453 863 miuem
1484 827 1669 864 donaverit
1698 828 1753 864 vel
1784 829 1821 863 in
1845 828 1962 865 dotem
1987 829 2139 872 dederit,
2169 830 2254 866 item
2277 829 2339 876 qui
2361 840 2406 866 ex

1325 882 1447 907 earum
1472 883 1543 918 qua
1566 883 1677 908 causa
1700 874 1815 909 sciens
1844 874 1992 910 liberum
2015 884 2095 910 esse
2117 875 2307 921 acceperit,
2336 874 2406 910 ¹⁸in

1325 918 1447 953 eadem
1471 928 1582 954 causa
1604 918 1729 953 haberi
1753 918 1899 962 debeat,
1932 930 2003 964 qua
2025 918 2188 955 venditor
2209 923 2246 956 et
2269 923 2408 966 emptor

1325 963 1489 998 habetur.
1537 963 1630 999 idem
1654 967 1691 998 et
1713 964 1743 999 si
1766 974 1833 1009 pro
1856 974 1899 1000 eo
1923 974 1981 1000 res
2004 969 2207 1009 permutata
2229 964 2349 1000 fuerit.

1371 1007 1395 1044 5
1420 1007 1675 1043 Moonsrmvs
1702 1009 1792 1044 libro
1815 1010 1968 1062 septimo
1991 1010 2128 1045 decimo
2151 1019 2406 1056 responsorum

1325 1053 1525 1098 Respondit
1548 1064 1647 1095 eum,
1679 1053 1740 1098 qui
1763 1054 1947 1098 fugitivum
1971 1053 2126 1090 alienum
2148 1054 2349 1100 suscepisse
2371 1058 2408 1091 et

1325 1098 1462 1134 celasse
1484 1098 1671 1141 doceatur,
1697 1109 1740 1133 ex
1763 1109 1825 1141 eo,
1858 1099 1952 1144 quod
1975 1099 2205 1144 proprietatis
2227 1099 2406 1145 quaestio-

1325 1153 1405 1178 nem
1433 1144 1599 1186 referret,
1635 1144 1786 1186 crimen,
1819 1144 1849 1179 si
1879 1145 2068 1189 probetur,
2108 1144 2239 1180 evitare
2267 1145 2407 1181 minime

1351 1198 1442 1224 osse.

1325 1199 1347 1233 p
1371 1232 1396 1271 6
1424 1233 1709 1269 Cumanos
1729 1233 1819 1269 libro
1842 1240 1947 1269 sexto
1967 1234 2012 1269 de
2031 1234 2293 1280 coquitionibus
2326 1233 2408 1270 Non

1325 1279 1446 1313 statim
1478 1278 1687 1330 plagiarium
1719 1289 1813 1321 esse,
1845 1279 1906 1323 qui
1929 1279 2018 1314 furti
2048 1279 2193 1315 crimine
2217 1279 2263 1315 ob
2286 1289 2407 1315 servos

1325 1324 1460 1359 alienos
1482 1328 1699 1368 mterceptos
1722 1328 1881 1367 tenetur,
1906 1324 2007 1360 divus
2030 1324 2235 1360 Hadrianus
2257 1323 2296 1359 in
2318 1324 2408 1359 haec

1325 1370 1434 1404 verba
1453 1368 1653 1414 rescripsit:
1679 1368 1819 1404 ‘Servos
1840 1369 1974 1405 alienos
1999 1369 2059 1415 qui
2083 1369 2324 1406 sollicitaverit
2346 1373 2410 1404 aut

1327 1414 1583 1459 ‘interceperit,
1628 1414 1773 1449 crimine
1810 1414 1936 1459 plagii,
1981 1413 2077 1459 quod
2116 1413 2168 1449 illi
2201 1413 2407 1456 intenditur,

1327 1463 1503 1495 ‘teneatur
1533 1469 1600 1494 nec
1628 1469 1691 1502 ne,
1725 1459 1811 1494 facit
1841 1459 2084 1504 quaestionem
2095 1460 2139 1495 ¹⁴:
2174 1464 2211 1495 et
2231 1458 2313 1495 ideo
2336 1469 2409 1494 non

1328 1507 1394 1539 ‘me
1417 1504 1556 1540 consuli
1587 1503 1631 1539 de
1655 1514 1699 1539 ea
1722 1514 1760 1539 re
1791 1508 1951 1550 oportet,
1982 1504 2047 1540 sed
2069 1503 2165 1558 quod
2187 1503 2409 1540 verissimum

1327 1550 1375 1584 ‘in
1398 1559 1438 1584 re
1467 1548 1649 1594 praesenti
1673 1550 1915 1594 cognoscitur,
1949 1548 2051 1629 “331OE
2080 1548 2232 1585 iudicem
2256 1553 2406 1594 oportet.

1327 1594 1446 1639 ‘plane
1469 1598 1588 1629 autem
1609 1594 1701 1629 scire
1725 1594 1831 1630 debet
1852 1604 1960 1640 posse
2015 1595 2131 1640 ‘quem
2153 1593 2241 1630 furti
2263 1593 2410 1630 crimine

1327 1640 1386 1675 ‘ob
1409 1650 1530 1675 servos
1554 1639 1688 1674 alienos
1712 1640 1927 1684 interceptos
1957 1639 2071 1675 teneri
2099 1649 2166 1675 nec
2195 1638 2330 1675 idcirco
2351 1644 2408 1674 ta-

1330 1688 1343 1719 1
1372 1730 1380 1738 ·
1394 1688 1486 1719 ‘men
1510 1684 1643 1764 dstatim
1682 1684 1892 1736 plagiarium
1924 1694 2004 1720 esse
2038 1683 2255 1737 existimari'.
2291 1683 2409 1748 ‘ldem

1325 1729 1922 1819 Pssssffipinfseiiimaitissnfffiiss
1938 1730 2296 1819 sitisset&
2301 1728 2410 1819 1³2¹}ss

1327 1821 1358 1855 ‘o
1386 1830 1465 1855 eras
1494 1829 1578 1854 suas
1610 1820 1804 1855 locaverint
1835 1824 1875 1854 ut
1897 1824 2144 1864 pascerentur,
2177 1822 2214 1854 et
2234 1819 2357 1864 utique
2379 1818 2410 1854 si

1326 1865 1351 1900 ‘i
1376 1875 1431 1900 em
1454 1870 1560 1900 antea
1583 1865 1680 1909 apud
1703 1865 1792 1899 alios
1817 1875 1907 1909 opus
1931 1864 2098 1907 fecerint,
2122 1864 2218 1900 hunc
2241 1874 2409 1910 suppres-

1327 1913 1346 1945 2
1395 1914 1523 1945 ‘sorem
1547 1920 1620 1944 non
1650 1910 1728 1944 iure
1750 1910 1829 1954 quis
1853 1909 2003 1944 dixerit'.
2049 1910 2146 1954 Lege
2171 1909 2285 1945 Fabia
2307 1918 2409 1944 cave-

1326 1959 1402 1997 tur,
1434 1959 1475 1989 ut
1498 1954 1598 1998 liber,
1624 1955 1684 2007 qui
1708 1955 1884 1990 hominem
1915 1954 2107 1999 ingenuum
2129 1954 2184 1989 vel
2207 1953 2410 1989 libertinum

1325 2000 1474 2035 invitum
1498 2000 1665 2035 celaverit
1688 2000 1882 2035 invinctum
1896 2001 1923 2021 ¹⁶
1955 2000 2121 2035 habuerit
2143 1999 2267 2035 emerit
2291 1999 2408 2035 sciens

1327 2045 1409 2081 dolo
1433 2045 1524 2080 malo
1550 2044 1652 2089 quive
1675 2045 1712 2079 in
1737 2055 1857 2080 earum
1881 2055 1953 2090 qua
1976 2054 2015 2080 re
2038 2044 2156 2081 socius
2179 2044 2257 2086 erit,
2281 2043 2341 2089 qui
2364 2053 2410 2079 ue

1327 2100 1427 2125 servo
1458 2090 1575 2125 alieno
1607 2100 1774 2125 servaeve
1797 2090 2034 2134 persuaserit,
2065 2094 2107 2125 ut
2129 2099 2152 2124 a
2179 2089 2321 2125 domino
2369 2099 2408 2124 o-

1327 2135 1464 2170 minave
1490 2135 1606 2180 fugiat
1619 2136 1656 2178 ¹⁶,
1688 2135 1741 2171 vel
1770 2146 1852 2171 eum
1875 2145 1996 2170 eamve
2026 2135 2136 2170 invito
2159 2134 2215 2170 vel
2236 2133 2411 2170 insciente

1327 2180 1470 2216 domino
1484 2180 1669 2216 dominave
1682 2180 1856 2223 celaverit,
1875 2180 2070 2215 invinctum
2082 2180 2110 2202 ¹⁵
2130 2178 2297 2215 habuerit
2315 2189 2408 2214 eme·

1326 2226 1374 2260 rit
1397 2225 1513 2261 sciens
1538 2224 1619 2260 dolo
1643 2226 1737 2261 malo
1760 2225 1863 2270 quive
1885 2225 1923 2259 in
1946 2235 1989 2260 ea
2011 2235 2051 2260 re
2074 2224 2194 2260 socius
2217 2224 2301 2267 erit,
2333 2223 2410 2260 eius

1326 2280 1444 2316 poena
1466 2274 1640 2306 teneatur.

1373 2313 1397 2351 7
1422 2314 1767 2350 Hsmoofflmzws
1794 2314 1885 2350 libro
1910 2316 2035 2360 quinto
2059 2314 2151 2350 iuris
2173 2314 2408 2361 epitomas-um

1326 2360 1449 2396 Poena
1486 2359 1694 2405 pecuniaria
1729 2363 1864 2395 statuta
1902 2360 1978 2404 lege
2014 2359 2130 2395 Fabia
2165 2359 2202 2395 in
2232 2369 2301 2395 usu
2331 2368 2410 2394 esse

1327 2406 1446 2441 desiit:
1476 2415 1560 2440 nam
1582 2405 1618 2440 in
1642 2405 1712 2440 hoc
1743 2405 1888 2440 crimine
1911 2404 2040 2440 detecti
2062 2415 2129 2450 pro
2159 2403 2280 2440 delicti
2303 2403 2410 2439 modo

1327 2454 1538 2487 coercentur
1559 2454 1596 2486 et
1619 2449 1827 2496 plerumque
1849 2449 1887 2485 in
1909 2449 2092 2486 metallum
2115 2448 2340 2485 damnantur.

1764 2595 1768 2599 '
1799 2588 1891 2627 XVI
1903 2587 1941 2625 ²⁷.

1326 2655 1387 2687 AD
1424 2653 1627 2687 SENATUS
1656 2652 1930 2687 CONSULTUM
1966 2651 2315 2686 TURPILLlANUM
2349 2650 2409 2684 ET

1512 2699 1575 2732 DE
1598 2697 1951 2732 ABOLITIONIBUS
1975 2696 2220 2731 CRIMLNUM.

1376 2763 1394 2802 1
1419 2763 1655 2800 MARGIANUS
1674 2763 1766 2799 libro
1782 2763 1965 2809 sinqulart'
1981 2763 2032 2799 ad
2046 2767 2192 2798 senalus
2208 2762 2409 2799 consultum

1330 2809 1593 2856 Turpillianum
1650 2809 1911 2844 Accusatorum
1942 2808 2122 2844 temeritas
2150 2807 2265 2843 tribus
2295 2806 2409 2843 modis

1326 2855 1503 2900 detegitur
1532 2858 1570 2890 et
1598 2853 1713 2889 tribus
1745 2853 1868 2898 poenis
1898 2853 2091 2889 subicitur:
2126 2857 2191 2888 aut
2224 2851 2318 2888 enim
2348 2863 2408 2887 ca-

1326 2899 1546 2935 lumniantur
1575 2902 1641 2934 aut
1670 2898 1962 2943 praevaricantur
1984 2899 2088 2934 aut¹⁸
2118 2897 2406 2943 tergiversantur.

1331 2950 1342 2979 1
1395 2944 1611 2980 Calumniari
1635 2948 1690 2978 est
1711 2943 1805 2979 falsa
1827 2943 1974 2979 crimina
1995 2943 2198 2987 intendere,
2230 2942 2408 2987 praevari-

1327 2989 1403 3025 cari
1424 2999 1509 3025 vera
1533 2988 1682 3024 crimina
1703 2988 1937 3032 abscondere,
1961 2987 2185 3034 tergiversari
2206 2987 2244 3022 in
2267 2987 2408 3022 univer-

1327 3039 1347 3069 2
1393 3045 1472 3070 sum
1504 3034 1550 3070 ab
1582 3033 1811 3069 accusatione
1847 3033 2029 3069 desistere.
2084 3031 2409 3069 calumniatoribus

1327 3083 1346 3114 3
1395 3089 1510 3124 poena
1537 3079 1615 3123 lege
1643 3077 1805 3113 Remmia
1835 3078 2023 3124 irrogatur.
2079 3077 2148 3114 Sed
2177 3087 2250 3112 non
2288 3077 2410 3121 utique

1327 3125 1387 3169 qui
1421 3135 1493 3159 non
1527 3123 1657 3168 probat
1690 3123 1786 3167 quod
1819 3123 1972 3159 intendit
2005 3122 2170 3168 protinus
2202 3121 2409 3157 calumniari

1328 3169 1483 3205 videtur:
1509 3179 1589 3203 nam
1614 3168 1690 3203 eius
1713 3168 1765 3203 rei
1787 3167 1966 3213 inquisitio
1992 3167 2139 3203 arbitrio
2163 3166 2408 3211 cognoscentis

1328 3213 1574 3254 committitur,
1610 3213 1671 3258 qui
1695 3223 1756 3248 reo
1781 3213 1948 3249 absoluto
1972 3212 2017 3248 de
2039 3211 2260 3248 accusatoris
2283 3210 2408 3256 incipit

1328 3259 1476 3295 consilio
1497 3268 1677 3304 quaerere,
1702 3267 1773 3302 qua
1790 3262 1908 3293 mente
1927 3258 2056 3294 ductus
2078 3256 2125 3292 ad
2143 3256 2407 3292 accusationem

1327 3303 1519 3350 processit,
1550 3306 1588 3338 et
1617 3302 1647 3338 si
1676 3302 1818 3348 quidem
1845 3302 1980 3338 iustum
2002 3302 2078 3338 eius
2101 3311 2257 3337 errorem
2279 3309 2405 3346 reppe-

1326 3349 1425 3392 rerit,
1448 3347 1600 3384 absolvit
1616 3357 1709 3390 eum,
1734 3347 1765 3383 si
1786 3357 1869 3383 vero
1893 3347 1931 3383 in
1952 3346 2103 3383 evidenti
2128 3345 2305 3382 calumnia
2327 3355 2408 3380 eum

1327 3397 1348 3429 4
1395 3391 1677 3439 deprehenderit,
1701 3392 1890 3438 legitimam
1913 3402 2065 3438 poenam
2086 3390 2119 3427 ei
2135 3391 2279 3436 irrogat.
2310 3389 2407 3434 Quo-

1888 3507 1949 3547 (12)
1972 3504 2042 3538 divi
2060 3517 2124 3539 ser.
2233 3504 2293 3544 (¹8)
2315 3503 2357 3535 ut
2374 3502 2410 3535 et

2017 3553 2075 3591 (u)
2099 3548 2179 3582 facti
2194 3547 2344 3591 quaestio
2359 3548 2408 3579 est

2064 3596 2124 3636 (ιο)
2148 3592 2292 3636 susat?

1373 3644 1430 3683 (17)
1456 3642 1539 3685 Pap.
1562 3649 1646 3680 1...θ;
1677 3641 1758 3674 Sat.
1779 3647 1884 3678 tute:
1914 3640 2044 3719 lid-113.
2065 3647 2111 3674 18.
2130 3655 2178 3663 -
2200 3638 2283 3671 Bae.
2304 3638 2359 3677 60,
2380 3643 2406 3678 ι,

1847 3688 1907 3728 (ιο)
1931 3694 1975 3719 su

1326 3507 1415 3541 bona
1432 3505 1497 3540 fide
1514 3516 1696 3549 posse-ore
1715 3506 1779 3540 del.

1328 3552 1386 3595 qui
1402 3551 1531 3586 dederit
1544 3554 1577 3584 et
1592 3551 1652 3593 qui
1667 3550 1832 3594 acceperit
1851 3551 1911 3584 ins.

1330 3599 1370 3630 R.
1383 3597 1570 3641 Stephanus
1663 3598 1723 3638 (15)
1747 3595 1897 3629 vinetum
1908 3607 1970 3629 scr.
