2528 3918
0 0 51 136 ἔ

138 133 205 183 vnn
234 151 381 184 vanus
410 151 467 182 ΕΤ
495 149 752 182 nxrmonn.
782 147 908 181 coen

193 261 241 300 15
273 261 468 298 ULPJAst
495 261 587 297 libro
616 258 801 307 sinqulari
829 259 874 295 de
897 258 1025 305 officio
1048 257 1231 310 curatorf‘s

141 308 198 342 rei
211 306 392 388 ἔαὺζίοᾶιίε
445 307 543 388 filit-⁰¹⁸
565 306 897 396 libergizsaepotem
924 313 1066 350 quoque
1089 313 1132 339 ex
1158 302 1232 338 filia

141 362 210 389 con
226 362 315 388 meri
378 363 441 388 vus
494 362 551 388 ius
575 362 654 388 resc
761 377 768 384 .

618 489 717 529 XIII
728 489 753 528 ¹.

141 558 204 591 DE
233 556 386 590 VARIIS
422 554 509 588 ET²
540 554 963 589 EXTRAORDINARIIS
996 554 1231 587 COGNIT10-

187 602 324 636 NIBUS
354 600 415 634 ET
440 600 482 633 SI
505 599 827 679 ΙΠΒῙξῖΙξΕΙῶΙὲἒΜ
850 598 973 633 SUAM
996 599 1186 633 FECISSE

191 711 210 750 1
245 711 439 748 Urmiws
469 711 560 748 libro
584 715 710 748 octavo
735 712 780 748 de
803 712 966 747 omnibus
990 711 1232 747 tribunalibus

141 758 290 794 Praeses
309 757 516 803 provinciae
534 756 579 792 de
595 757 819 793 mercedibus
835 757 893 792 ius
909 757 1029 792 dicere
1045 757 1146 798 solet,
1169 755 1232 791 sed

166 803 434 848 raeceptoribus
457 805 597 838 tantum
622 802 821 838 studiorum
844 802 1057 837 liberalium.
1100 801 1231 837 libera-

140 815 189 884 fla
219 853 338 884 autem
369 847 489 884 studia
517 847 731 893 accipimus,
764 858 856 894 quae
882 847 1013 883 Graeci
1043 845 1231 893 ἐλευθέρια

140 894 342 940 appellant:
374 893 538 929 rhetores
563 893 858 936 continebuntur,
883 892 1122 938 grammatici,
1146 901 1230 937 geo-

144 943 159 974 1
208 942 355 975 metrae.
390 939 615 974 Medicorum
632 949 774 992 quoque
794 939 918 974 eadem
937 949 1048 974 causa
1065 941 1121 974 est
1139 948 1232 983 quae

140 984 396 1030 professorum,
422 983 491 1019 nisi
515 983 611 1029 quod
633 987 775 1027 iustior,
800 995 882 1020 cum
906 984 943 1019 hi
967 983 1094 1019 salutis
1117 983 1231 1019 homi-

139 1041 236 1073 num,
260 1029 312 1064 illi
336 1029 535 1065 studiorum
560 1039 683 1065 curam
707 1039 729 1065 a
753 1033 834 1065 ant:
861 1033 897 1065 et
915 1029 994 1065 ideo
1014 1028 1070 1064 his
1090 1039 1231 1073 quoque

141 1078 161 1110 2
208 1078 312 1111 extra
334 1074 495 1110 ordinem
517 1074 573 1110 ius
597 1074 668 1110 dici
692 1041 808 1110 deffiet.
849 1074 919 1110 Sed
943 1078 979 1110 et
1002 1073 1231 1110 obstetricem

139 1120 304 1163 audiant,
344 1130 436 1165 quae
473 1119 597 1164 utique
633 1119 846 1156 medicinam
877 1120 1047 1156 exhibere
1078 1119 1228 1155 videtur.

140 1168 160 1201 3
206 1164 368 1201 Medicos
404 1164 570 1201 fortassis
610 1165 690 1210 quis
725 1166 880 1211 accipiet
911 1166 1017 1200 etiam
1049 1175 1130 1207 eos,
1170 1165 1231 1209 qui

139 1210 290 1247 alicuius
320 1210 434 1255 partis
465 1211 628 1256 corporis
659 1211 712 1246 vel
745 1212 833 1246 certi
869 1210 1003 1246 doloris
1039 1210 1230 1246 sanitatem

138 1256 372 1301 pollicentur:
404 1259 446 1291 ut
475 1260 565 1301 puta
595 1256 626 1292 si
654 1256 912 1296 auricularius,
945 1256 976 1291 si
1004 1255 1146 1291 fistulae
1175 1255 1231 1290 vel

139 1301 307 1338 dentium.
356 1312 429 1337 non
451 1304 572 1336 tamen
595 1301 626 1337 si
649 1301 857 1344 incantavit,
883 1301 915 1337 si
937 1301 1142 1346 inprecatus
1164 1304 1229 1343 est,

140 1347 189 1390 si,
221 1350 262 1382 ut
285 1346 424 1393 vulgari
445 1346 552 1382 verbo
577 1347 624 1381 im
652 1350 813 1383 ostorum
836 1349 935 1389 utar,
969 1346 1024 1382 si³
1046 1345 1229 1382 exorciza-

139 1392 206 1428 vit:
247 1402 320 1428 non
349 1395 435 1428 sunt
462 1392 533 1427 ista
562 1402 619 1428 me
647 1392 761 1428 'cinae
791 1402 941 1437 genera,
973 1392 1116 1427 tametsi
1147 1391 1230 1434 sint,

139 1437 200 1483 qui
227 1437 293 1473 hos
323 1437 393 1474 sibi
446 1436 601 1473 rofuisse
632 1448 714 1473 cum
737 1437 1005 1483 praedicatione
1029 1437 1229 1472 adfirment.

140 1486 160 1517 4
207 1482 267 1517 An
299 1486 336 1518 et
364 1483 427 1528 phi
442 1483 569 1528 osophi
598 1483 845 1528 professorum
876 1493 1026 1519 numero
1058 1482 1155 1518 sint?
1197 1486 1233 1518 et

139 1539 212 1564 non
235 1531 369 1574 putem,
396 1539 470 1564 non
494 1528 579 1572 quia
601 1538 675 1564 non
698 1528 865 1573 religiosa
887 1538 946 1564 res
970 1532 1035 1571 est,
1060 1527 1123 1564 sed
1147 1527 1232 1573 quia

138 1574 208 1609 hoc
230 1573 384 1619 primum
407 1573 569 1619 profiteri
592 1583 654 1609 eos
679 1577 823 1619 oportet
845 1574 1125 1610 mercennariam
1145 1576 1230 1618 o'pe-

139 1622 158 1653 5
206 1629 284 1654 rain
314 1629 332 1654 s
359 1628 495 1654 ernere.
550 1618 707 1655 Proinde
745 1629 789 1655 ne
824 1619 913 1655 iuris
945 1619 1087 1664 quidem
1119 1618 1231 1655 civilis

138 1664 336 1709 professori
363 1674 405 1700 us
427 1664 485 1699 ius
509 1663 644 1700 dicent:
678 1668 734 1701 est
759 1665 900 1710 quidem
922 1675 980 1700 res
1005 1664 1231 1700 sanctissima

140 1709 252 1745 civilis
275 1719 317 1745 sa
342 1709 471 1752 ientia,
503 1709 567 1745 sed
595 1720 688 1755 quae
718 1710 834 1755 pretio
864 1710 1065 1746 nummario
1088 1720 1161 1746 non
1185 1710 1233 1746 sit

139 1755 315 1790 aestiman
340 1765 363 1790 a
385 1765 453 1791 nec
476 1754 760 1799 dehonestanda,
792 1755 877 1791 dum
899 1755 936 1791 in
960 1755 1091 1791 iudicio
1116 1755 1232 1791 honor

139 1800 291 1845 petitur,
332 1799 394 1846 qui
429 1800 468 1835 in
497 1800 662 1845 ingressu
693 1801 908 1836 sacramenti
942 1801 1064 1836 offerri
1094 1800 1229 1836 debuit.

140 1845 315 1891 quaedam
339 1845 433 1881 enim
452 1846 596 1881 tametsi
614 1846 764 1882 honeste
783 1846 1019 1900 accipiantur,
1043 1846 1231 1882 inhoneste

140 1894 161 1926 6
206 1894 328 1926 tamen
350 1894 533 1936 petuntur.
570 1891 666 1927 Ludi
683 1902 825 1937 quoque
842 1891 1007 1927 litterarii
1026 1892 1231 1937 magistris⁴

138 1936 224 1972 licet
245 1947 318 1972 non
342 1936 414 1972 sint
435 1935 676 1981 professores,
706 1941 827 1972 tamen
850 1940 1063 1982 usurpatum
1087 1940 1160 1980 est,
1190 1940 1232 1972 ut

139 1982 196 2017 his
229 1992 299 2027 quo
325 1991 371 2017 ue
402 1981 460 2017 ius
491 1981 650 2017 dicatur:
682 1982 754 2017 iam
786 1986 822 2018 et
844 1982 999 2018 librariis
1024 1986 1060 2018 et
1083 1982 1230 2018 notariis

140 2030 158 2061 7
208 2033 244 2062 et
268 2037 288 2062 c
327 2026 550 2063 culatoribus
573 2026 649 2063 sive
678 2027 878 2063 tabulariis.
927 2027 999 2063 Sed
1029 2031 1231 2064 ceterarum

139 2072 271 2108 artium
302 2071 491 2117 opificibus
521 2072 594 2108 sive
625 2072 843 2117 artificibus,
881 2083 973 2118 quae
1010 2077 1095 2108 sunt
1130 2076 1232 2108 extra

139 2118 277 2153 litteras
300 2117 357 2153 vel
379 2121 485 2154 notas
509 2118 668 2162 positae,
693 2128 919 2163 nequaquam
943 2122 1046 2154 extra
1069 2118 1231 2154 ordinem

141 2165 162 2198 8
207 2163 264 2198 ius
295 2162 415 2198 dicere
446 2173 592 2208 praeses
622 2163 776 2199 debebit.
831 2163 902 2199 Sed
940 2168 977 2200 et
1014 2164 1044 2200 si
1084 2164 1231 2200 comites

140 2208 309 2244 salarium
358 2212 475 2251 etant,
506 2208 600 2244 idem
623 2208 712 2244 iuris
737 2212 809 2253 est,
835 2209 932 2254 quod
955 2210 993 2244 in
1016 2209 1230 2254 professori-

140 2256 161 2288 9
209 2254 276 2289 bus
307 2219 438 2298 piacet.
494 2253 565 2289 Sed
595 2258 632 2289 et
662 2254 834 2290 adversus
863 2254 875 2289 i
902 2265 961 2290 sos
994 2265 1116 2291 omnes
1148 2265 1232 2299 cog-

140 2308 290 2334 noscere
320 2308 466 2344 praeses
497 2298 621 2343 debet‚
652 2299 738 2345 quia
767 2303 809 2334 ut
839 2309 861 2335 a
887 2310 1011 2336 versus
1036 2300 1231 2336 advocatos

145 2347 184 2378 10
230 2343 424 2387 adeantur,
455 2343 526 2379 divi
556 2344 688 2380 fratres
719 2345 992 2390 rescripserunt.
1045 2345 1089 2381 In
1117 2345 1232 2381 hono-

140 2388 244 2425 rariis
275 2388 532 2425 advocatorum
560 2389 612 2425 ita
642 2390 779 2426 versari
808 2390 917 2426 iudex
946 2390 1069 2435 debet,
1101 2394 1142 2426 ut
1164 2401 1230 2436 pro

141 2434 246 2470 modo
274 2434 348 2470 litis
376 2445 513 2488 proque
544 2435 709 2471 advocati
731 2435 904 2471 facundia
927 2440 964 2472 et
986 2436 1058 2471 fori
1081 2447 1231 2472 consue-

140 2479 264 2515 tudine
288 2483 324 2515 et
345 2479 480 2524 iudicii,
504 2480 542 2515 in
566 2491 637 2525 quo
660 2484 740 2516 erat
758 2484 920 2524 acturus,
946 2482 1231 2518 aestimationem

141 2524 320 2568 adhibeat,
339 2525 529 2561 dummodo
548 2525 686 2561 licitum
702 2526 937 2562 honorarium
956 2527 1138 2572 quantitas
1158 2537 1231 2562 non

141 2570 361 2615 egrediatur:
393 2571 445 2606 ita
475 2570 570 2606 enim
599 2571 776 2617 rescripto
807 2571 1034 2617 imperatoris
1057 2572 1172 2608 nostri
1197 2576 1232 2608 et

141 2615 253 2660 patris
286 2615 364 2651 eius
396 2615 611 2651 continetur.
666 2616 776 2652 verba
809 2617 977 2662 rescripti
1012 2618 1065 2653 ita
1096 2628 1135 2653 se
1165 2617 1230 2653 ha-

141 2661 245 2696 bent:
283 2660 333 2696 ‘Si
363 2660 476 2696 Iulius
506 2660 711 2705 Maternus,
742 2672 848 2707 quem
875 2666 1068 2707 patronum
1100 2673 1231 2699 causae

143 2709 238 2741 ‘tuae
261 2715 340 2742 esse
363 2705 522 2750 voluisti,
554 2706 660 2742 fidem
689 2710 895 2752 susceptam
926 2708 1095 2744 exhibere
1123 2718 1229 2753 para-

142 2754 212 2786 ‘tus
233 2754 298 2793 est,
322 2760 403 2787 eain
425 2750 613 2786 dumtaxat
634 2752 834 2797 pecuniam,
859 2763 952 2798 quae
975 2753 1118 2789 modum
1143 2754 1229 2798 legi-

145 2799 182 2831 11
232 2796 369 2831 ‘timum
392 2806 535 2841 egressa
558 2800 631 2840 est,
659 2801 821 2843 repetere
845 2797 977 2834 debes’.
1024 2799 1230 2835 Advocatos

142 2840 307 2886 accipere
329 2841 500 2877 debemus
524 2852 646 2878 omnes
670 2843 829 2887 omnino,
854 2843 916 2888 qui
940 2844 1060 2880 causis
1084 2844 1230 2890 agendis

143 2896 284 2931 quoquo
304 2886 423 2922 studio
442 2891 651 2932 operantur:
676 2898 749 2924 non
763 2891 884 2924 tamen
901 2888 964 2934 qui
978 2900 1044 2934 pro
1060 2893 1229 2932 tractatu,

143 2942 215 2966 non
238 2930 399 2967 adfuturi
422 2932 552 2976 causis,
584 2933 661 2969 acci
687 2943 749 2970 ere
772 2933 859 2979 quid
882 2934 1009 2978 solent,
1037 2935 1230 2971 advocato-

147 2979 186 3012 12
233 2987 312 3012 rum
335 2986 482 3012 numero
507 2982 623 3014 erunt.
696 2979 709 3013 i
737 2980 797 3015 cui
825 2982 972 3015 cautum
997 2984 1052 3016 est
1073 2980 1229 3017 honora-

143 3022 234 3057 rium
264 3022 322 3058 vel
348 3022 384 3075 si
409 3022 488 3067 quis
519 3022 565 3058 de
578 3022 657 3075 ‚lite
686 3027 816 3069 pactus
848 3028 929 3079 est,
949 3025 1150 3068 videamus,
1178 3036 1230 3078 *an

142 3068 682 3158 {dgrszffigeragdrdluiioigtsso
699 3069 744 3149 {e
767 3073 974 3161 Xiavssnzaiioe
997 3074 1231 3152 gisgsrestlzdriiffi

145 3160 267 3193 ‘causa
290 3158 383 3193 malo
408 3168 507 3193 more
523 3159 712 3203 pecuniam
729 3159 797 3196 tibi
816 3161 1028 3206 promissam
1046 3161 1124 3206 ipse
1142 3172 1229 3206 quo-

145 3205 226 3256 ‘que
255 3203 446 3248 profiteris.
492 3203 557 3239 sed
585 3203 654 3239 hoc
683 3203 736 3239 ita
767 3205 849 3241 ius⁶
884 3210 958 3250 est,
994 3206 1025 3242 si
1055 3216 1232 3252 suspensa

145 3248 219 3300 ‘lite
245 3248 455 3284 societatem
482 3248 596 3284 futuri
624 3249 853 3285 emolumenti
883 3252 1003 3287 cautio
1026 3251 1228 3297 pollicetur.

145 3296 187 3328 ‘si
223 3303 308 3329 vero
344 3297 428 3338 post
465 3303 611 3330 causam
648 3297 767 3330 actam
803 3299 912 3332 cauta
949 3299 1004 3332 est
1038 3297 1231 3332 honoraria

145 3341 311 3381 ‘summa,
347 3338 422 3384 peti
453 3339 587 3384 poterit
616 3349 730 3384 usque
761 3340 808 3375 ad
836 3342 1059 3386 probabilem
1088 3342 1229 3387 quanti-

147 3386 284 3426 ¹tatem,
308 3383 376 3419 etsi
398 3384 541 3419 nomine
563 3384 727 3430 palmarii
751 3388 896 3421 cautum
919 3387 984 3422 sit:
1018 3388 1071 3423 sic
1097 3391 1229 3429 tamen,

145 3431 199 3463 ‘ut
221 3431 447 3473 computetur
469 3429 508 3464 id
531 3429 627 3474 quod
650 3429 772 3464 datum
795 3434 851 3466 est
877 3442 958 3466 cum
981 3442 1024 3468 eo
1048 3432 1145 3477 quod
1169 3433 1229 3467 de-

146 3473 263 3509 ⁴betur
292 3476 457 3509 neutrum
483 3484 529 3510 ue
560 3475 795 3520 compositum
827 3476 962 3512 licitam
995 3477 1230 3521 quantitatem

149 3521 188 3553 ¹3
235 3518 419 3555 ‘excedat’.
452 3485 572 3556 Eicita
588 3524 708 3556 autem
729 3521 910 3565 quantitas
929 3522 1147 3567 intellegitur
1188 3532 1229 3557 ro

145 3563 293 3608 singulis
323 3564 443 3600 causis
465 3575 579 3611 usque
603 3565 650 3601 ad
673 3569 815 3600 centum
840 3576 980 3603 aureos.
1028 3567 1142 3603 Divus
1193 3577 1229 3602 e·

193 3685 232 3719 (ι)
257 3679 340 3712 Sab.
354 3686 430 3713 1...3.
443 3688 480 3719 ὃς
503 3681 569 3714 Ed.
585 3689 612 3715 4.
625 3689 653 3715 5.
665 3698 711 3706 —-
723 3681 808 3714 Bas.
821 3683 879 3725 54,
888 3688 922 3716 14

147 3725 213 3758 ind.
229 3724 336 3769 Fcum
348 3724 394 3764 Β,
414 3737 474 3758 om.
489 3725 525 3758 F
592 3727 636 3768 (3)
660 3726 689 3758 si
701 3726 763 3759 del.
777 3726 859 3760 Hal.

147 3770 189 3811 (5)
215 3769 266 3800 ius
291 3770 351 3802 del.
375 3767 425 3802 F¹³
573 3772 618 3811 (6)
643 3770 768 3813 plebeis
789 3772 821 3805 F
825 3771 839 3792 ⁶

1013 3685 1057 3724 (2)
1083 3682 1184 3715 variis
1199 3683 1233 3714 et

937 3728 981 3769 (4)
1005 3727 1156 3771 magistri
1167 3738 1230 3759 scr.

987 3774 1033 3813 (7)
1057 3772 1148 3813 quod
1167 3783 1230 3804 scr.

1225 131 1310 180 855

2079 145 2114 187 L
2148 148 2212 190 12.
2241 149 2303 190 13.
2332 152 2381 190 14

1301 268 1406 294 verus
1443 259 1490 294 ab
1526 258 1716 312 heredibus
1751 262 1914 299 advocati
1948 268 2089 302 mortuo
2125 278 2167 303 eo
2202 269 2383 314 prohibuit

1301 304 1501 357 mercedem
1524 308 1653 349 repeti,
1685 307 1769 351 quIa
1796 319 1861 353 per
1889 310 2006 355 ipsum
2028 322 2100 347 non
2124 317 2287 358 steterat,
2312 326 2380 359 quo

1307 352 1345 383 14
1393 360 1679 401 minus-causam
1704 357 1833 396 ageret.
1881 355 1938 390 Ad
1964 357 2116 392 nutricia
2140 369 2280 404 quoque
2303 360 2381 395 offi-

1302 405 1395 429 cium
1413 394 1588 448 praesidis
1607 396 1661 447 vel
1679 399 1852 441 praetoris
1872 400 2029 436 devenit:
2056 413 2207 448 namque
2227 405 2382 440 nutrices

1302 439 1349 475 ob
1386 441 1590 476 alimoniam
1624 441 1812 477 infantium
1848 445 1945 496 apud.
1975 447 2156 491 praesides
2187 450 2284 494 quod
2315 450 2382 486 sibi

1302 485 1453 537 debetur
1509 488 1621 521 etunt.
1669 487 1732 522 sed
1755 489 1909 524 nutricia
1933 501 1974 526 eo
1999 502 2111 537 usque
2132 495 2382 538 producemus,

1301 530 1420 576 quoad
1444 542 1480 565 in
1497 534 1599 566 antes
1624 531 1793 568 uberibus
1818 534 1979 571 aluntur:
2009 541 2166 573 ceterum
2215 542 2272 575 ost
2294 540 2382 576 haec

1305 579 1343 610 15
1393 579 1537 612 cessant
1559 580 1681 621 partes
1700 579 1874 622 praetoris
1894 580 1948 615 vel
1968 583 2151 625 praesidis.
2224 595 2287 620 aec
2308 596 2381 621 om-

1300 621 1361 656 nia
1384 620 1415 656 si
1439 621 1537 666 apud
1560 622 1741 674 praesides
1765 628 1945 668 petantur,
1969 626 2148 663 videamus
2172 639 2218 663 an
2243 630 2286 665 de
2306 641 2381 665 mu-

1300 666 1373 701 tuis
1409 667 1642 712 petitionibus
1681 672 1831 720 possunt
1863 671 2044 714 praesides
2079 684 2302 717 cognoscere.
2349 679 2384 710 et

1300 715 1423 757 putem
1447 712 1578 748 debere
1601 712 1752 748 admitti.

1347 755 1372 794 2
1406 757 1514 792 IDEM
1542 757 1634 793 libro
1657 759 1782 811 primo
1815 761 2021 805 opinionum
2073 762 2128 797 De
2162 774 2229 798 usu
2259 774 2383 809 aquae,

1301 802 1345 838 de
1368 802 1451 838 rivis
1475 803 1576 839 novis
1597 803 1785 839 inciviliter
1803 803 1986 848 institutis,
2011 806 2094 841 item
2115 808 2158 842 de
2178 808 2276 853 equis
2299 810 2382 845 alie-

1300 848 1356 884 nis
1380 858 1402 883 a
1424 848 1561 884 sciente
1583 848 1761 893 possessis
1786 848 1930 894 fetuque
1954 860 2092 895 earum,
2123 856 2159 887 et
2189 853 2232 888 de
2256 854 2383 890 damno

1301 893 1385 929 dato
1415 903 1480 938 per
1510 893 1688 930 immissos
1718 893 1756 929 in
1779 895 1964 939 praedium
1988 906 2091 932 suum
2114 898 2296 934 universos
2320 900 2383 935 ho-

1301 939 1412 974 mines
1443 949 1523 981 eos,
1556 939 1616 984 qui
1645 938 1684 974 in
1712 939 1869 985 plurium
1897 941 2044 985 praedia
2068 942 2230 979 distribui
2254 944 2384 980 debue-

1300 988 1403 1027 runt,
1433 984 1466 1019 si
1488 984 1594 1020 modo
1618 984 1656 1019 id
1680 995 1753 1020 non
1777 995 1822 1020 ex
1844 987 2058 1022 auctoritate
2082 987 2158 1023 eius
2183 988 2239 1033 qui
2263 989 2384 1025 iubere

1300 1030 1420 1075 potuit
1442 1029 1578 1065 factum
1602 1033 1667 1072 est,
1692 1030 1892 1075 praesidem
1914 1032 2117 1076 provinciae
2140 1033 2260 1068 doceri
2280 1045 2384 1079 opor-

1301 1081 1376 1110 tere
1399 1085 1611 1127 responsum
1631 1078 1696 1117 est,
1721 1079 1762 1110 ut
1780 1075 1811 1111 is
1831 1076 2027 1112 secundum
2047 1077 2100 1112 rei
2120 1079 2332 1123 aequitatem
2352 1083 2387 1115 et

1300 1120 1555 1156 iurisdictionis
1579 1120 1739 1157 ordinem
1765 1121 2030 1158 convenientem
2055 1122 2202 1158 formam
2231 1124 2284 1159 rei
2315 1125 2385 1160 det.

1347 1163 1371 1204 3
1397 1165 1506 1201 Imm
1529 1166 1621 1201 libro
1646 1167 1771 1211 quinto
1796 1167 2007 1213 opinionum
2055 1167 2093 1203 Si
2121 1168 2296 1212 medicus,
2329 1170 2387 1205 cui

1300 1211 1478 1247 curandos
1509 1221 1594 1247 suos
1626 1211 1752 1246 oculos
1784 1211 1844 1256 qui
1868 1212 1919 1247 eis
1942 1212 2131 1248 laborabat
2155 1214 2387 1257 commiserat,

1300 1257 1498 1303 periculum
1535 1256 1811 1292 amittendorum
1847 1267 1970 1292 eorum
2002 1268 2070 1310 per
2098 1258 2248 1294 adversa
2277 1260 2387 1295 medi-

1301 1306 1465 1338 camenta
1487 1302 1671 1338 inferendo
1697 1301 1887 1347 compulit,
1916 1306 1958 1338 ut
1979 1313 2013 1339 ei
2035 1304 2280 1348 possessiones
2303 1316 2388 1340 suas

1301 1352 1428 1384 contra
1451 1347 1558 1383 fidem
1582 1348 1714 1384 bonam
1737 1357 1843 1393 aeger
1866 1347 2051 1384 venderet:
2087 1349 2228 1385 incivile
2254 1350 2390 1385 factum

1299 1403 1446 1440 praeses
1470 1393 1675 1438 provinciae
1699 1396 1865 1429 coerceat
1888 1403 2032 1438 remque
2055 1395 2195 1430 restitui
2217 1395 2339 1431 iubeat

1347 1437 1372 1475 4
1397 1438 1558 1474 PAULUS
1586 1439 1678 1475 libro
1711 1443 1842 1484 quarto
1874 1439 1924 1474 ad
1946 1439 2129 1475 Plautium
2177 1440 2290 1476 Divus
2314 1441 2388 1476 An-

1299 1484 1445 1520 toninus
1475 1483 1562 1520 Pius
1593 1483 1780 1529 rescripsit
1809 1483 1897 1519 iuris
1929 1484 2129 1528 studiosos,
2166 1485 2226 1531 qui
2259 1485 2390 1522 salaria

1299 1530 1482 1575 petebant,
1507 1530 1599 1565 haec
1622 1529 1764 1575 exigere
1787 1539 1904 1575 posse.
2275 1532 2278 1535 '

1347 1574 1371 1612 5
1414 1575 1701 1611 CALLISTRATUS
1744 1575 1835 1610 libro
1872 1576 1996 1621 primo
2039 1575 2084 1611 de
2126 1576 2390 1622 coqnitionibus

1301 1620 1551 1666 Cognitionum
1582 1631 1751 1656 numerus
1782 1630 1863 1655 cum
1894 1630 1938 1655 ex
1967 1620 2074 1656 variis
2099 1621 2218 1657 causis
2241 1621 2388 1657 descen-

1300 1665 1381 1710 dat,
1404 1666 1443 1701 in
1490 1676 1598 1701 enera
1621 1665 1730 1701 dividi
1753 1665 1860 1701 facile
1883 1676 1955 1702 non
1978 1670 2116 1711 potest,
2141 1666 2211 1702 nisi
2235 1677 2388 1702 summa-

1300 1712 1364 1747 tim
1387 1711 1459 1747 divi
1485 1715 1578 1746 atur.
1614 1720 1784 1746 numerus
1804 1721 1886 1756 ergo
1907 1711 2146 1756 cognitionum
2165 1711 2202 1747 in
2244 1715 2391 1748 uattuor

1299 1757 1375 1793 fere
1393 1767 1527 1802 genera
1546 1756 1654 1792 dividi
1672 1759 1814 1809 potest:
1839 1759 1903 1791 aut
1922 1756 2014 1792 enim
2035 1756 2078 1792 de
2099 1757 2225 1793 honori
2253 1768 2295 1792 us
2318 1757 2390 1792 sive

1299 1802 1507 1838 muneribus
1538 1802 1701 1847 gerendis
1732 1801 1906 1847 agitatur,
1942 1805 2007 1837 aut
2040 1801 2084 1838 de
2112 1813 2151 1838 re
2182 1802 2390 1848 pecuniaria

1300 1848 1534 1893 disceptatur,
1556 1851 1620 1883 aut
1638 1847 1682 1882 de
1701 1847 1961 1883 existimatione
1980 1847 2132 1883 alicuius
2151 1848 2388 1892 cognoscitur,

1307 1897 1317 1928 1
1368 1897 1431 1928 aut
1455 1892 1499 1928 de
1524 1892 1669 1938 capitali
1690 1892 1836 1928 crimine
1855 1892 2049 1937 quaeritur.
2089 1892 2315 1929 Existimatio
2336 1896 2387 1929 est

1300 1938 1482 1984 dignitatis
1512 1938 1671 1974 inlaesae
1704 1942 1838 1980 status,
1870 1938 2009 1983 legibus
2039 1948 2083 1973 ac
2109 1938 2268 1974 moribus
2294 1949 2388 1974 com-

1299 1984 1485 2029 probatus,
1510 1983 1571 2029 qui
1595 1994 1639 2019 ex
1663 1983 1792 2019 delicto
1813 1987 1937 2019 nostro
1958 1983 2171 2019 auctoritate
2191 1984 2307 2028 legum
2328 1987 2389 2018 aut

1301 2033 1320 2064 2
1368 2029 1541 2065 minuitur
1571 2032 1636 2064 aut
1665 2028 1898 2064 consumitur.
1954 2028 2132 2064 Minuitur
2162 2028 2389 2070 existimatio,

1301 2074 1464 2121 quotiens
1502 2077 1669 2110 manente
1707 2074 1872 2110 libertate
1911 2072 2008 2109 circa
2042 2077 2175 2109 statum
2207 2073 2388 2118 dignitatis

1300 2130 1418 2166 poena
1448 2120 1657 2165 plectimur:
1692 2119 1797 2155 sicuti
1822 2130 1903 2155 cuin
1926 2119 2106 2164 relegatur
2128 2118 2205 2164 quis
2229 2119 2285 2154 vel
2309 2129 2389 2154 cum

1301 2165 1425 2202 ordine
1449 2169 1611 2201 movetur
1634 2165 1689 2201 vel
1714 2175 1794 2200 cum
1817 2164 2030 2210 prohibetur
2052 2164 2248 2200 honoribus
2271 2164 2387 2210 publi-

1302 2211 1354 2247 cis
1378 2210 1478 2256 fungi
1500 2211 1555 2246 vel
1580 2221 1662 2247 cum
1685 2210 1871 2255 plebeius⁶
1904 2209 2059 2245 fustibus
2091 2209 2251 2245 caeditur
2273 2210 2328 2244 vel
2351 2210 2387 2245 in

1300 2267 1392 2301 opus
1422 2256 1608 2302 publicum
1640 2256 1746 2291 datur
1777 2255 1832 2290 vel
1862 2265 1943 2290 cum
1973 2254 2011 2290 in
2038 2265 2116 2290 eam
2141 2265 2286 2290 causam
2309 2255 2388 2299 quis

1298 2301 1442 2345 incidit,
1482 2311 1574 2347 quae
1609 2301 1726 2337 edicto
1757 2303 1928 2346 perpetuo
1958 2300 2127 2335 infamiae
2160 2310 2270 2335 causa
2301 2310 2387 2335 enu-

1300 2350 1320 2383 3
1367 2350 1537 2383 meratur.
1577 2346 1807 2382 Consumitur
1830 2355 1925 2388 vero,
1951 2346 2114 2390 quotiens
2138 2355 2266 2390 magna
2290 2345 2386 2389 capi-

1298 2393 1346 2428 tis
1369 2392 1520 2428 minutio
1544 2391 1752 2434 intervenit,
1789 2390 1825 2426 id
1847 2394 1902 2426 est
1926 2401 2007 2425 cum
2030 2390 2177 2426 libertas
2203 2390 2387 2425 adimitur:

1299 2438 1409 2474 veluti
1441 2448 1522 2474 cum
1553 2448 1648 2483 aqua
1679 2441 1716 2472 et
1738 2436 1811 2481 igni
1833 2435 2074 2479 interdicitur,
2109 2437 2223 2480 quae⁷
2247 2435 2283 2470 in
2306 2445 2388 2479 per-

1300 2493 1389 2519 sona
1414 2483 1684 2528 deportaturum
1708 2481 1840 2523 evenit,
1869 2480 1925 2516 vel
1949 2491 2029 2516 cum
2052 2481 2212 2525 plebeius
2236 2480 2274 2515 in
2297 2490 2387 2525 opus

1299 2528 1435 2564 metalli
1457 2529 1514 2564 vel
1536 2529 1574 2563 in
1597 2528 1776 2563 metallum
1801 2527 1924 2561 datur:
1949 2526 2037 2560 nihil
2061 2525 2153 2560 enim
2175 2525 2286 2560 refert
2322 2535 2387 2559 nec

1300 2574 1440 2609 diversa
1463 2584 1582 2619 poena
1604 2577 1659 2609 est
1682 2573 1799 2618 operis
1818 2575 1854 2607 et
1869 2571 2013 2613 metalli,
2039 2570 2106 2605 nisi
2125 2571 2220 2615 quod
2241 2552 2387 2614 refugae

1301 2619 1419 2665 operis
1442 2630 1515 2655 non
1538 2623 1664 2661 morte,
1688 2617 1751 2654 sed
1774 2627 1891 2663 poena
1913 2615 2047 2652 metalli
2070 2615 2307 2651 subiciuntur.

1347 2662 1399 2702 6⁸
1431 2665 1555 2701 GAIUS
1594 2664 1685 2700 libro
1719 2663 1822 2698 tertio
1855 2672 1975 2696 rerum
2007 2660 2284 2697 cottidianarum
2314 2661 2386 2695 sive

1301 2721 1495 2745 aureorum
1542 2709 1581 2745 Si
1603 2708 1710 2744 iudex
1734 2708 1957 2743 litemsuam
1979 2705 2123 2748 fecerit,
2136 2716 2220 2758 ‘non
2242 2705 2387 2750 proprie

1300 2766 1344 2790 ex
1375 2755 1552 2791 maleficio
1586 2754 1763 2799 obligatus
1792 2752 1950 2788 videtur:
1990 2751 2052 2786 sed
2084 2761 2169 2795 quia
2197 2760 2312 2795 neque
2342 2760 2386 2785 ex

1301 2801 1515 2836 contractu⁹
1547 2800 1724 2844 obligatus
1754 2801 1810 2834 est
1839 2802 1875 2833 et
1902 2797 2024 2841 utique
2053 2806 2223 2840 peccasse
2253 2794 2385 2846 aliquid

1299 2846 1528 2889 intellegitur,
1551 2845 1636 2880 licet
1654 2854 1720 2889 per
1737 2844 1772 2878 in
1801 2842 2009 2883 rudentiam,
2030 2841 2109 2876 ideo
2127 2840 2266 2893 videtur
2285 2850 2386 2885 quasi

1300 2901 1343 2926 ex
1366 2890 1541 2926 maleficio
1566 2890 1680 2925 teneri
1703 2890 1741 2924 in
1780 2891 1899 2923 actum
1924 2886 2074 2929 actione,
2098 2889 2135 2921 et
2157 2896 2194 2920 in
2214 2889 2384 2930 quantum

1299 2936 1344 2972 de
1379 2946 1423 2972 ea
1455 2946 1496 2971 re
1526 2946 1679 2979 aequum
1709 2933 1870 2979 religioni
1900 2931 2090 2968 iudicantis
2123 2931 2233 2965 visum
2265 2929 2382 2972 fuerit,

1299 2991 1452 3027 poenam
1475 2980 1677 3017 sustinebit.

1763 3116 1881 3156 XIIII
1892 3115 1931 3154 ¹⁰.

1628 3183 1690 3215 DE
1713 3179 2059 3215 PROXENETICIS.

1349 3249 1366 3286 1
1409 3249 1603 3285 ULPJANUS
1639 3249 1730 3284 libro
1767 3246 2070 3293 quadraqense'mo
2101 3241 2256 3278 secundo
2293 3239 2381 3275 ad¹²

1300 3296 1473 3331 Sabinum
1520 3293 1758 3329 Proxenetica
1780 3294 1857 3328 iure
1880 3291 1976 3326 licito
2001 3292 2199 3338 petuntur-3
2372 3329 2379 3335 ·

1345 3337 1370 3377 2
1399 3339 1508 3375 IDEM
1538 3339 1630 3374 libro
1666 3338 1872 3383 triyense'mo
1935 3336 2025 3369 rimo
2061 3334 2110 3368 ad
2139 3331 2294 3381 eductum
2343 3328 2381 3364 Si

1299 3388 1495 3430 proxeneta
1519 3383 1746 3419 intervenerit
1768 3346 1933 3417 faciendi²
1942 3378 2105 3419 nominis,
2135 3379 2174 3410 ut
2195 3375 2297 3426 multi
2322 3384 2380 3409 so-

1298 3431 1390 3474 lent,
1422 3429 1605 3464 videamus
1633 3439 1680 3464 an
1703 3427 1815 3472 possit
1838 3424 1940 3470 quasi
1962 3422 2151 3458 mandator
2172 3423 2296 3473 teneri.
2345 3422 2380 3453 et

1300 3486 1371 3511 non
1401 3479 1490 3520 puto
1521 3474 1650 3517 teneri,
1689 3472 1773 3517 quia
1804 3470 1863 3506 hic
1897 3471 2071 3504 monstrat
2107 3475 2216 3519 inagis
2250 3472 2380 3516 nomen

1299 3531 1405 3565 quam
1428 3519 1585 3560 mandat,
1615 3517 1756 3552 tametsi
1779 3515 1900 3550 laudet
1922 3523 2061 3548 nomen.
2108 3510 2200 3563 idem
2224 3508 2315 3550 dico,
2345 3511 2381 3542 et

1299 3566 1329 3601 si
1366 3564 1501 3609 aliquid
1535 3561 1779 3609 philanthropi
1817 3559 1959 3594 nomine
1997 3559 2192 3602 acceperit:
2233 3563 2298 3588 nec
2336 3562 2381 3587 ex

1748 3676 1793 3717 (9)
1817 3674 1987 3706 contracta
2001 3671 2037 3704 F

1302 3682 1347 3723 (s)
1370 3695 1416 3709 ==
1428 3680 1472 3712 D.
1489 3680 1545 3720 44,
1558 3685 1585 3719 7,
1598 3685 1626 3719 5,
1639 3684 1654 3710 4

1875 3719 1931 3759 (11)
1956 3716 1997 3749 ad
2010 3728 2067 3749 om.
2081 3715 2115 3747 F

1347 3726 1408 3767 (ιο)
1432 3725 1514 3758 sab.
1527 3740 1571 3748 -
1584 3723 1668 3755 Bas.
1685 3723 1739 3762 54,
1752 3728 1784 3754 ιε»
