2528 3918
183 86 412 130 XXXVIII
444 88 497 130 10

182 209 377 255 eademque
405 219 517 246 causa
544 212 627 246 octo
657 218 833 255 personae
860 208 1035 253 efficient,
1074 211 1138 245 ut¹
1175 208 1268 245 aliae

182 259 265 291 octo
289 253 491 290 accedunt¹
520 264 567 291 ex
595 264 719 291 sorore
748 258 915 291 natorum
945 257 1094 300 nepotes
1123 258 1267 299 neptes·

183 310 252 345 que
281 303 318 335 et
348 299 510 335 similiter
538 302 774 336 numerantur
794 310 818 336 a
839 299 955 336 nobis.
1001 297 1125 335 stati-Is
1148 302 1268 334 autem

182 345 250 381 mei
272 355 385 390 nepos
408 345 597 391 neptisque
619 355 677 382 me
694 349 862 392 patruum
881 354 1047 390 magnum
1066 344 1266 390 appellant:

181 400 346 426 sororum
368 389 593 436 fratrumque
611 400 771 427 meorum
787 401 832 426 ne
860 394 936 427 otes
954 393 1160 435 neptesque,
1183 389 1268 425 item

181 435 250 471 mei
272 435 366 471 inter
389 445 428 471 se
451 435 657 472 consobrini
679 440 775 473 sunt.
823 446 844 471 a
870 445 993 481 nepos,
1018 434 1200 480 abneptis:
1230 434 1269 470 hi

181 483 266 515 sunt
288 480 497 533 pronepotis
510 481 702 534 ,proneptis
726 481 821 516 filius
839 479 925 523 filia,
948 479 1090 533 nepotis
1109 479 1269 525 neptisve

181 535 304 606 ¹²⁰?ss
316 525 1269 616 'iilffiaffluvfflmei'iiffffnfii'ssiePissfffimfi’nfflffi

181 580 235 696 {gl
258 615 400 696 exdfilia
422 616 599 670 acceptis,
634 621 675 651 ut
705 598 934 661 ad’singulas
956 625 1131 662 personas
1153 615 1268 661 gradu

205 671 312 697 escen
337 671 440 697 amus
463 672 526 698 sic.

347 751 441 788 filius
509 761 621 797 nepos
690 761 869 796 pronepos
938 751 1100 796 abnepos

346 796 441 833 filius
510 807 622 842 nepos
690 806 870 842 pronepos
939 796 1102 842 abneptis

347 841 442 878 filius
511 852 622 887 nepos
691 841 877 887 proneptis
938 842 1099 887 abnepos

345 886 440 923 filius
509 897 622 932 nepos
690 885 876 933 proneptis
939 886 1103 932 abneptis

345 931 440 968 filius
510 933 626 978 neptis
690 941 870 978 pronepos
939 932 1099 977 abnepos

344 976 440 1013 filius
509 978 626 1022 neptis
690 986 871 1023 pronepos
939 977 1104 1022 abneptis

345 1021 438 1058 filius
509 1023 626 1068 neptis
689 1021 875 1069 proneptis
937 1022 1098 1067 abnepos

345 1067 440 1104 filius
508 1068 627 1114 neptis
690 1066 874 1114 proneptis
885 1067 899 1090 ⁸
937 1067 1102 1113 abneptis

179 1158 340 1194 similiter
363 1159 432 1194 hae
454 1168 631 1204 personae
655 1158 962 1193 enumerabuntur
985 1156 1172 1203 proposita
1194 1156 1269 1193 filia

184 1207 222 1239 16
268 1207 304 1239 et
327 1203 379 1239 sic
403 1203 490 1239 fient
509 1203 673 1239 sedecim.
710 1202 842 1248 Quinto
858 1202 975 1248 gradu
988 1212 1165 1248 personae
1181 1213 1267 1238 con-

179 1248 337 1284 tinentur
361 1253 504 1284 centum
527 1248 709 1294 octaginta
732 1251 939 1292 quattuor⁴.
982 1251 1108 1284 atavus
1133 1247 1269 1284 scilicet

178 1295 237 1329 et⁵
260 1293 421 1329 atavia⁶2
446 1297 574 1329 atavus
598 1296 653 1329 est
676 1293 780 1328 abavi
802 1293 859 1329 vel
877 1293 1027 1329 abaviae
1045 1296 1159 1338 pater,
1183 1303 1266 1339 pro-

177 1338 234 1374 avi
256 1338 312 1374 vel
335 1338 503 1384 proaviae
527 1349 631 1381 avus,
657 1338 713 1374 avi
736 1338 836 1374 aviae
862 1339 931 1374 ue⁷
954 1348 1129 1384 proavus,
1153 1338 1268 1384 patris

176 1384 231 1419 vel
260 1383 383 1419 matris
412 1384 566 1420 abavus:
599 1383 706 1419 huius
738 1393 831 1429 appe
860 1383 932 1420 atio
966 1393 1139 1429 personas
1172 1394 1267 1419 com-

177 1429 347 1474 plectitur
370 1428 536 1472 sedecim,
561 1428 828 1465 enumeratione
850 1428 950 1464 facta
971 1433 1046 1464 tam
1064 1438 1131 1474 per
1150 1438 1267 1464 mares

177 1485 284 1520 quam
308 1485 373 1520 per
396 1474 563 1518 feminas,
593 1478 634 1510 ut
663 1474 715 1510 sic
746 1473 794 1509 ad
824 1474 983 1520 singulas
1007 1473 1265 1520 perveniamus.

279 1568 383 1610 pater
451 1574 539 1600 avus
608 1574 763 1610 proavus
833 1564 970 1599 abavus
1039 1567 1166 1600 atavus

279 1614 382 1654 pater
450 1620 538 1645 avus
607 1619 763 1655 proavus
833 1609 962 1644 abavia
1039 1612 1165 1644 atavus

279 1658 383 1700 pater
451 1665 539 1690 avus
607 1654 755 1700 proavia
765 1655 779 1675 ⁸
831 1655 968 1691 abavus
1038 1658 1165 1690 atavus

280 1703 382 1745 pater
450 1710 538 1735 avus
607 1700 756 1745 proavia
831 1700 960 1736 abavia
1037 1703 1164 1735 atavus

280 1750 382 1790 pater
451 1745 531 1780 avia
607 1755 763 1790 proavus
832 1745 968 1781 abavus
1037 1749 1164 1780 atavus

280 1795 383 1835 pater
452 1790 532 1825 avia
606 1800 762 1836 proavus
832 1790 960 1826 abavia
1038 1793 1165 1825 atavus

279 1840 382 1881 pater
451 1836 531 1870 avia
607 1836 756 1881 proavia
831 1835 968 1871 abavus
978 1835 994 1856 ⁹
1039 1838 1165 1870 atavus

280 1886 382 1926 pater
451 1880 531 1916 avia
607 1880 756 1926 proavia
831 1880 960 1916 abavia
1040 1884 1166 1915 atavus

179 1971 340 2007 similiter
375 1971 500 2007 matris
537 1981 692 2017 persona
725 1970 912 2017 proposita
943 1970 1163 2006 enumeratio
1194 1968 1267 2005 fiet.

178 2017 295 2052 atavia
307 2018 335 2039 ¹⁰
358 2016 507 2052 totidem
528 2026 701 2062 personas
722 2016 881 2052 continet
900 2016 1024 2052 eadem
1043 2016 1182 2051 ratione
1200 2026 1266 2050 nu-

177 2066 350 2104 meratas,
381 2061 420 2097 id
450 2066 505 2097 est
534 2061 700 2097 sedecim.
747 2065 900 2107 patruus
929 2062 1043 2097 maior
1066 2065 1122 2097 est
1169 2060 1268 2096 roavi

177 2106 306 2150 frater,
337 2107 450 2152 patris
482 2106 538 2142 vel
566 2107 691 2142 matris
720 2111 872 2152 patruus
904 2117 1072 2152 magnus:
1106 2117 1148 2142 su
1197 2105 1268 2141 hoc

177 2153 318 2188 nomine
349 2156 456 2188 erunt
484 2162 659 2198 personae
689 2156 771 2188 octo
801 2157 838 2188 et
867 2152 919 2188 sic
943 2151 1266 2187 enumerabuntur:

1258 84 1344 132 582
1567 85 1612 140 K-

1507 0 1516 34 l

1517 29 1578 84 ἦ

1742 99 1806 131 DE
1839 99 2063 132 ammaus
2091 100 2149 131 ΕΤ
2175 101 2417 134 mmmmm

1337 208 1459 244 fratris
1483 208 1539 244 vel
1561 209 1692 246 sororis
1741 212 1948 262 ronepotem
1971 219 2027 245 me
2050 208 2306 246 demonstrant.
2378 221 2416 247 a-

1337 253 1409 288 trui
1431 253 1550 299 magni
1571 252 1665 290 filius
1688 220 1779 290 fiiis:
1813 254 1851 290 lu
1878 258 1963 290 sunt
1992 254 2048 290 avi
2070 253 2192 291 fratris
2215 254 2309 291 filius
2372 256 2382 264 ’

1337 298 1462 343 proavi
1491 301 1555 334 aut
1582 298 1750 344 proaviae
1778 310 1890 346 nepos
1921 299 2037 345 neptis
2069 309 2114 335 ex
2143 298 2216 336 filio
2229 302 2268 343 ¹⁶,
2304 301 2417 346 patris

1338 343 1392 379 vel
1415 342 1539 379 matris
1563 344 1798 381 consobrinus
1822 344 2056 381 consobrina:
2082 347 2163 381 octo
2188 355 2359 391 personas
2383 350 2419 382 et

1337 388 1395 424 bic
1419 388 1723 434 computabimus,
1748 390 1843 435 quod
1866 400 1952 426 avus
1976 394 2013 425 et
2035 389 2162 434 frater,
2187 394 2229 425 ut
2251 391 2322 426 iam
2343 390 2416 427 dic-

1336 438 1413 469 tum
1436 437 1509 478 est,
1538 432 1727 479 dupliciter
1749 435 1975 481 accipiuntur
1999 438 2035 470 et
2057 434 2136 471 ideo
2160 436 2279 480 patrui
2301 436 2417 481 magni

1337 478 1431 514 filius
1480 482 1626 514 uattuor
1648 479 1785 525 implet,
1814 480 1962 516 totidem
1985 479 2070 515 filia.
2118 480 2248 516 amitae
2272 491 2420 526 magnae

1337 523 1431 560 filius
1456 489 1555 559 {lim
1585 523 1625 559 hi
1653 529 1739 568 sunt
1768 525 1826 561 avi
1853 526 1987 562 sororis
2015 524 2109 560 filius
2133 524 2223 570 filia,
2254 526 2379 571 proavi
2392 527 2419 548 ¹⁶

1337 569 1506 650 {53:2²3}ssss
1529 569 1778 651 ³333&ss
1791 569 1959 651 3112?ssss
1979 569 2419 662 ἳῖῗὲῗζηέῗὶῗῖἔέῗῖἶῐ

1337 669 1458 711 supra.
1494 659 1662 695 avunculi
1673 660 1792 705 magni
1806 659 1901 696 filius
1917 660 2009 696 filia:
2034 660 2071 696 hi
2085 665 2170 696 sunt
2185 661 2286 697 aviae
2298 660 2420 697 fratris

1337 704 1432 739 filius
1455 703 1546 748 filia,
1569 703 1694 750 proavi
1715 709 1779 741 aut
1800 706 1968 751 proaviae
1992 715 2036 740 ne
2064 716 2103 742 os
2128 706 2244 752 neptis
2268 716 2314 742 ex
2335 706 2420 751 filio,

1337 749 1452 795 patris
1475 749 1531 784 vel
1552 750 1676 786 matris
1699 751 1934 786 consobrinus
1958 753 2044 786 aut¹
2092 752 2323 787 consobrina:
2353 762 2420 788 nu·

1337 805 1456 830 merus
1479 793 1585 830 idem.
1631 798 1843 831 materterae
1867 805 2016 840 magnae
2039 795 2135 832 filius
2158 795 2251 832 filia:
2276 797 2314 832 hi
2337 801 2422 833 sunt

1338 839 1439 875 aviae
1456 839 1590 876 sororis
1609 839 1703 876 filius
1721 840 1805 882 filia,
1830 840 1955 886 proavi
1970 842 1997 862 ¹⁶
2019 840 2187 886 proaviae
2202 852 2314 887 nepos
2334 852 2421 887 nep-

1337 885 1383 921 tis
1408 895 1453 920 ex
1476 884 1560 928 filia,
1583 885 1696 930 patris
1715 886 1769 921 vel
1786 885 1910 920 matris
1933 885 2167 921 consobrinus
2188 887 2420 922 consobrina:

1339 929 1557 975 computatio
1586 929 1721 966 eadem.
1775 940 1950 976 personae
1981 940 2070 976 quas
2101 932 2382 967 enumeravimus
2395 933 2423 954 ¹⁸

1339 985 1361 1010 a
1383 974 1506 1020 patrui
1527 975 1648 1020 magni
1668 974 1742 1011 filio
1767 975 1817 1017 ei,
1852 975 1896 1011 de
1920 975 2023 1011 cuius
2047 976 2258 1021 cognatione
2282 976 2421 1022 quaeri-

1338 1025 1407 1064 tur,
1431 1020 1579 1066 propius
1603 1020 1756 1056 sobrinis
1770 1021 1799 1042 ¹⁹
1820 1024 2010 1056 vocantur:
2041 1030 2135 1064 nam,
2160 1025 2199 1056 ut
2222 1022 2422 1058 Massurius

1339 1065 1399 1109 ait,
1425 1076 1530 1111 quem
1554 1065 1633 1118 quis
1656 1065 1815 1112 appellat
1836 1066 2040 1112 propiorem
2062 1066 2220 1109 sobrino,
2245 1067 2305 1112 qui
2314 1068 2345 1089 2⁰
2368 1072 2424 1104 est

1337 1110 1451 1155 patris
1474 1114 1642 1146 matrisve
1667 1110 1904 1147 consobrinus
1928 1115 1992 1146 aut
2016 1111 2243 1154 consobrina,
2270 1113 2356 1148 2¹ab
2381 1122 2422 1148 eo

1339 1156 1545 1192 consobrini
1574 1156 1852 1192 consobrinaeve
1883 1156 1978 1192 filius
2001 1155 2076 1191 filia
2099 1157 2312 1192 nominatur.
2358 1168 2422 1203 pa-

1337 1201 1411 1236 trui
1433 1211 1546 1246 nepos
1565 1201 1698 1246 neptis:
1720 1201 1759 1237 hi
1778 1205 1862 1237 sunt
1879 1201 1936 1237 avi
1955 1201 2098 1247 paterni
2114 1202 2170 1237 vel
2186 1202 2286 1238 aviae
2304 1207 2422 1248 pater-

1337 1256 1405 1282 nae
1428 1257 1607 1291 pronepos
1631 1246 1815 1292 proneptis
1839 1257 1884 1282 ex
1907 1250 2036 1292 nepote
2059 1246 2114 1282 vel
2143 1257 2188 1282 ex
2218 1251 2323 1293 nepte
2351 1248 2423 1284 filio

1337 1291 1443 1335 natis,
1468 1291 1673 1327 consobrini
1697 1292 1930 1328 consobrinae
1940 1295 1969 1315 2²
1992 1291 2087 1327 filius
2112 1292 2203 1327 fllia:
2238 1296 2319 1328 octo
2341 1303 2423 1338 per-

1337 1347 1444 1373 sonas
1469 1337 1721 1380 continebunt,
1770 1341 1916 1372 uattuor
1938 1348 2070 1382 nepos,
2103 1341 2273 1382 quattuor
2295 1338 2424 1383 neptis,

1338 1382 1422 1426 quia
1445 1387 1481 1417 et
1503 1386 1655 1428 patruus
1679 1381 1727 1417 du
1769 1382 1868 1418 ‘citer
1891 1381 2068 1428 accipitur
2085 1388 2121 1417 et
2138 1393 2248 1428 nepos
2266 1383 2323 1418 vel
2338 1394 2423 1429 nep-

1337 1427 1383 1463 tis
1406 1427 1474 1463 sub
1499 1427 1646 1472 singulis
1670 1432 1882 1472 patruorum
1905 1428 2068 1473 personis
2086 1427 2302 1473 duplicatur.
2337 1429 2425 1464 ami-

1338 1478 1397 1508 tae
1419 1482 1530 1518 nepos
1554 1471 1610 1508 vel
1619 1472 1650 1493 ²³
1673 1472 1810 1518 neptis:
1835 1473 1872 1508 hi
1895 1477 1980 1508 sunt
2002 1472 2060 1508 avi
2082 1473 2225 1518 paterni
2247 1473 2303 1509 vel
2325 1474 2426 1509 aviae

1335 1522 1509 1564 paternae
1531 1527 1710 1570 pronepos
1734 1518 1919 1564 proneptis
1943 1528 1987 1554 ex
2011 1522 2140 1570 nepote
2158 1518 2215 1553 vel
2229 1522 2337 1564 nepte
2351 1518 2426 1554 filia

1337 1563 1448 1607 natis,
1480 1563 1687 1598 consobrini
1715 1563 1949 1599 consobrinae
1959 1563 1990 1584 ²²
2013 1563 2108 1599 filius
2133 1563 2224 1599 filia:
2257 1574 2424 1600 numerus

1338 1607 1433 1643 idem
1452 1611 1517 1643 est.
1553 1607 1719 1643 avunculi
1737 1618 1850 1654 nepos
1866 1608 2001 1654 neptis:
2025 1608 2064 1644 hi
2087 1613 2172 1644 sunt
2194 1608 2252 1644 avi
2273 1609 2426 1645 materni

1338 1653 1394 1689 vel
1411 1652 1511 1689 aviae
1529 1657 1711 1688 maternae
1727 1663 1907 1733 pronepos
1922 1653 2126 1699 proneptis:
2152 1658 2272 1690 cetera
2290 1654 2424 1697 eadem,

1338 1708 1430 1743 quae
1450 1698 1490 1733 in
1512 1698 1634 1743 patrui
1649 1703 1779 1744 nepote
1798 1709 1840 1734 ve
1869 1703 1976 1744 nepte
1985 1699 2026 1734 ²⁴.
2062 1698 2120 1735 his
2136 1699 2311 1743 omnibus,
2336 1710 2425 1745 quos

1337 1754 1360 1779 a
1381 1743 1504 1788 patrui
1526 1748 1657 1789 nepote
1674 1744 1946 1789 proposuimus,>
1960 1744 2003 1787 is,
2029 1743 2072 1780 de
2093 1744 2196 1780 cuius
2215 1755 2257 1780 co
2307 1746 2425 1781 atione

1338 1788 1534 1833 quaeritur,
1557 1788 1706 1834 propius
1729 1789 1874 1825 sobrino
1899 1792 1971 1824 est:
1996 1799 2080 1824 nam
2096 1789 2210 1834 patris
2230 1801 2250 1825 v
2301 1791 2424 1826 matris

1339 1844 1463 1870 eorum
1485 1833 1721 1870 consobrinus
1746 1838 1811 1870 est.
1859 1834 1980 1870 fratris
2011 1844 2191 1880 pronepos
2222 1836 2424 1881 proneptis:

1340 1879 1575 1915 continebunt
1602 1878 1641 1913 hi
1669 1889 1842 1924 personas
1866 1879 2020 1916 sedecim
2043 1879 2155 1915 fratre
2178 1879 2368 1925 dupliciter
2390 1885 2426 1917 et

1339 1928 1538 2004 gronepote
1561 1927 1596 1958 et
1612 1928 1786 1970 pronepte
1803 1924 1950 1970 singulis
1968 1924 2234 1970 quadrifariam,
2258 1929 2299 1961 ut
2315 1936 2426 1971 supra

1363 1969 1671 2012 emonstravimus,
1695 1970 1864 2015 acceptis.
1909 1970 2042 2006 sororis
2067 1981 2247 2015 pronepos
2269 1981 2383 2016 prone
2410 1991 2425 1998 -

1338 2015 1383 2050 tis
1408 2014 1570 2050 similiter
1592 2014 1747 2050 sedecim
1763 2025 1936 2062 personas
1954 2015 2149 2051 continent.
2184 2015 2343 2069 adnepos
2361 1983 2423 2052 afi-

1337 2059 1473 2105 neptis:
1497 2059 1536 2094 hi
1553 2063 1638 2095 sunt
1657 2060 1845 2106 abnepotis
1865 2061 1920 2096 vel
1936 2060 2101 2106 abneptis
2118 2059 2213 2096 filius
2231 2060 2316 2105 filia,
2340 2073 2424 2108 pro·

1338 2104 1478 2150 nepotis
1502 2105 1558 2140 vel
1580 2105 1764 2158 proneptis
1788 2116 1900 2151 nepos
1923 2106 2050 2186 nffls,
2075 2106 2213 2151 nepotis
2231 2106 2287 2142 vel
2308 2107 2425 2153 neptis

1336 2159 1517 2196 pronepos
1539 2154 1742 2196 pronepus,
1772 2149 1837 2186 filii
1860 2151 1916 2187 vel
1980 2150 1988 2158 ‘
2015 2161 2034 2186 e
2056 2151 2216 2197 abnepos
2241 2152 2423 2198 abneptis:

1273 2203 1276 2208 ·
1337 2195 1622 2230 numerabuntur
1652 2195 1720 2231 sub
1751 2195 1822 2232 hac
1859 2195 2099 2242 appellatione
2135 2196 2280 2242 triginta
2315 2197 2386 2232 duo
2394 2199 2425 2220 ²⁵

209 2245 314 2288 pater
381 2252 470 2279 avus
537 2252 694 2288 proavus
764 2243 899 2278 abavus
969 2241 1081 2277 stater
1103 2241 1227 2287 proavi

209 2291 313 2334 pater
380 2297 469 2323 avus
538 2297 694 2333 proavus
763 2287 891 2323 abavia
966 2287 1080 2323 frater
1102 2286 1227 2338 proavi
1240 2287 1268 2308 ¹¹

209 2337 313 2379 pater
380 2333 462 2368 avia
538 2343 694 2378 proavus
763 2333 898 2369 abavus
968 2331 1081 2368 frater
1102 2341 1227 2377 proavi

209 2383 313 2424 pater
380 2379 462 2414 avia
539 2388 694 2424 proavus
764 2378 892 2414 abavia
967 2378 1080 2413 frater
1102 2376 1266 2422 proavi¹¹

176 2467 323 2504 totidem
345 2472 452 2503 erunt
474 2467 599 2504 matris
623 2477 779 2513 persona
801 2472 838 2504 et
860 2478 994 2514 proavo
1025 2467 1103 2504 eius
1133 2477 1266 2513 propo-

177 2513 266 2549 sitis.
302 2512 384 2549 ideo
408 2517 529 2548 autem
552 2512 699 2548 fratrem
721 2513 846 2558 proavi
869 2518 1118 2549 enumerantes
1142 2516 1226 2549 ante
1239 2513 1268 2534 ¹²

177 2559 330 2595 abavum
348 2559 524 2604 ponimus,
550 2558 657 2604 quod,
682 2562 723 2594 ut
745 2569 857 2604 supra
881 2557 1169 2604 significavimus,
1193 2568 1266 2594 non

178 2604 282 2639 aliter
303 2603 531 2649 pervenietur
555 2603 602 2638 ad
625 2614 706 2639 eum
731 2603 775 2640 de
799 2614 870 2649 quo
894 2603 1087 2656 quaeritur,
1112 2603 1182 2638 nisi
1201 2613 1267 2649 per

178 2660 238 2685 eos
255 2649 448 2684 transitum
466 2649 534 2684 erit
546 2649 584 2692 ²³,
608 2658 654 2684 ex
671 2648 801 2694 quibus
817 2653 989 2684 nascitur.
1026 2648 1226 2684 avunculus
1240 2649 1265 2669 ¹⁴

177 2694 308 2729 maior:
331 2694 363 2729 is
387 2698 443 2730 est
465 2694 632 2739 proaviae
655 2694 778 2738 frater,
803 2694 919 2739 patris
941 2693 998 2729 vel
1012 2693 1136 2729 matris
1154 2703 1265 2729 avun-

178 2739 280 2774 culus
304 2749 472 2783 magnus:
498 2738 623 2775 eadem
641 2738 932 2776 denumeratione
947 2738 1007 2774 hic
1027 2749 1167 2784 quoque
1184 2742 1266 2774 octo

204 2794 349 2819 ersonas
373 2784 669 2829 computabimus,
694 2784 764 2820 hoc
787 2788 927 2820 tantum
949 2784 1147 2828 immutato,
1172 2788 1212 2819 ut
1234 2783 1266 2819 is

177 2796 292 2864 frater
312 2829 482 2874 proaviae
531 2834 671 2866 onatur.
708 2829 818 2865 amita
840 2829 972 2866 maior:
997 2839 1042 2865 ea
1063 2833 1119 2865 est
1141 2829 1266 2875 proavi

177 2885 298 2917 soror,
330 2874 445 2919 patris
468 2841 528 2910 vei
546 2874 669 2911 matris
693 2875 805 2910 amita
827 2884 974 2920 magna:
1010 2874 1106 2920 quod
1130 2874 1177 2910 ad
1199 2885 1265 2910 nu-

178 2929 315 2955 merum
338 2924 375 2954 et
397 2920 653 2965 expositionem
675 2930 911 2966 personarum
935 2919 1059 2956 eadem
1075 2923 1182 2956 erunt
1199 2920 1265 2954 im·

179 2968 315 3000 mutato
344 2964 432 3006 hoc,
465 2970 505 2999 ut
533 2965 657 3009 proavi
681 2975 783 3002 soror
806 2965 854 3001 ad
876 2968 1073 3001 extremum
1096 2968 1265 3010 ponatur.

177 3013 372 3045 matertera
395 3009 526 3045 maior:
551 3011 641 3046 haec
664 3014 720 3047 est
743 3020 846 3047 soror
867 3010 1047 3055 proaviae,
1072 3010 1187 3056 patris
1211 3010 1266 3046 vel

178 3054 302 3090 matris
325 3058 518 3090 matertera
542 3066 686 3100 magna:
718 3065 889 3091 numerus
915 3065 1150 3100 personarum
1172 3054 1266 3091 idem

177 3105 252 3142 est,
291 3104 333 3135 ut
359 3100 397 3135 in
427 3100 617 3136 novissimo
648 3105 806 3145 ponatur
834 3101 1002 3146 proaviae
1033 3111 1146 3136 soror.
1199 3100 1266 3136 hos

178 3156 299 3183 omnes
329 3155 352 3180 a
373 3148 504 3190 patruo
526 3145 660 3181 maiore
685 3156 774 3190 quos
797 3145 1000 3182 rettulimus
1029 3145 1174 3191 quidam
1201 3155 1266 3191 ap-

177 3191 313 3236 pellant
335 3190 403 3225 ita:
430 3195 648 3236 propatruus
673 3191 957 3236 proavunculus,
981 3191 1159 3236 proamita
1181 3201 1265 3236 pro-

177 3241 388 3272 matertera:
418 3246 508 3281 quos
537 3241 657 3271 tamen
689 3245 752 3281 ego
783 3236 836 3272 ita
866 3236 1027 3280 nomino,
1059 3236 1112 3272 illi
1140 3241 1268 3272 contra

179 3357 216 3386 (ι)
243 3349 421 3392 eademque
440 3358 539 3382 causa
557 3350 633 3381 octo
650 3358 809 3392 personae
827 3349 973 3383 efficient
990 3349 1041 3392 ut]
1060 3353 1136 3384 octo
1153 3359 1265 3393 perso·

178 3405 241 3429 nae
260 3395 448 3428 efficientur
466 3394 646 3436 eademque
665 3403 765 3427 eausa
784 3407 844 3428 scr.
971 3398 1014 3435 (2)
1038 3395 1198 3429 accedant
1214 3395 1266 3429 F²

178 3443 222 3481 (3)
247 3441 378 3474 ordines
403 3447 429 3474 ⁴.
454 3447 483 3474 ὁ.
504 3446 533 3474 8.
554 3446 570 3473 'l
595 3446 627 3474 et
648 3440 756 3473 octavi
780 3447 842 3472 tres
862 3441 987 3482 primos
1007 3441 1135 3484 yradus
1160 3453 1219 3474 om.
1237 3440 1272 3474 F

179 3488 222 3527 (4)
246 3486 423 3528 requiritur
443 3497 591 3518 numerus
614 3486 748 3518 eentum
767 3485 953 3526 nonaginta
972 3484 1057 3519 duae
1081 3486 1137 3530 (qs.
1161 3498 1192 3519 n.
1215 3488 1264 3522 22)

180 3535 222 3569 (5)
247 3532 282 3563 et
295 3530 386 3564 bieF
427 3532 472 3571 (e)
496 3528 751 3563 atavusscilioet
762 3531 796 3562 et
806 3530 918 3563 atavia
930 3531 992 3563 del.
1037 3532 1080 3572 (7)
1104 3529 1265 3563 aviaeve?

180 3577 224 3613 (s)
247 3574 397 3618 proavia]
426 3574 579 3618 proaviae
603 3574 665 3617 Γ),
696 3584 855 3617 proavuss
887 3576 999 3615 (voluit
1028 3582 1184 3618 proavus)
1216 3576 1267 3610 F*

181 3623 226 3660 (ο)
250 3619 416 3654 abaviaF
472 3623 531 3661 (ιο)
555 3619 721 3654 abaviaF
781 3621 835 3662 (ιι)
859 3620 1043 3663 proaviaF
1107 3624 1164 3663 (ιι)
1189 3619 1265 3654 ideo

180 3667 290 3697 autem
302 3667 379 3698 ante
390 3664 527 3698 fratrem
537 3665 654 3708 proavi
666 3667 897 3698 enumerantes
906 3664 923 3696 i
1016 3668 1072 3706 (1³)
1097 3665 1201 3699 fuerit
1212 3665 1267 3699 F*

181 3711 239 3749 (ιι)
264 3709 541 3742 abavunculunF
609 3713 667 3751 (ιιι)
691 3709 882 3744 minimi*
955 3711 1015 3751 (is)
1039 3714 1099 3743 aut
1111 3712 1171 3744 ins.
1188 3712 1262 3744 deu.

1336 2250 1529 2286 personae,
1568 2240 1653 2286 quia
1689 2241 1848 2287 abnepos
1884 2241 2040 2278 sedecim
2070 2241 2181 2277 habet
2211 2246 2247 2277 et
2276 2242 2423 2278 totidem

1341 2289 1378 2319 17
1427 2285 1604 2330 abneptis.
1640 2285 1748 2322 Sexto
1765 2286 1882 2331 gradu
1899 2286 2128 2322 continentur
2142 2297 2319 2332 personae
2336 2298 2423 2333 qua-

1337 2330 1544 2375 dringentae
1568 2330 1804 2375 quadraginta
1823 2335 1905 2367 octo
1923 2332 2002 2367 hae.
2039 2332 2208 2368 tritavus:
2234 2336 2290 2368 est
2305 2338 2424 2368 autem

1337 2375 1488 2411 tritavus
1512 2375 1626 2421 patris
1650 2380 1687 2411 et
1695 2378 1726 2398 ’Ν
1749 2377 1873 2412 matris
1897 2380 2041 2418 atavus,
2071 2377 2129 2412 avi
2157 2377 2213 2413 vel
2236 2377 2336 2413 aviae
2359 2378 2422 2414 ab·

1337 2431 1436 2463 avus,
1459 2421 1586 2466 proavi
1596 2421 1626 2442 ²⁷
1674 2421 1817 2457 roaviae
1840 2432 1996 2467 proavus
2007 2422 2048 2464 ²⁸,
2073 2422 2178 2458 abavi
2201 2422 2256 2459 vel
2277 2423 2424 2459 abaviae

1336 2476 1442 2508 avus,
1474 2466 1570 2501 atavi
1600 2477 1620 2501 v
1687 2467 1827 2503 ataviae
1858 2471 1978 2513 pater,
2015 2467 2132 2503 dictus
2163 2467 2266 2512 quasi
2295 2468 2423 2505 tertius

1337 2521 1424 2547 avus
1435 2510 1484 2547 ²⁹:
1508 2521 1680 2563 personas
1703 2517 1824 2548 autem
1848 2512 2096 2558 complectitur
2121 2512 2268 2558 triginta
2291 2513 2362 2549 duo
2373 2515 2422 2549 ³⁰:

1335 2556 1532 2636 {eminetur
1563 2567 1656 2592 emm
1685 2567 1832 2593 necesse
1859 2562 1915 2593 est
1943 2568 2129 2600 numerus,
2161 2558 2223 2604 qui
2250 2559 2288 2594 in
2317 2563 2422 2595 atavo

1352 2601 1405 2636 uit
1434 2601 1687 2637 immutatione*
1711 2612 1777 2648 per
1808 2602 1965 2648 singulas
1995 2613 2168 2648 personas
2197 2609 2345 2648 propter
2368 2608 2422 2639 at-

1335 2646 1451 2682 aviam
1481 2645 1596 2689 facta,
1633 2651 1674 2682 ut
1704 2647 1862 2684 sedecies
1891 2648 2042 2684 tritavus
2071 2647 2299 2694 intellegatur
2328 2649 2423 2685 atavi

1361 2696 1439 2727 ater
1463 2697 1498 2728 et
1520 2692 1651 2728 totiens
1670 2693 1819 2729 ataviae.
1854 2692 1998 2728 tritavia
2017 2693 2179 2729 similiter
2195 2695 2422 2730 numerata-'¹¹

1334 2703 1444 2773 faciet
1466 2747 1639 2783 personas
1663 2738 1809 2783 triginta
1832 2738 1903 2774 duo
1914 2738 1955 2773 ³².
1996 2743 2149 2790 patruus
2172 2739 2365 2775 maximus:
2391 2740 2422 2776 is

1335 2786 1391 2818 est
1413 2782 1519 2819 abavi
1542 2781 1670 2826 frater,
1702 2783 1798 2819 atavi
1820 2787 1857 2819 et
1867 2783 1898 2805 ³³
1921 2787 2060 2819 ataviae
2082 2782 2196 2827 filius,
2252 2784 2339 2820 atris
2368 2786 2422 2820 vel

1334 2828 1458 2863 matris
1473 2831 1624 2873 patruus
1638 2828 1770 2864 maior:
1790 2838 1963 2874 personas
1978 2828 2175 2865 continebit
2187 2839 2227 2866 se
2252 2830 2342 2865 ecim
2357 2831 2421 2866 sic.

1978 2923 2103 2954 atavus
2146 2919 2251 2954 abavi
2271 2920 2381 2956 frater

1978 2963 2096 3000 atavia
2146 2963 2257 2999 frater
2274 2965 2379 3000 abavi

1977 3014 2103 3044 atavus
2144 3008 2258 3045 frater
2277 3010 2379 3046 abavi

1977 3054 2096 3089 atavia
2144 3053 2256 3090 frater
2275 3055 2379 3091 abavi

1478 2928 1566 2954 avus
1606 2928 1762 2964 proavus
1802 2918 1938 2956 abavus

1478 2974 1566 3000 avus
1605 2974 1762 3009 proavus
1800 2964 1937 3000 abavus

1479 3018 1567 3045 avus
1606 3008 1755 3054 proavia
1802 3009 1937 3045 abavus

1477 3064 1565 3090 avus
1605 3054 1753 3100 proavia
1801 3054 1936 3090 abavus

1478 3099 1558 3134 avia
1604 3109 1759 3144 proavus
1801 3099 1937 3135 abavus
1977 3102 2102 3134 atavus
2143 3098 2256 3135 frater
2276 3100 2381 3135 abavi

1477 3144 1557 3179 avia
1604 3155 1759 3190 proavus
1799 3144 1935 3180 abavus
1976 3144 2094 3179 atavia
2145 3143 2258 3180 frater
2274 3145 2419 3181 abavi³⁴

1478 3189 1558 3225 avia
1604 3190 1753 3236 proavia
1798 3189 1934 3226 abavus
1975 3193 2101 3225 atavus
2145 3189 2256 3225 frater
2276 3190 2379 3226 abavi
2391 3192 2420 3212 ³⁵

1479 3234 1560 3270 avia
1607 3235 1754 3280 proavia
1797 3234 1933 3271 abavus
1973 3235 2091 3270 atavia
2144 3234 2257 3271 frater
2275 3235 2381 3273 abavi

1334 2922 1439 2965 pater

1335 2968 1439 3010 pater

1335 3014 1439 3055 pater

1335 3059 1439 3101 pater

1335 3103 1439 3146 pater

1336 3149 1439 3191 pater

1336 3194 1440 3235 pater

1335 3238 1440 3281 pater

1335 3352 1394 3391 (17)
1418 3351 1478 3382 aut
1492 3350 1554 3383 del.
1626 3353 1686 3393 (18)
1709 3347 2012 3384 enumeraberimus
2023 3349 2077 3382 Γ*
2144 3353 2204 3391 (19)
2227 3350 2354 3384 sobrini
2366 3351 2420 3384 F’

1335 3397 1398 3436 (2⁰)
1424 3394 1495 3438 qui]
1508 3394 1540 3429 ei
1549 3407 1611 3429 scr.
1694 3398 1753 3436 (21)
1777 3395 1846 3438 ipse
1859 3395 1918 3428 ins.
1999 3396 2061 3437 (22)
2086 3394 2343 3430 conflobrhmeve
2355 3410 2418 3433 scr.

1334 3441 1396 3480 (ιιι)
1422 3439 1475 3472 vel
1488 3440 1550 3475 del.
1563 3441 1645 3474 Hal.
1733 3441 1796 3482 (2⁴)
1820 3442 2016 3473 materterae
2028 3450 2130 3484 nepos
2142 3440 2268 3484 neptis:
2292 3441 2329 3474 hi
2339 3446 2419 3474 sunt

1333 3485 1388 3518 avi
1399 3485 1542 3518 materni
1554 3485 1606 3519 vel
1617 3486 1711 3519 aviae
1729 3487 1898 3518 maternae
1916 3495 2081 3528 pronepos
2097 3485 2286 3528 proneptis:
2309 3489 2418 3520 cetera

1334 3529 1446 3563 cadem
1458 3540 1543 3572 quae
1555 3530 1593 3563 in
1604 3531 1724 3564 amitae
1735 3532 1855 3572 nepote
1867 3529 1919 3563 vel
1931 3533 2030 3574 nepte
2044 3533 2104 3564 ins.
2120 3532 2279 3567 (similiter
2295 3532 2395 3565 Taur.
2406 3546 2416 3564 .-

1333 3577 1377 3619 cj2
1391 3582 1495 3609 tamen
1508 3588 1537 3609 n.
1552 3582 1581 3616 2)
1670 3583 1731 3613 (26)
1757 3575 1841 3609 duae
1856 3576 1929 3608 dett.
2017 3575 2081 3618 (26)
2106 3574 2158 3609 vel
2171 3578 2200 3609 S
2279 3579 2339 3614 (2·1)
2364 3577 2417 3610 vel

1334 3622 1395 3654 ins.
1409 3621 1491 3655 HaL
1574 3623 1637 3662 (28)
1661 3620 1785 3655 abavus
1797 3620 1833 3654 Γ
1900 3623 1963 3661 (29)
1988 3621 2081 3654 tertii
2093 3620 2148 3653 uvi
2159 3631 2239 3654 avus
2250 3634 2277 3654 v.
2292 3622 2312 3654 l.
2327 3624 2419 3665 apud

1334 3666 1415 3699 Hal.
1501 3666 1565 3706 (³0)
1590 3665 1672 3699 duas
1686 3667 1715 3699 S
1789 3667 1847 3706 (31)
1873 3669 2064 3699 enumerata
2078 3665 2130 3698 F²
2209 3671 2271 3709 (³2)
2295 3666 2377 3699 duas
2389 3667 2418 3700 S

1334 3712 1394 3750 (33)
1421 3710 1465 3752 et]
1478 3709 1530 3743 vel
1543 3722 1604 3745 scr.
1655 3712 1712 3752 (34)
1732 3710 1864 3744 ataviF
1904 3714 1967 3750 (35)
1986 3713 2150 3754 septimum
2163 3712 2306 3745 ordinem
2319 3724 2378 3745 om.
2390 3712 2423 3745 F
