2528 3918
99 147 161 178 AD
191 146 285 177 SEN.
303 143 429 175 CONS.
444 141 733 172 VELLEIANUM

100 257 168 293 hoc
194 255 279 291 dicit
301 254 401 296 ideo,
433 250 528 298 quod
559 254 701 286 tenetur
733 260 777 286 ex
802 259 914 285 causa
937 249 1188 292 fideiussionis,

99 301 162 337 sed
186 301 269 347 quia
293 298 389 335 aliud
414 301 467 332 est
489 297 623 338 iubere,
649 296 745 331 aliud
769 295 961 330 fideiubere
975 297 1004 330 ¹:
1038 295 1190 341 denique

98 347 191 382 idem
215 346 358 387 scribit,
391 343 456 378 etsi
487 342 657 377 inutiliter
689 341 921 383 fideiusserit,
957 345 1078 376 tamen
1110 351 1190 376 eum

99 404 170 428 non
195 389 341 435 obligari
364 388 466 433 quasi
490 387 644 429 iusserit,
671 397 763 432 quae
787 386 963 421 sententia
987 386 1102 421 verior
1123 389 1188 421 est.

100 441 120 473 6
167 437 204 472 Si
234 439 350 471 ratum
381 433 548 468 habuerit
571 432 650 477 quis
675 431 772 478 quod
796 441 917 467 servus
942 431 1017 467 eius
1040 431 1190 477 gesserit

102 486 119 516 7
166 482 219 517 vel
243 480 354 521 filius,
389 478 485 524 quod
508 478 609 513 iussu
634 478 727 512 actio
752 477 788 512 in
813 487 873 512 eos
898 476 1014 511 datur.
1063 475 1100 512 Si
1122 487 1188 521 pu-

98 528 203 573 pillus
228 525 390 560 dominus
415 523 576 566 iusserit,
602 523 726 576 utique
749 532 821 557 non
845 525 1005 565 tenetur,
1039 522 1108 557 nisi
1131 526 1187 556 tu-

99 576 118 607 8
164 576 242 606 tore
266 573 413 605 auctore
436 569 551 603 iussit.
602 568 638 603 Si
661 578 763 603 iussu
786 567 974 603 fructuarii
1007 567 1074 602 erit
1105 578 1186 602 cum

99 627 196 653 servo
231 618 473 656 contractum,
505 614 588 649 item
622 614 696 649 eius
729 613 787 648 cui
818 613 914 648 bona
945 612 1039 647 fide²
1071 612 1189 655 servit,

99 661 286 698 Marcellus
309 664 415 705 putat
439 659 534 704 quod
557 659 657 694 iussu
680 659 832 694 dandam
852 658 889 693 in
912 668 972 693 eos
993 658 1187 693 actionem:

99 711 118 743 9
165 717 269 752 quam
294 705 504 741 sententiam
529 708 563 739 et
588 715 651 750 ego
676 704 803 750 probo.
852 703 890 738 Si
914 707 1079 738 curatore
1099 702 1187 738 adu-

97 752 261 788 lescentis
298 751 352 786 vel
386 750 512 786 furiosi
544 750 597 785 vel
630 749 767 794 prodigi
798 749 942 784 iubente
975 760 1055 783 cum
1086 758 1187 784 servo

99 800 320 834 contractum
345 796 401 838 sit,
426 799 530 841 putat
552 795 676 830 Labeo
702 794 856 830 dandam
905 794 976 829 uod
1000 794 1101 829 iussu
1126 803 1186 828 ac-

96 844 227 879 tionem
251 843 288 877 in
314 852 373 877 eos
399 851 549 886 quorum
574 851 696 875 servus
720 840 846 875 fuerit:
872 840 884 874 i
912 850 965 874 em
990 843 1024 874 et
1047 839 1084 874 in
1104 849 1187 874 vero

96 891 340 941 procuratore.
390 886 453 921 sed
489 886 519 921 si
553 889 767 931 procurator
802 896 906 921 verus
943 896 1016 920 non
1052 885 1115 928 sit,
1151 884 1187 919 in

97 944 210 979 ipsum
234 932 353 978 potius
379 931 531 966 dandam
556 931 733 966 actionem
757 930 850 966 idem
874 930 997 965 Labeo
1023 930 1082 965 ait.

143 977 167 1016 2
193 978 249 1013 ΡΑ
258 987 353 1013 ULUS
374 977 464 1013 libro
490 977 698 1023 triqensz’mo
723 976 773 1011 ad
795 976 949 1011 edictum
997 975 1034 1010 Si
1058 975 1188 1010 tutoris

97 1025 195 1060 iussu
219 1033 319 1059 servo
344 1022 470 1068 pupilli
496 1021 668 1057 creditum
692 1022 757 1065 sit,
781 1026 889 1074 puto,
914 1021 945 1056 si
968 1031 1011 1055 ex
1035 1021 1189 1056 utilitate

97 1069 221 1116 pupilli
255 1068 363 1103 fuerit
399 1067 592 1109 creditum,
636 1067 673 1102 in
708 1067 883 1113 puplllum
919 1076 997 1101 esse
1031 1066 1186 1101 dandam

100 1121 113 1150 1
165 1115 341 1150 actionem
367 1113 472 1158 ‘quod
495 1112 599 1148 iussit
622 1114 743 1148 tutor'.
793 1112 830 1148 Si
849 1112 949 1147 iussu
971 1111 1103 1147 domini
1123 1122 1186 1146 an-

98 1160 199 1196 cillae
223 1159 277 1195 vel
300 1159 400 1194 iussu
423 1158 536 1204 patris
559 1157 654 1194 ffliae
678 1158 851 1194 creditum
884 1157 949 1200 sit,
983 1157 1101 1192 danda
1134 1161 1188 1192 est

1171 123 1250 171 205

2004 129 2083 171 XV
2114 130 2297 171 4——XVI
2335 134 2348 171 1

1259 251 1278 284 2
1328 249 1365 284 in
1387 259 1447 284 eos
1468 248 1565 294 quod
1585 249 1684 285 iussu
1706 251 1812 286 actio.
1862 251 1899 287 Si
1918 251 2019 287 iussu
2039 261 2117 287 meo
2139 262 2220 287 cum
2241 252 2355 288 alieno

1259 304 1363 330 servo
1400 299 1625 329 contractum
1661 295 1769 330 fuerit
1804 307 1956 342 eumque
1990 301 2119 342 postea
2161 297 2354 340 redemero,

1259 339 1356 385 qnod
1380 340 1480 375 iussu
1504 350 1577 375 non
1601 341 1761 382 tenebor,
1787 352 1831 376 ne
1856 342 1962 386 actio,
1988 353 2081 388 quae
2106 342 2151 378 ab
2175 343 2276 379 initio
2301 343 2354 378 in·

1259 385 1356 420 utilis
1380 384 1499 428 fuerit,
1525 389 1654 421 eventu
1679 385 1918 422 confirmetur.

1307 428 1330 467 3
1353 430 1549 466 [limnas
1565 430 1656 466 libro
1677 432 1833 466 secundo
1846 443 2101 478 responsorum
2150 433 2355 476 Dominum,

1260 476 1320 520 qui
1345 476 1449 511 iussit
1472 475 1679 511 semissibus
1703 476 1821 511 usuris
1847 487 1947 513 servo
1974 489 2038 513 suo
2064 479 2253 524 pecuniam
2278 491 2354 514 mu-

1259 526 1359 556 tuam
1396 521 1513 563 credi,
1548 521 1724 556 hactenus
1761 523 1874 556 teneri
1911 528 2086 567 quatenus
2121 524 2243 559 iussit:
2289 536 2355 560 nec

1259 567 1416 611 pignoris
1449 567 1701 611 obligationem
1733 567 1852 602 locum
1883 567 2017 603 habere
2048 570 2084 604 in
2108 570 2162 605 his
2188 570 2354 621 praediis,

1259 622 1351 656 quae
1376 622 1499 647 servus
1523 622 1594 647 non
1620 623 1663 647 ex
1687 613 1870 648 voluntate
1895 612 2027 648 domini
2052 615 2228 666 obligavit.

1305 656 1328 693 4
1355 657 1462 692 IDEM
1491 657 1582 693 libro
1616 657 1752 693 decimo
1785 657 1836 693 ad
1857 658 2011 693 edictum
2060 659 2097 694 Si
2132 670 2231 695 iussu
2267 661 2354 703 eius,

1259 703 1318 748 qui
1354 702 1653 738 administrationi
1688 714 1807 738 rerum
1843 703 1995 739 civitatis
2028 706 2253 750 praepositus
2290 711 2354 748 est,

1260 759 1340 783 cum
1364 758 1465 783 servo
1500 748 1651 783 civitatis
1684 749 1863 793 negotium
1896 753 2120 784 contractum
2152 751 2215 793 sit,
2249 751 2354 787 Pom-

1258 794 1387 839 ponius
1412 793 1538 828 scribit
1562 793 1657 838 quod
1680 794 1781 829 iussu
1807 804 1888 829 cum
1914 804 1955 829 eo
1981 795 2037 840 agi
2061 806 2178 840 posse.

1305 838 1328 876 5
1355 838 1516 874 Pavws
1544 839 1636 874 libro
1661 843 1793 885 quarto
1819 839 1871 874 ad
1893 839 2079 875 Plautium
2128 840 2164 875 Si
2189 841 2354 877 dominus

1259 885 1312 920 vel
1336 888 1439 930 pater
1462 884 1653 929 pecuniam
1677 888 1838 920 mutuam
1859 888 2073 930 accepturus
2094 885 2237 922 iusserit
2255 898 2354 923 servo

1258 931 1373 965 filiove
1397 929 1587 972 numerari,
1614 930 1713 964 nulla
1737 930 1899 974 quaestio
1926 934 1991 972 est,
2018 931 2102 975 quin
2127 931 2195 976 ipsi
2218 933 2355 968 condici

1258 976 1388 1021 possit:
1422 975 1527 1010 immo
1553 975 1622 1009 hoc
1647 986 1734 1010 casu
1760 975 1803 1010 de
1827 975 1928 1011 iussu
1953 977 2047 1012 actio
2072 987 2145 1011 non
2170 979 2352 1023 competit.

1261 1025 1273 1056 1
1327 1020 1364 1055 Si
1388 1031 1481 1055 unus
1507 1031 1550 1055 ex
1575 1021 1666 1056 servi
1689 1020 1867 1056 dominis³
1891 1021 1995 1056 iussit
2015 1022 2180 1057 contrahi
2202 1033 2281 1057 cum
2302 1034 2355 1065 eo,

1257 1066 1287 1101 is
1313 1066 1410 1101 solus
1435 1066 1633 1101 tenebitur:
1660 1066 1722 1101 sed
1747 1067 1777 1102 si
1802 1066 1872 1102 duo
1897 1067 2100 1109 iusserunt,
2127 1078 2207 1102 cum
2232 1069 2355 1114 quovis

1257 1112 1294 1193 {in
1318 1111 1471 1192 solidum
1497 1111 1552 1156 agi
1576 1115 1706 1157 potest,
1731 1111 1814 1158 quia
1839 1112 1970 1148 similes
1991 1116 2076 1148 sunt
2096 1112 2235 1149 duobus
2255 1124 2354 1150 man-

1283 1161 1357 1192 anti
1384 1167 1437 1192 us.

852 1622 1032 1672 LIBER
1062 1621 1287 1671 SEXTUS
1318 1621 1590 1671 DECIMUS.

612 1751 667 1792 1⁴.

165 1820 224 1852 AD
250 1819 454 1852 SENATUS
480 1818 754 1851 OONSULTUM
779 1817 1118 1850 VELLE1ANUM⁵.

147 1885 161 1923 1
194 1886 353 1922 PAULUS
382 1885 471 1921 libro
497 1885 706 1932 triqensimo
731 1885 781 1920 ad
804 1884 957 1920 edictum
1005 1884 1188 1919 Velleiano

98 1936 242 1968 senatus
276 1931 438 1967 consulto
471 1930 674 1976 plenissime
707 1930 1002 1975 comprehensum
1035 1933 1110 1972 est,
1144 1939 1190 1965 ne

101 1982 113 2012 1
164 1988 228 2023 pro
254 1977 325 2012 ullo
350 1976 503 2012 feminae
526 1976 798 2011 intercederent.
846 1974 940 2011 Nam
964 1975 1058 2010 sicut
1081 1975 1188 2011 mori-

97 2024 164 2058 bus
198 2023 313 2058 civilia
346 2022 466 2057 officia
498 2021 666 2066 adempta
691 2025 775 2056 sunt
797 2020 937 2056 feminis
963 2025 997 2056 et
1020 2020 1190 2066 pleraque

97 2069 108 2104 i
136 2079 174 2104 so
199 2068 276 2103 iure
300 2078 372 2103 non
395 2068 525 2109 valent,
551 2067 602 2101 ita
625 2067 737 2102 multo
762 2066 872 2111 magis
893 2066 1118 2101 adimendum
1140 2066 1189 2101 eis

114 2115 165 2149 uit
195 2113 232 2148 id
264 2113 440 2155 officium,
472 2113 509 2147 in
542 2123 611 2157 quo
644 2123 717 2147 non
749 2112 827 2147 sola
851 2122 960 2156 opera
984 2111 1190 2156 nudumque

97 2159 329 2194 ministerium
354 2168 475 2193 earum
498 2162 722 2200 versaretur,
755 2157 817 2192 sed
850 2157 956 2192 etiam
987 2157 1189 2202 periculum

98 2208 116 2239 2
164 2204 215 2239 rei
247 2203 442 2239 familiaris.
491 2204 655 2248 Aequum
679 2207 798 2238 autem
822 2202 935 2237 visum
961 2208 1015 2238 est
1036 2202 1088 2237 ita
1111 2213 1189 2238 mu-

97 2250 173 2285 lieri
198 2249 379 2292 succurri,
411 2252 452 2283 ut
482 2249 519 2283 in
550 2252 705 2284 veterem
730 2248 925 2283 debitorem
950 2252 1013 2283 aut
1036 2248 1073 2282 in
1098 2258 1189 2290 eum,

99 2295 158 2340 qui
181 2306 246 2340 pro
272 2304 310 2330 se
336 2294 579 2330 constituisset
602 2294 784 2329 mulierem
808 2304 924 2335 ream,
958 2293 1052 2328 actio
1086 2293 1188 2328 dare-

97 2346 173 2375 tur:
199 2340 309 2384 magis
336 2340 427 2375 enim
450 2340 508 2374 ille
533 2349 640 2384 quam
662 2339 816 2374 creditor
836 2339 1018 2374 mulierem
1038 2338 1188 2384 decepit.

144 2383 168 2422 2
201 2385 396 2421 Urmws
416 2385 506 2420 libro
530 2386 721 2420 vicensimo
747 2396 842 2419 nono
867 2384 916 2419 ad
939 2385 1092 2420 edictum
1140 2384 1189 2419 Et

98 2432 210 2476 primo
244 2430 385 2476 quidem
410 2430 628 2475 temporibus
654 2430 723 2465 divi
745 2430 917 2474 Augusti,
949 2440 1032 2465 mox
1065 2429 1191 2465 deinde

99 2477 235 2511 Claudii
262 2476 384 2511 edictis
418 2486 539 2510 eorum
572 2479 648 2510 erat
680 2475 927 2518 interdictum,
962 2485 1007 2510 ne
1037 2474 1191 2510 feminae

101 2525 114 2556 1
166 2533 230 2567 pro
264 2521 347 2557 viris
380 2521 453 2556 suis
485 2521 757 2556 intercederent.
804 2520 937 2555 Postea
968 2520 1104 2555 factum
1138 2525 1192 2555 est

98 2572 243 2602 senatus
277 2566 499 2609 consultum,
532 2578 601 2611 quo
634 2566 838 2611 plenissime
861 2565 1001 2601 feminis
1028 2565 1191 2601 omnibus

99 2613 308 2648 subventum
341 2616 405 2647 est.
451 2612 552 2647 cuius
588 2615 733 2647 senatus
771 2611 924 2646 consulti
958 2611 1067 2646 verba
1102 2611 1191 2646 haec

99 2662 200 2693 sunt:
227 2657 343 2702 ‘Quod
372 2658 515 2692 Marcus
549 2656 690 2692 Silanus
724 2661 759 2691 et
781 2657 926 2692 Velleus
959 2657 1073 2691 Tutor
1106 2667 1190 2691 con-

100 2703 230 2738 ‘sules⁶
253 2703 361 2738 verba
390 2702 555 2738 fecerunt
587 2702 630 2737 de
661 2702 935 2746 obligationibus
966 2702 1191 2744 feminarum,

99 2752 203 2794 ‘quae
226 2759 291 2793 pro
312 2748 389 2783 aliis
410 2757 491 2783 reae
511 2747 647 2790 fierent,
673 2747 780 2792 quid⁷
806 2747 850 2782 de
870 2758 912 2782 ea
931 2758 970 2782 re
989 2747 1068 2782 fieri
1085 2758 1190 2792 opor-

100 2797 173 2835 ‘tet‚
199 2793 242 2828 de
267 2804 309 2828 ea
333 2804 372 2828 re
395 2793 446 2828 ita
467 2793 681 2828 censuere⁸z
706 2792 801 2838 quod
822 2792 869 2827 ad
889 2792 1136 2827 fideiussiones
1158 2797 1192 2827 et

100 2839 224 2874 ‘mutui
248 2839 408 2874 dationes
433 2849 498 2884 pro
524 2838 621 2881 aliis,
646 2838 775 2883 quibus
799 2838 1067 2873 intercesserint
1089 2837 1189 2873 femi-

99 2888 196 2927 ‘nae,
228 2884 426 2929 pertinet9,
458 2883 599 2918 tametsi
631 2887 715 2918 ante
739 2883 878 2918 videtur
901 2883 953 2918 ita
976 2883 1031 2918 ius
1058 2882 1190 2918 dictum

100 2933 199 2972 ‘esse‚
225 2940 270 2964 ne
295 2940 336 2965 eo
359 2929 501 2964 nomine
521 2929 567 2963 ab
588 2929 642 2964 his
663 2929 787 2974 petitio
801 2930 828 2949 ¹⁰
852 2939 940 2963 neve
959 2928 995 2963 in
1015 2938 1074 2963 eas
1096 2929 1190 2963 actio

100 2975 276 3016 ‘detur¹¹‚
311 2985 391 3009 cum
416 2985 475 3009 eas
499 2974 658 3008 virilibus
684 2973 799 3009 officis
824 2974 925 3019 fungi
957 2977 992 3009 et
1024 2974 1100 3008 eius
1131 2985 1189 3017 ge—

100 3020 205 3055 ‘neris
231 3019 503 3064 obligationibus
528 3019 701 3064 obstringi
724 3030 797 3054 non
822 3019 867 3054 sit
891 3029 1062 3064 aequum,
1095 3019 1189 3053 arbi·

100 3065 200 3100 ‘trari
231 3069 393 3101 senatum
423 3068 521 3100 recte
552 3069 658 3109 atque
690 3064 814 3099 ordine
844 3064 1005 3100 facturos
1030 3064 1076 3099 ad
1101 3074 1190 3109 quos

100 3110 156 3145 ‘de
181 3121 222 3145 ea
245 3121 284 3145 re
307 3111 344 3145 in
367 3110 444 3145 iure
468 3110 603 3144 aditum
628 3109 704 3151 erit,
729 3110 759 3145 si
784 3109 947 3145 dederint
971 3119 1126 3154 operam,
1151 3114 1191 3144 ut

100 3158 119 3190 2
168 3156 216 3190 ‘in
248 3166 290 3190 ea
320 3166 358 3190 re
383 3159 527 3190 senatus
551 3155 716 3190 voluntas
741 3155 923 3190 servetur'.
971 3154 1092 3190 Verba
1123 3156 1189 3189 ita·

100 3211 168 3245 que
204 3204 350 3236 senatus
386 3200 541 3235 consulti
576 3200 796 3235 excutiamus
832 3201 930 3245 prius
993 3200 1190 3235 rovidentia

101 3246 305 3291 amplissimi
330 3245 464 3281 ordinis
488 3245 653 3286 laudata,
686 3245 769 3290 quia
802 3256 905 3290 opem
930 3246 1012 3280 tuit
1035 3246 1189 3280 mulieri-

100 3291 166 3326 bus
197 3295 343 3336 propter
375 3301 482 3326 sexus
513 3291 778 3325 inbecillitatem
801 3290 920 3325 multis
944 3290 1190 3326 huiuscemodi

102 3338 120 3370 3
170 3336 313 3371 casibus
338 3336 532 3381 suppositis
551 3340 659 3380 atque
678 3336 837 3371 obiectis.
887 3335 957 3371 Sed
976 3336 1027 3370 ita
1048 3336 1188 3371 demum

1258 1749 1307 1784 eis
1332 1749 1515 1792 subvenit,
1548 1749 1578 1784 si
1602 1759 1675 1784 non
1700 1749 1827 1784 callide
1850 1748 1922 1784 sint
1944 1751 2127 1784 versatae:
2159 1748 2229 1784 hoc
2261 1748 2354 1784 enim

1258 1794 1358 1830 divus
1392 1794 1478 1830 Pius
1511 1798 1546 1829 et
1578 1793 1728 1829 Severus
1760 1794 2033 1839 rescripserunt.
2070 1804 2152 1829 nam
2184 1793 2354 1839 deceptis,

1257 1850 1329 1874 non
1353 1839 1612 1885 decipientibus
1638 1839 1835 1885 opitulatur
1860 1844 1895 1874 et
1919 1843 1973 1874 est
1994 1843 2029 1874 et
2050 1838 2227 1875 Graecum
2240 1840 2269 1860 ¹²
2291 1838 2353 1874 Se-

1257 1884 1331 1920 veri
1365 1885 1438 1920 tale
1473 1885 1584 1921 rescri
1612 1889 1705 1920 tum:
1746 1888 1827 1920 Ταῖς
1864 1880 2076 1919 ἅπατώσαις
2108 1884 2274 1951 ἴυναιξὶν
2309 1884 2352 1918 τὸ

1259 1929 1375 1977 δόγμα
1407 1932 1467 1974 τῆς
1501 1945 1586 1977 συγκ
1609 1929 1695 1974 ἦτον
1725 1929 1855 1974 βουλῆς
1880 1925 1919 1964 οὗ
1944 1930 2131 1974 flov361¹.
2167 1929 2354 1965 infirmitas

1259 1976 1352 2011 enim
1376 1976 1607 2019 feminarum,
1633 1987 1705 2012 non
1730 1976 1906 2011 calliditas
1933 1975 2103 2010 auxilium
2128 1975 2352 2011 demeruit¹⁴.

1259 2025 1278 2056 4
1328 2022 1450 2057 Omnis
1466 2022 1610 2057 omnino
1632 2021 1801 2067 obligatio
1824 2024 1970 2056 senatus
1993 2021 2156 2056 consulto
2170 2021 2354 2056 Velleiano

1260 2067 1591 2112 comprehenditur,
1625 2068 1698 2103 sive
1721 2067 1837 2102 verbis
1863 2067 1935 2102 sive
1959 2076 1998 2101 re
2023 2067 2096 2102 sive
2129 2077 2284 2112 quocum
2310 2077 2355 2101 ue

1259 2116 1277 2147 5
1328 2113 1397 2148 alio
1434 2117 1623 2148 contractu
1656 2113 1933 2148 intercesserint.
1992 2111 2062 2147 Sed
2096 2115 2130 2147 et
2166 2113 2196 2147 si
2231 2123 2288 2147 mu
2307 2112 2354 2146 ‘er

1260 2158 1426 2193 defensor
1450 2158 1600 2194 alicuius
1624 2158 1819 2200 exstiterit,
1878 2157 1980 2192 rocul
2012 2157 2121 2193 dubio
2146 2157 2351 2193 intercedit:

1259 2203 1409 2248 suscipit
1434 2204 1525 2238 enim
1545 2203 1581 2238 in
1602 2214 1640 2239 se
1661 2204 1813 2238 alienam
1834 2213 1854 2238 ο
1882 2203 2096 2247 ligationem,
2122 2203 2254 2247 quippe
2275 2213 2353 2238 cum

1260 2260 1303 2284 ex
1338 2249 1406 2284 hac
1438 2259 1477 2284 re
1509 2250 1638 2284 subeat
1663 2248 2006 2284 condemnationem.
2052 2248 2203 2293 proinde
2238 2258 2354 2293 neque

1259 2295 1425 2329 maritum
1456 2305 1572 2340 neque
1602 2294 1714 2329 filium
1738 2304 1853 2339 neque
1875 2297 2013 2339 patrem
2037 2293 2252 2338 permittitur
2275 2304 2352 2328 mu-

1259 2340 1335 2374 lieri
1360 2339 1560 2375 defendere.

1306 2382 1330 2422 3
1356 2385 1413 2420 PA
1422 2395 1464 2420 σι
1473 2395 1516 2421 Us
1534 2385 1624 2421 libro
1646 2385 1854 2431 triqense'mo
1876 2383 1926 2419 ad
1944 2384 2097 2419 edictum
2146 2383 2215 2418 Sed
2229 2384 2259 2418 si
2273 2394 2351 2418 eum

1260 2430 1448 2473 defendat,
1483 2431 1543 2476 qui
1575 2430 1763 2465 damnatus
1796 2439 1995 2474 regressum
2029 2429 2075 2464 ad
2107 2438 2185 2463 eam
2208 2429 2351 2470 habeat,

1259 2476 1367 2510 veluti
1401 2486 1482 2511 cum
1513 2476 1732 2512 venditorem
1764 2475 1971 2511 hereditatis
2005 2474 2072 2509 sibi
2101 2473 2266 2509 venditae
2298 2475 2352 2509 vel

1259 2521 1505 2556 fideiussorem
1530 2532 1633 2557 suum
1658 2521 1838 2563 defendat,
1862 2519 2081 2555 intercedere
2104 2530 2176 2554 non
2200 2519 2350 2554 videtur.

1306 2565 1330 2603 4
1364 2566 1559 2602 ΠιΡΙΑΝυε
1581 2567 1671 2602 libro
1695 2567 1886 2602 vicensimo
1909 2576 2004 2599 nono
2025 2564 2075 2599 ad
2093 2564 2246 2600 edictum
2282 2564 2352 2600 Sed

1259 2612 1288 2646 si
1314 2623 1377 2657 ego
1404 2619 1483 2646 cum
1507 2612 1651 2647 muliere
1676 2612 1721 2646 ab
1746 2611 1845 2646 initio
1871 2610 2121 2652 contraxerim,
2147 2620 2228 2644 cum
2251 2610 2350 2655 igno-

1259 2667 1374 2692 rarem
1408 2657 1466 2692 cui
1496 2658 1586 2693 haec
1618 2657 1755 2692 factum
1786 2656 1908 2697 vellet,
1944 2666 2015 2690 non
2048 2655 2172 2690 dubito
2206 2660 2351 2691 senatus

1261 2703 1462 2738 consultum
1495 2713 1654 2738 cessare:
1694 2706 1728 2737 et
1759 2702 1810 2736 ita
1842 2700 1942 2735 divus
1974 2700 2059 2735 Pius
2093 2704 2128 2735 et
2158 2700 2206 2735 im
2234 2705 2352 2736 erator

1263 2752 1274 2782 1
1327 2752 1450 2783 noster
1472 2748 1743 2792 rescripserunt.
1792 2745 1948 2781 Proinde
1973 2745 2021 2787 si,
2047 2745 2130 2781 dum
2154 2750 2231 2781 vut
2256 2746 2349 2781 Titio

1261 2794 1442 2836 donatum,
1458 2794 1631 2838 accepita
1644 2803 1699 2827 me
1712 2796 1871 2827 mutuam
1891 2791 2079 2836 pecuniam
2102 2795 2137 2826 et
2156 2801 2235 2826 eam
2255 2792 2349 2827 Titio

1259 2839 1422 2881 donavit,
1456 2838 1611 2874 cessabit
1643 2841 1788 2873 senatus
1814 2836 2028 2871 consultum.
2066 2836 2128 2871 sed
2160 2841 2195 2872 et
2226 2837 2255 2872 si
2286 2837 2350 2871 tibi

1260 2884 1436 2919 donatura
1472 2883 1638 2919 creditori
1673 2888 1735 2917 tuo
1770 2892 1932 2916 nummos
1975 2882 2232 2925 numeraverit,
2278 2893 2349 2917 non

1258 2929 1465 2964 intercedit:
1492 2933 1637 2964 senatus
1663 2928 1755 2962 enim
1780 2927 1956 2972 obligatae
1979 2927 2118 2962 mulieri
2142 2938 2350 2963 succurrere

1258 2975 1379 3017 voluit,
1405 2985 1477 3009 non
1502 2973 1668 3009 donanti:
1694 2974 1763 3008 hoc
1787 2972 1878 3014 ideo,
1904 2972 1988 3017 quia
2008 2972 2148 3008 facilius
2168 2983 2206 3008 se
2226 2973 2350 3008 mulier

1260 3020 1393 3065 obligat
1418 3030 1522 3065 quam
1548 3019 1654 3053 alicui
1668 3020 1693 3039 ¹⁵
1718 3018 1828 3053 donat
1845 3018 1881 3052 ¹⁶.

1307 3064 1330 3101 5
1360 3065 1484 3101 GAIUS
1513 3064 1603 3099 libro
1636 3075 1730 3098 nono
1755 3063 1805 3098 ad
1827 3062 1981 3099 edictum
1998 3063 2227 3109 provinciale
2272 3063 2347 3098 Nec

1258 3111 1416 3152 interest,
1441 3109 1630 3154 pecuniam
1655 3108 1812 3144 solvendi
1838 3118 1948 3144 causa
1971 3112 2132 3143 numeret
2156 3119 2203 3143 an
2251 3119 2346 3143 uam-

1258 3156 1344 3190 libet
1368 3166 1470 3190 suam
1493 3165 1567 3189 rem
1590 3154 1627 3188 in
1652 3154 1807 3188 solutum
1833 3153 1910 3189 det:
1936 3164 2019 3189 nam
2044 3158 2079 3189 et
2103 3154 2133 3188 si
2152 3164 2218 3189 ven
2245 3153 2348 3187 iderit

1258 3212 1331 3236 rem
1356 3210 1468 3242 suam,
1494 3199 1566 3234 sive
1589 3200 1742 3244 pretium
1766 3203 1954 3244 acceptum
1977 3210 2041 3244 pro
2063 3199 2132 3234 alio
2152 3199 2255 3234 solvit
2275 3198 2347 3232 sive

1260 3250 1452 3291 emptorem
1478 3244 1651 3289 delegavit
1676 3244 1842 3279 creditori
1867 3245 2003 3286 alieno,
2036 3255 2107 3279 non
2131 3247 2218 3289 puto
2243 3253 2344 3278 sena-

1259 3296 1316 3326 tus
1343 3290 1506 3326 consulto
1531 3289 1649 3324 locum
1674 3300 1762 3325 esse.

1304 3333 1328 3373 6
1362 3335 1556 3371 ULPJANUS
1584 3334 1674 3370 libro
1706 3336 1895 3371 vicensimo
1920 3347 2015 3370 nono
2040 3334 2089 3369 ad
2111 3333 2260 3368 edictum
2309 3331 2345 3366 Si

103 3451 141 3488 (1)
167 3448 259 3480 aliud
273 3448 452 3482 fideiubere
465 3451 541 3483 dett.
555 3462 623 3482 cum
639 3449 683 3489 B,
698 3462 755 3482 om.
769 3449 829 3482 FS

104 3495 145 3534 (3)
172 3494 275 3526 servis
288 3494 415 3526 domini
426 3495 462 3527 F
465 3493 480 3513 ²

149 3542 189 3577 (4)
216 3538 388 3573 Sab.1...e.
405 3547 632 3573 s...17.19...24.
649 3547 704 3579 263
718 3541 784 3573 Ed.
798 3547 841 3573 is.
857 3547 911 3579 25:
925 3540 1011 3582 Pap.
1027 3547 1053 3573 7.
1068 3546 1188 3578 27...31;

102 3583 190 3626 App.
206 3591 252 3617 32.
265 3602 310 3608 ——
323 3584 409 3616 Bas.
422 3585 476 3625 26,
492 3593 518 3625 π,
533 3591 651 3618 32...63.
665 3603 710 3608 —
727 3585 777 3628 Cf.
796 3585 872 3618 Cod.
887 3586 919 3624 4,
933 3592 970 3618 29
1042 3586 1084 3625 (5)
1110 3584 1188 3616 Vel-

104 3627 258 3660 laeanum
273 3629 382 3661 debuit
395 3641 462 3662 esse
483 3637 518 3662 ut
531 3630 551 3662 l.
566 3637 582 3663 2
599 3634 614 3668 §
631 3629 831 3663 1Vellaeus:
854 3631 913 3662 sed
933 3636 1055 3662 mature
1076 3642 1188 3662 nomen

105 3681 289 3716 corruptum
312 3681 358 3706 est
379 3681 408 3706 et
425 3673 548 3707 Graeci
558 3687 683 3717 quoque
695 3676 834 3708 scribere
847 3675 950 3707 solent
961 3670 1189 3706 Βελλιάνειον

104 3718 148 3755 (6)
174 3718 402 3761 intellequntur
415 3731 477 3750 non
492 3719 531 3751 L.
544 3719 658 3752 Iunius
671 3719 808 3752 Silanus
828 3727 858 3752 et
875 3718 1074 3752 C-'Vellaeus
1090 3719 1188 3751 Tutor

105 3762 250 3794 consules
261 3763 394 3796 secundi
405 3762 565 3793 semestris
579 3772 606 3792 c.
620 3773 651 3793 a.
661 3773 699 3804 p.
718 3763 752 3796 Ο.
762 3769 809 3804 21,
821 3763 879 3795 sed
889 3764 998 3806 potius
1012 3761 1062 3796 Μ.
1076 3764 1188 3796 Iunius

1001 3453 1044 3490 (2)
1070 3449 1147 3482 fidei
1162 3451 1195 3482 F

1258 3451 1364 3492 Aps
1381 3449 1415 3482 C.
1426 3459 1461 3481 7ι.
1473 3448 1614 3482 Silanus
1635 3450 1749 3482 consul
1766 3451 1927 3483 semestris
1945 3450 2068 3491 prioris
2090 3460 2119 3480 a.
2135 3454 2170 3480 46
2193 3454 2221 3479 et
2242 3447 2269 3478 is
2289 3447 2345 3487 qui

1258 3495 1409 3526 successit
1429 3493 1467 3532 Q.
1483 3493 1634 3538 Sulpicio
1651 3496 1819 3530 Camerino
1908 3496 1952 3536 (7)
1978 3493 2036 3535 qui
2051 3493 2085 3526 F
2157 3495 2199 3531 (8)
2226 3501 2341 3522 consu-

1258 3539 1409 3571 lerentF
1499 3540 1543 3580 (9)
1568 3540 1741 3581 pertinent
1752 3540 1786 3571 F
1882 3541 1941 3579 (10)
1968 3540 2012 3570 sit
2026 3539 2085 3570 ins.
2189 3536 2243 3575 (11)
2268 3545 2342 3566 cum

1259 3585 1512 3615 intercesserint
1524 3594 1585 3626 pro
1598 3585 1680 3616 viris
1694 3585 1764 3616 suis
1780 3586 1837 3616 ins.
1912 3585 1970 3624 (12)
1996 3582 2164 3624 graecum]
2179 3580 2285 3611 seium
2298 3580 2342 3612 F¹

1259 3634 1315 3667 (13)
1330 3630 1366 3661 id
1376 3637 1441 3661 est.-
1454 3629 1706 3671 decipientibus
1718 3629 1915 3661 mulieribus
1928 3632 2063 3660 senatus
2076 3625 2265 3656 consultum
2275 3635 2340 3655 non

1257 3673 1444 3715 opitulatur
1614 3675 1671 3715 (14)
1696 3675 1819 3706 meruit
1832 3673 1884 3706 F²
2056 3677 2112 3710 (15)
2139 3669 2268 3712 aliquid
2279 3682 2341 3703 scr.

1257 3720 1317 3759 (16)
1344 3718 1445 3751 donet
1457 3719 1492 3752 F
1496 3719 1511 3739 ²
