2528 3918
162 99 309 143 ms'r.
340 100 373 155 Ι,
408 102 572 144 12—15

171 221 310 267 ’captus
328 218 451 263 fuerit,
470 217 631 255 similiter
648 215 796 253 dicimus
816 218 964 263 propter
981 215 1038 253 ius
1049 215 1256 262 postliminii

169 266 235 304 ’1448
267 275 409 313 quoque
441 262 630 310 potestatis
665 261 826 342 Earentis
858 261 897 298 in
939 271 1112 315 suspenso
1156 260 1256 297 esse.⁴

169 313 304 349 dictum
339 314 394 347 est
427 312 547 346 autem
581 318 647 353 pos
776 318 837 343 um
870 318 894 344 a
926 308 1046 343 hmine
1084 310 1121 343 et
1161 309 1255 352 post,

170 359 233 394 444ι
257 368 356 400 844444,
390 355 450 402 qui
482 354 526 390 ab
558 352 722 389 hostibus
755 353 909 399 captus²
931 353 969 388 in
999 352 1089 388 fines
1113 355 1255 388 nostros

168 407 296 451 postea
317 400 496 448 pervenit,
528 398 745 451 postliminio
767 407 949 434 reversum
971 401 1070 433 recte
1093 396 1254 449 dicimus.

167 459 251 486 nam
272 447 394 484 limina
418 446 512 481 sicut
532 454 571 479 m
593 443 756 480 domibus
779 443 887 479 finem
911 443 1088 489 quendam
1105 442 1256 484 faciunt,

167 495 221 533 sic
252 496 288 530 et
321 490 459 537 imperii
492 489 600 525 finem
633 488 739 525 limen
774 499 852 525 esse
883 493 1019 525 veteres
1054 487 1253 523 voluerunt.

170 540 251 579 ninc
276 542 312 573 et
333 538 432 572 limes
457 534 574 570 (1104448
599 537 654 570 884
676 534 780 581 quasi
802 534 884 570 finis
909 534 1052 579 quidam
1077 536 1113 568 et
1136 532 1255 567 termi-

167 595 246 621 nus.
283 583 329 619 ab
354 592 396 618 eo
421 580 676 627 postliminium
699 579 850 622 dictum,
883 580 967 624 quia
991 578 1114 614 eodem
1137 577 1257 613 limine

166 628 430 670 revertebatur,
462 636 532 671 quo
568 625 720 661 amissus
756 629 843 661 erat.
882 624 967 676 ³sed
999 628 1035 659 et
1064 623 1126 676 qui
1153 623 1255 659 victis

167 674 329 711 hostibus
352 674 597 717 recuperatur,
622 670 837 717 postliminio
856 669 1002 706 redlisse
1021 671 1253 704 emstimatur.

168 724 188 755 ό
236 719 461 754 ⁴'Praeterea
485 716 769 762 emancipatione
793 725 934 761 quoque
958 714 1126 750 desinunt
1154 713 1255 749 liberi

168 766 213 801 'in
236 767 417 810 potestate
430 765 628 843 ‘parentum
652 762 751 797 esse.⁴
787 760 850 796 sed
874 770 917 796 ea
935 759 1172 812 emancipatio
1190 769 1254 794 an-

166 815 225 846 tea
272 809 390 845 uidem
406 819 428 844 v
478 818 543 854 per
561 807 745 853 antiquam
763 806 850 851 legis
868 806 1154 842 observationem
1171 814 1254 850 pro-

166 855 253 892 cede
279 858 334 898 at,
365 854 479 900 quae⁶
502 863 571 906 per
593 852 819 897 imaginarias
842 850 1062 886 venditiones
1087 853 1123 885 et
1144 850 1254 886 inter-

166 900 333 937 cedentes
356 898 650 935 manumissiones
677 897 935 939 celebrabatur,
958 896 1015 932 vel
1027 906 1071 932 ex
1081 895 1256 940 imperiali

164 946 350 993 rescripto.
386 948 511 980 nostra
533 948 651 979 autem
674 942 896 988 providentia
921 944 956 977 et
977 942 1047 977 hoc
1070 940 1108 976 in
1130 940 1255 976 melius

165 1002 231 1038 per
262 990 575 1028 constitutionem⁸
604 988 825 1030 reformavit,
860 990 902 1022 ut
929 986 1076 1022 fictione
1103 986 1255 1032 pristina

165 1037 313 1083 explosa
340 1039 442 1072 recta
468 1035 526 1070 via
556 1034 653 1080 apud
677 1036 919 1078 competentes
942 1032 1077 1068 iudices
1101 1032 1158 1067 vel
1181 1041 1255 1066 ma-

164 1083 335 1128 gistratus
365 1084 532 1127 parentes
561 1080 696 1115 intrent
727 1082 762 1114 et
783 1078 876 1114 filios
900 1088 986 1114 suos
1009 1077 1066 1114 vel
1087 1076 1181 1113 filias
1203 1076 1259 1113 vel

165 1131 316 1209 3512332
337 1127 393 1208 1ξέ
415 1130 541 1207 ἓὲῗὲἓέ
565 1122 1255 1216 3333&sffiiffgnffiiffiafflg.

1248 1195 1257 1211 2

165 1218 305 1264 nepotis
339 1217 395 1254 vel
429 1227 473 1253 ne
499 1217 545 1252 tis
582 1216 703 1258 bonis,
763 1215 801 1250 ui
834 1215 889 1250 vel
924 1224 1017 1260 quae
1053 1223 1075 1249 a
1109 1217 1258 1259 parente

164 1263 403 1300 manumissus
427 1272 469 1298 ve
505 1261 724 1297 manumissa
763 1259 872 1303 uerit,
899 1259 1024 1295 eadem
1046 1259 1127 1294 iura
1175 1269 1254 1294 rae-

164 1313 308 1346 stantur
337 1308 495 1355 parenti,
533 1316 625 1353 quae
659 1306 866 1341 tribuuntur
929 1308 1055 1340 atrono
1085 1305 1122 1339 in
1177 1304 1255 1340 onis

163 1355 297 1391 liberti:
329 1358 365 1390 et
386 1356 574 1399 praeterea
597 1352 628 1388 si
650 1351 814 1397 impubes
838 1350 885 1386 sit
921 1350 928 1359 '
948 1351 1001 1386 'us
1024 1350 1081 1386 vel
1103 1349 1178 1385 filia
1200 1350 1256 1386 vel

165 1400 291 1444 ceteri,
327 1400 404 1446 ipse
437 1408 569 1444 parens
604 1407 650 1433 ex
682 1396 960 1432 manumissione
993 1395 1144 1431 tutelam
1179 1396 1255 1431 eius

165 1450 183 1481 7
231 1445 464 1482 nanciscitur.
513 1442 770 1479 ⁷'Admonendi
801 1445 922 1477 autem
951 1451 1074 1477 sumus
1105 1441 1256 1476 liberum

164 1492 253 1528 ’8888
275 1489 462 1527 arbitrium
486 1488 535 1532 ei,
567 1489 629 1534 qui
656 1487 769 1523 filium
799 1490 835 1522 et
865 1497 909 1522 ex
939 1496 980 1522 eo
1012 1490 1178 1532 nepotem
1201 1487 1256 1522 vel

164 1539 316 1583 'neptem
339 1536 377 1571 in
398 1537 579 1587 potestate
602 1533 768 1576 habebit,
798 1533 910 1568 filium
942 1532 1084 1578 quidem
1116 1531 1160 1567 de
1190 1542 1255 1578 po-

164 1582 305 1618 'testate
324 1581 511 1622 dimittere,
538 1582 705 1625 nepotem
721 1588 804 1614 vero
824 1578 880 1614 vel
899 1581 1043 1623 neptem
1054 1578 1068 1599 ⁸
1085 1578 1254 1613 retinere:

173 1632 210 1664 et
238 1638 283 1664 ex
313 1626 450 1662 diverso
486 1624 598 1660 filium
622 1624 775 1670 ‘quidem
809 1624 847 1659 in
881 1626 1062 1669 potestate
1090 1623 1256 1666 retinere,

163 1674 340 1719 'nepotem
371 1681 455 1707 vero
479 1671 535 1706 vel
558 1673 700 1715 neptem
724 1669 974 1705 manumittere
999 1668 1136 1712 (eadem
1156 1672 1193 1704 et
1212 1668 1257 1704 de

163 1718 369 1764 'pronepote
391 1716 448 1752 vel
470 1719 645 1768 pronepte
669 1714 766 1750 dicta
791 1724 870 1750 esse
896 1714 1178 1760 intellegantur),
1201 1713 1257 1750 vel

164 1767 184 1797 8
231 1764 364 1799 'omnes
394 1761 450 1798 sui
471 1760 560 1797 iuris
584 1759 749 1796 efficere:
797 1759 869 1795 Sed
894 1763 931 1795 et
953 1759 984 1796 si
1006 1762 1110 1806 pater
1132 1759 1255 1803 filium,

165 1815 269 1855 quem
290 1808 329 1844 in
351 1809 529 1853 potestate
551 1806 673 1849 habet,
698 1816 764 1841 avo
789 1805 845 1841 vel
866 1815 1001 1851 proavo
1026 1805 1182 1840 naturali
1200 1815 1255 1841 se-

163 1854 320 1890 cundum
348 1856 492 1889 nostras
517 1851 819 1888 constitutiones⁹
842 1861 951 1904 super
972 1850 1028 1887 his
1051 1850 1195 1886 habitas
1218 1851 1256 1886 in

164 1899 393 1952 adoptionem
417 1897 572 1940 dederit,
604 1897 642 1933 id
664 1900 720 1932 est
743 1896 774 1932 si
795 1896 866 1932 hoc
888 1906 1008 1942 ipsum
1031 1896 1121 1932 actis
1144 1896 1254 1931 inter-

164 1944 386 1981 vementibus
409 1943 506 1989 apud
530 1945 790 1988 competentem
818 1941 972 1977 iudicem
1002 1941 1256 1983 manifestavit,

162 1993 351 2037 praesente
374 1999 416 2025 eo
465 1988 502 2024 ui
525 1988 718 2034 adoptatur
741 1991 778 2023 et
799 1998 872 2023 non
897 1986 1166 2023 contradicente
1188 1997 1256 2023 nec

162 2047 235 2073 non
259 2046 300 2071 eo
336 2035 396 2081 qui
425 2000 590 2079 adoptat,
625 2033 774 2068 solvitur
805 2032 947 2078 quidem
977 2033 1034 2068 ius
1092 2033 1255 2069 otestatis

162 2081 276 2127 patris
299 2079 492 2122 naturalis,
526 2079 657 2114 transit
686 2082 806 2114 autem
836 2078 874 2113 in
897 2078 1064 2114 huiusmo
1093 2078 1100 2085 '
1124 2088 1254 2124 paren-

162 2131 233 2162 tem
268 2125 490 2171 adoptivum,
527 2124 565 2159 in
600 2124 702 2160 cuius
738 2133 893 2176 persona
921 2127 958 2160 et
968 2125 996 2145 ¹⁰
1027 2123 1256 2169 adoptionem

162 2175 183 2208 9
230 2171 472 2218 plenissimam
492 2179 570 2205 esse
588 2172 696 2205 antea
715 2169 878 2205 diximus.
916 2169 1008 2205 Illud
1026 2172 1146 2205 autem
1163 2169 1255 2205 scire

162 2229 182 2254 o
211 2220 316 2260 ortet,
340 2215 448 2262 quod,
473 2215 504 2251 si
527 2225 639 2251 nurus
662 2218 727 2250 tua
750 2225 794 2250 ex
817 2213 891 2250 filio
916 2217 979 2250 tuo
998 2214 1203 2260 conceperit
1220 2218 1257 2250 et

161 2229 274 2299 filium
296 2265 425 2308 postea
443 2260 721 2306 emancipaveris
739 2260 795 2295 vel
811 2260 850 2295 in
868 2259 1097 2306 adoptionem
1116 2259 1254 2296 dederis

161 2310 382 2355 praegnante
405 2317 498 2342 nuru
521 2309 595 2347 tua,
620 2305 730 2341 nihilo
754 2305 871 2341 minus
896 2305 991 2351 quod
1014 2315 1059 2341 ex
1077 2315 1119 2341 ea
1135 2305 1254 2342 nasci-

161 2359 221 2390 tur
242 2354 280 2389 in
302 2354 484 2399 potestate
506 2354 570 2386 tua
592 2351 771 2387 nascitur:
803 2350 899 2397 quod
927 2351 959 2387 si
987 2354 1071 2396 post
1099 2350 1253 2387 emanci-

161 2399 342 2445 pationem
365 2397 421 2433 vel
444 2396 674 2443 adoptionem
697 2396 807 2432 fuerit
835 2399 1049 2442 conceptum
1062 2397 1107 2439 ¹¹,
1139 2397 1253 2442 patris

161 2445 217 2480 8441
249 2442 464 2488 emancipati
494 2441 551 2478 vel
584 2442 642 2478 avi
670 2441 829 2487 adoptivi
862 2441 1034 2487 potestati
1062 2442 1252 2478 subicitur:

164 2493 204 2525 10
256 2492 293 2525 et
326 2487 422 2534 quod
451 2498 567 2534 neque
598 2488 781 2523 naturales
809 2487 912 2523 liberi
946 2497 1063 2533 neque
1097 2487 1255 2533 adoptivi

161 2535 234 2571 ullo
247 2544 362 2580 paene
373 2532 479 2569 modo
491 2536 644 2579 possunt
663 2543 790 2579 cogere
807 2535 994 2579 parentem
1015 2532 1059 2568 de
1074 2536 1254 2578 potestate

160 2590 228 2617 sua
251 2590 313 2616 eos
336 2579 523 2615 dimittere.

636 2671 734 2711 XIII
746 2670 775 2692 12

559 2737 621 2770 DE
645 2737 852 2771 TUTELIS.

211 2803 502 2840 ¹⁸'Transeamus
525 2814 621 2839 nunc
645 2803 693 2840 ad
715 2803 823 2840 aliam
846 2803 1063 2840 divisionem.
1101 2814 1185 2840 nam
1209 2814 1253 2841 ex

162 2850 227 2887 ’1418
250 2849 431 2903 personis,
462 2858 554 2895 quae
584 2849 622 2884 in
645 2852 824 2895 potestate
846 2860 920 2885 non
944 2852 1046 2892 sunt,
1076 2849 1252 2895 quaedam

161 2895 227 2932 'vel
249 2906 287 2931 111
310 2894 424 2930 tutela
447 2897 532 2930 sunt
553 2894 609 2930 vel
631 2894 669 2930 in
694 2895 895 2938 curatione,
926 2894 1101 2941 quaedam
1123 2899 1250 2932 neutro

162 2941 249 2977 'iure
270 2943 449 2976 tenentur.
485 2939 666 2975 videamus
690 2940 797 2986 igitur
820 2940 865 2976 de
882 2940 950 2983 his,
975 2950 1068 2986 quae
1083 2940 1122 2976 in
1137 2941 1252 2977 tutela

162 2986 226 3022 'vel
248 2985 286 3021 in
311 2984 496 3021 curatione
524 2988 624 3021 sunt:
653 2985 705 3020 ita
728 2986 822 3020 enim
844 2986 1087 3031 intellegemus
1112 2989 1251 3023 ceteras

162 3032 356 3077 ’personas,
381 3040 473 3076 quae
496 3034 623 3066 neutro
647 3031 723 3066 iure
745 3034 922 3067 tenentur.
959 3041 1003 3067 ae
1020 3031 1121 3078 prius
1141 3031 1249 3078 dispi-

164 3080 179 3112 1
231 3076 378 3112 'ciamus
413 3075 458 3111 de
488 3075 545 3111 his
577 3085 669 3121 quae
697 3075 734 3111 in
765 3076 879 3112 tutela
902 3077 1007 3112 sunt!
1059 3077 1163 3112 ¹⁴‘Est
1185 3087 1249 3113 au-

160 3125 241 3175 tem·
255 3121 385 3174 tutela,
415 3124 457 3156 ut
480 3120 622 3156 Servius
646 3121 825 3164 definivit,
859 3122 915 3174 ius
947 3132 990 3158 ac
1021 3125 1184 3168 potestas
1211 3122 1250 3159 in

161 3166 423 3249 &gpffssfeffibdegsse
438 3165 1250 3259 ”ffeffld‘iffmeffenqffai'0fflpssffissss

162 3329 203 3369 (1)
227 3328 279 3368 444]
291 3325 374 3360 Δ1Β
383 3326 433 3366 W,
446 3328 481 3359 et
491 3324 607 3359 AbuAv

161 3376 205 3415 (3)
232 3376 249 3413 5
264 3373 352 3416 ofin.
366 3384 406 3406 ex
416 3371 506 3405 Hor.
522 3372 542 3406 l.
557 3378 574 3405 8
587 3372 661 3405 inst.
676 3371 769 3415 (Diq.
783 3372 838 3412 49,
852 3379 895 3412 45,
909 3376 960 3414 28)

161 3425 214 3453 482
354 3419 396 3459 (5)
422 3417 563 3459 qnaoJA
573 3416 621 3457 W,
635 3428 694 3450 om.
710 3417 746 3450 Β
882 3419 927 3457 (o)
956 3417 1035 3451 Cod.
1049 3418 1080 3459 8,
1092 3425 1128 3453 48
1143 3418 1218 3461 (48),
1232 3424 1249 3452 e

162 3467 206 3503 (4)
233 3462 311 3498 Gai.
328 3463 357 3504 1,
370 3468 422 3497 488
433 3468 508 3496 rost.
522 3462 615 3506 (Diq.
632 3463 662 3503 1,
672 3469 699 3502 ¹1,
714 3463 765 3504 28)
842 3463 886 3504 (8)
911 3464 1059 3505 neptem]
1073 3464 1153 3504 ΒΕ,
1165 3474 1199 3497 n.
1212 3463 1250 3496 in

162 3510 330 3552 potestate
343 3509 438 3550 (-tem
449 3506 509 3549 Al)
522 3507 555 3541 Α
566 3507 647 3552 Diq.
719 3512 763 3549 (8)
780 3507 857 3541 Cod.
870 3507 901 3548 8,
915 3514 949 3542 44
964 3509 1038 3549 (48),
1052 3515 1081 3542 44
1140 3509 1199 3551 (40)
1212 3509 1249 3542 144

163 3552 597 3641 ἲίιξίτίισοὲιΒςι-ἶᾝέζιοῌ
607 3552 739 3638 ἓξὲίιι
759 3562 786 3585 c.
808 3562 949 3596 persona
963 3553 1003 3594 P,
1024 3563 1051 3586 o.
1065 3564 1206 3597 persone
1218 3553 1251 3587 B

209 3645 269 3686 (12)
287 3645 337 3689 Os:
351 3643 428 3679 Gai.
440 3646 470 3685 1,
479 3643 694 3688 1⁴²··¹⁵⁴D²'9·
705 3644 759 3683 26,
770 3650 824 3678 4..8
836 3642 913 3677 Cod.
925 3644 1055 3685 5,28.244
1099 3647 1157 3686 (48)
1174 3643 1247 3678 Gai.

165 3689 196 3730 1,
210 3696 270 3723 442.
284 3696 335 3724 448
458 3691 515 3731 (44)
543 3693 560 3729 s
574 3696 599 3724 1.
614 3695 632 3724 2
644 3701 683 3723 ex
693 3689 745 3723 Di
767 3690 843 3730 .26,
855 3696 879 3729 1,
893 3696 905 3723 4
920 3689 1030 3731 (Paul.
1044 3690 1064 3723 ι.
1076 3696 1113 3724 ss
1127 3691 1174 3724 ad
1184 3691 1247 3731 ed.)

162 3735 222 3775 (1⁸)
246 3734 386 3779 sieDiq.
402 3735 443 3779 Θ,
456 3734 569 3777 ipsum
581 3734 628 3778 B,
640 3733 709 3778 ipsi
751 3734 787 3767 E
887 3735 946 3775 (16)
976 3734 1051 3768 Gai.
1068 3736 1097 3777 ι,
1111 3742 1170 3769 444.
1185 3741 1246 3769 448.

1053 3372 1097 3417 (4)
1126 3372 1202 3407 σαί.
1219 3374 1249 3414 4,

700 3327 743 3368 (2)
769 3328 900 3369 captus]
915 3327 951 3360 B
962 3325 1062 3368 We,
1076 3340 1134 3361 om.
1143 3327 1176 3361 A
1185 3327 1251 3362 W‘
1286 3301 1289 3303 ·

2133 121 2196 152 DE
2224 123 2411 157 TUTELIS
2421 136 2423 138 ·

1324 218 1345 253 2
1392 216 1546 254 Tutores
1569 220 1688 254 autem
1712 221 1814 261 sunt,
1844 219 1904 264 qui
1935 229 2013 255 eam
2035 220 2105 256 vim
2128 231 2172 257 ac
2194 224 2408 268 potestatem

1323 262 1469 306 habent,
1504 273 1548 298 ex
1583 274 1655 309 qua
1684 275 1724 300 re
1756 264 1836 309 ipsa
1848 265 1874 286 ¹⁵
1906 275 2035 302 nomen
2064 271 2246 312 ceperunt.
2288 267 2410 314 itaque

1324 307 1550 360 appellantur
1578 312 1714 345 tutores
1748 309 1849 355 quasi
1877 310 2027 347 tuitores
2056 314 2164 357 atque
2192 311 2408 356 defensores,

1325 355 1344 388 3
1392 356 1487 388 840444
1509 353 1642 390 aeditui
1665 354 1832 390 dicuntur
1855 355 1915 400 qui
1939 355 2046 392 aedes
2069 359 2226 392 tuentur.
2279 357 2408 394 ¹⁶'Per-

1325 398 1481 433 'missum
1510 403 1566 435 est
1599 399 1721 445 itaque
1781 400 1964 436 arentibus
2000 401 2120 437 liberis
2154 402 2409 447 impuberibus,

1325 443 1423 488 'quos
1446 443 1484 479 in
1505 447 1686 489 potestate
1713 445 1761 480 ha
1788 448 1864 488 ent,
1894 448 2105 483 testamento
2135 450 2271 483 tutores
2303 447 2409 484 dare.⁴

1326 493 1362 523 et
1383 488 1493 524 1400Π
1516 490 1553 524 144
1576 489 1649 525 filio
1674 489 1816 535 filiaque
1845 490 2046 527 omnimodo
2076 492 2256 538 proeedit3
2289 494 2408 539 'nepo-

1326 533 1430 569 'tibus
1453 537 1574 570 tamen
1604 535 1842 581 neptibusque
1872 535 1924 571 ita
1954 535 2096 572 demum
2127 542 2294 583 parentes
2324 549 2409 584 pos-

1326 579 1419 631 'sunt
1441 582 1653 616 testamento
1678 584 1814 616 tutores
1838 580 1935 623 dare,
1959 582 1989 617 si
2011 585 2095 626 post
2117 587 2266 619 mortem
2290 594 2411 620 eorum

1325 624 1371 659 ’444
1394 625 1506 669 patris
1531 625 1586 660 sui
1609 629 1823 671 potestatem
1840 628 2001 663 recasuri
2018 638 2091 663 non
2110 632 2206 663 sunt.
2236 628 2358 674 itaque
2381 629 2412 665 si

1325 669 1428 705 'filius
1459 673 1543 706 tuus
1566 671 1691 706 mortis
1713 675 1799 707 tuae
1821 675 1980 717 tempore
2002 673 2039 707 in
2063 676 2242 718 potestate
2264 677 2328 710 tua
2351 674 2410 717 sit,

1325 715 1481 760 'nepotes
1506 726 1550 751 ex
1573 726 1614 752 eo
1638 726 1711 752 non
1733 720 1903 762 poterunt
1925 721 2137 754 testamento
2161 722 2224 754 tuo
2256 722 2411 755 tutorem

1326 760 1486 803 habere,
1522 762 1681 807 quamvis
1716 762 1754 797 in
1787 765 1966 807 potestate
1995 767 2060 798 tua
2089 763 2241 809 fuerint3
2277 764 2413 800 scilicet

1325 805 1419 850 'quia
1451 811 1592 843 mortuo
1626 810 1662 842 te
1696 807 1733 842 in
1766 807 1879 852 patris
1915 808 1970 844 sui
2005 812 2219 888 potestatem
2253 810 2411 846 recasuri

1323 854 1345 886 4
1393 851 1496 887 sunt.
1545 851 1634 888 Cum
1673 856 1793 887 autem
1831 853 1868 888 in
1904 863 2006 899 comp
2021 854 2144 890 uribus
2180 854 2258 890 aliis
2294 855 2412 892 causis

1325 896 1489 941 'postumi
1520 908 1585 943 pro
1617 898 1687 933 iam
1719 898 1813 933 natis
1836 898 2034 941 habentur,
2068 903 2102 934 et
2133 900 2172 935 in
2201 900 2270 936 hac
2303 912 2413 937 causa

1325 942 1471 987 'placuit
1493 953 1566 979 non
1588 943 1705 978 minus
1730 943 1904 988 postumis
1936 954 2043 989 quam
2073 944 2145 980 iam
2175 946 2269 981 natis
2300 950 2411 982 testa-

1326 988 1453 1023 'mento
1477 991 1615 1024 tutores
1639 987 1717 1024 dari
1766 998 1858 1032 osse,
1882 988 1913 1024 si
1935 989 2040 1025 modo
2064 989 2102 1025 in
2125 1001 2169 1026 ea
2193 1001 2304 1027 causa
2327 992 2409 1034 sint,

1325 1032 1396 1076 'ut‚
1428 1033 1460 1069 si
1489 1033 1577 1070 vivis
1607 1037 1747 1079 parenti
1774 1044 1817 1070 us
1840 1038 2093 1079 nascerentur,
2129 1035 2185 1072 sui
2215 1039 2251 1071 et
2280 1036 2318 1072 in
2373 1047 2412 1073 o-

1324 1081 1343 1113 5
1392 1079 1531 1115 'testate
1566 1089 1689 1115 eornm
1724 1079 1871 1115 fierent.¹
1919 1079 1989 1116 Sed
2018 1080 2049 1116 si
2080 1081 2218 1117 emanci
2244 1085 2304 1118 ato
2380 1082 2412 1118 'o

1323 1126 1422 1160 tutor
1445 1134 1468 1160 a
1490 1127 1593 1170 patre
1616 1128 1829 1161 testamento
1855 1124 1960 1161 datus
1990 1125 2117 1170 fuerit,
2148 1137 2217 1163 con
2262 1127 2413 1164 mandus

1324 1172 1383 1222 est
1403 1179 1448 1250 etxi
1470 1169 1647 1206 sententia
1669 1170 1843 1216 praesidis
1867 1171 2087 1219 omnimodo.
2115 1171 2153 1208 id
2181 1175 2237 1208 ost
2259 1172 2336 1209 81448
2358 1172 2412 1209 in·

1324 1225 1416 1261 qu1s1
1445 1225 1524 1251 one.

1797 1308 1950 1348 X1111¹⁸

1360 1374 1441 1412 QUI
1464 1374 1573 1408 DARI
1598 1375 1803 1407 TUTORES
1829 1375 2134 1410 TESTAMENTO
2159 1377 2370 1410 POSSUNT.

1369 1441 1458 1477 Dari
1481 1444 1601 1478 autem
1650 1444 1744 1478 otest
1766 1444 1865 1477 tutor
1889 1452 1962 1478 non
1986 1442 2101 1478 solum
2123 1446 2227 1489 pater
2247 1442 2413 1487 familias,

1331 1491 1343 1522 l
1393 1486 1457 1523 sed
1486 1487 1593 1523 etiam
1656 1488 1712 1523 ius
1734 1487 1899 1523 familias.
1948 1486 2019 1523 Sed
2042 1491 2078 1524 et
2101 1498 2223 1524 servus
2247 1489 2413 1535 proprius

1324 1535 1537 1568 testamento
1562 1543 1645 1568 cum
1666 1533 1833 1569 libertate
1855 1536 1953 1569 recte
1975 1536 2074 1569 tutor
2091 1533 2171 1570 dari
2189 1538 2319 1580 potest.
2351 1534 2413 1570 sed

1324 1578 1510 1614 sciendum
1539 1582 1593 1614 est
1624 1588 1705 1614 eum
1737 1581 1773 1614 et
1803 1578 1880 1614 sine
1910 1579 2076 1615 libertate
2104 1583 2260 1615 tutorem
2290 1579 2413 1615 datum

1326 1624 1433 1660 tacite
1464 1627 1501 1659 et
1531 1623 1732 1660 libertatem
1757 1624 1929 1660 directam
1951 1624 2135 1670 accepisse
2156 1625 2268 1661 videri
2291 1628 2327 1661 et
2349 1636 2414 1671 per

1325 1669 1394 1705 hoc
1423 1672 1523 1705 recte
1551 1672 1707 1705 tutorem
1737 1679 1825 1705 esse.
1886 1670 1970 1706 lane
1992 1670 2023 1706 si
2045 1680 2110 1716 per
2132 1680 2288 1707 errorem
2311 1671 2412 1716 quasi

1325 1714 1414 1750 liber
1435 1717 1536 1750 tutor
1558 1714 1663 1751 datus
1688 1715 1744 1758 sit,
1769 1681 1885 1751 aliudp
1891 1715 2080 1751 dicendum
2101 1719 2166 1752 est.
2203 1725 2325 1752 servus
2348 1726 2412 1752 au·

1325 1764 1396 1796 tem
1427 1760 1564 1796 alienus
1625 1770 1689 1796 ure
1720 1760 1894 1796 inutiliter
1924 1760 2031 1796 datur
2058 1764 2271 1797 testamento
2296 1764 2412 1798 tutor:

1324 1805 1388 1841 sed
1410 1805 1463 1841 ita
1487 1809 1581 1841 ‘cum
1616 1806 1694 1842 iber
1718 1805 1796 1841 erit'
1828 1806 1964 1842 utiliter
1995 1806 2112 1842 datur.
2148 1807 2315 1852 proprius
2347 1817 2412 1842 au-

1326 1854 1345 1886 2
1391 1854 1464 1886 tem
1487 1861 1609 1887 servus
1632 1851 1807 1887 inutiliter
1829 1862 1871 1888 eo
1882 1852 1912 1873 ¹⁹
1934 1851 2039 1888 modo
2063 1852 2170 1887 datur
2191 1855 2301 1888 tutor.
2338 1851 2412 1888 Fu-

1325 1897 1442 1932 riosus
1474 1897 1530 1932 vel
1560 1896 1677 1933 minor
1704 1897 1826 1949 viginti
1858 1897 2014 1943 quinque
2043 1897 2147 1933 annis
2181 1900 2280 1933 tutor
2302 1900 2412 1933 testa-

1324 1946 1443 1978 mento
1468 1942 1574 1978 datus
1590 1945 1691 1978 tutor
1710 1946 1787 1985 ent,
1813 1953 1893 1979 cum
1912 1953 2058 1988 compos
2074 1943 2203 1979 mentis
2220 1945 2285 1979 aut
2300 1943 2413 1979 maior

1324 1987 1446 2033 viginti
1493 1988 1625 2034 uinque
1649 1987 1752 2023 8444418
1776 1987 1884 2024 fuerit
1906 1988 2037 2025 factus.

1325 2036 1345 2069 3
1437 1999 1497 2069 Ad
1528 2036 1665 2086 certum
1692 2037 1833 2079 tempus
1869 2037 1904 2069 et
1912 2033 1944 2054 ²⁰
1978 2042 2023 2067 ex
2055 2036 2151 2070 certo
2174 2036 2335 2080 tempore
2357 2034 2411 2070 vel

1325 2079 1392 2115 sub
1418 2078 1628 2115 condicione
1650 2079 1706 2114 vel
1735 2083 1819 2115 ante
1848 2079 1988 2115 heredis
2018 2079 2278 2115 institutionem
2305 2090 2414 2125 posse

1324 2127 1346 2159 4
1393 2124 1471 2160 dari
1504 2127 1660 2160 tutorem
1695 2135 1768 2160 non
1800 2124 1995 2160 dubitatur.
2044 2123 2172 2160 Certae
2206 2128 2326 2160 autem
2359 2125 2412 2161 rei

1323 2170 1379 2206 vel
1403 2180 1536 2206 causae
1563 2173 1664 2205 tutor
1692 2169 1770 2205 dari
1798 2179 1871 2205 non
1900 2173 2038 2215 potest,
2071 2170 2193 2216 ²’quia
2224 2180 2411 2216 personae,

1323 2226 1397 2251 non
1421 2225 1552 2251 causae
1575 2215 1630 2251 vel
1652 2215 1704 2250 rei
1728 2215 1845 2250 datur.

1324 2264 1343 2296 5
1437 2260 1514 2297 2²Si
1537 2261 1615 2306 quis
1638 2260 1781 2296 filiabus
1805 2260 1880 2295 suis
1903 2260 1959 2296 vel
1982 2260 2063 2296 filiis
2093 2263 2231 2296 tutores
2264 2260 2411 2304 dederit,

1324 2306 1429 2342 etiam
1485 2309 1648 2342 ostumae
1675 2305 1730 2341 vel
1761 2309 1927 2351 postumo
1959 2305 2100 2342 videtur
2135 2305 2292 2350 dedisse,
2328 2306 2412 2352 quia

1323 2351 1387 2387 filii
1417 2362 1459 2387 ve
1501 2351 1596 2387 filiae
1626 2361 1672 2396 ap
1701 2351 1867 2387 ellatione
1897 2354 1933 2386 et
1960 2354 2148 2396 postumus
2179 2354 2215 2388 et
2244 2355 2412 2397 postuma

1324 2397 1562 2433 continentur.
1600 2362 1697 2449 quid)
1695 2397 1726 2418 ²³
1749 2397 1778 2433 si
1802 2399 1952 2442 nepotes
1976 2396 2066 2440 sint,
2097 2407 2145 2432 an
2173 2397 2412 2443 appellatione

1322 2442 1475 2479 filiorum
1498 2446 1534 2478 et
1556 2442 1643 2488 ipsm
1667 2445 1804 2478 tutores
1828 2442 1903 2477 dati
1926 2442 2036 2478 sunt?
2070 2441 2258 2478 dicendum
2281 2446 2346 2486 est,
2371 2446 2412 2478 ut

1322 2488 1409 2534 ipsis
1434 2498 1576 2541 quoque
1606 2487 1681 2523 dati
1710 2486 1916 2530 videantur,
1948 2487 1979 2523 si
2008 2487 2114 2523 modo
2145 2487 2277 2524 liberos
2309 2487 2408 2523 dixit.

1323 2537 1481 2570 ceterum
1504 2544 1535 2570 84
1557 2533 1661 2577 filios,
1686 2543 1759 2569 non
1783 2533 2078 2569 continebuntur:
2103 2532 2207 2569 aliter
2226 2533 2319 2569 enim
2335 2532 2410 2576 filii,

1323 2579 1426 2615 aliter
1443 2582 1591 2625 nepotes
1609 2578 1845 2624 appellantur.
1881 2578 1988 2624 plane
2010 2578 2042 2614 si
2065 2578 2238 2624 postumis
2262 2577 2410 2622 dederit,

1322 2628 1396 2660 tam
1418 2624 1481 2660 filii
1503 2624 1660 2670 postumi
1683 2633 1790 2670 quam
1813 2623 1922 2660 ceteri
1944 2623 2046 2660 liberi
2069 2623 2356 2660 continebuntur.

1814 2716 1923 2756 XV²⁴

1427 2784 1490 2818 DE
1515 2783 1743 2817 LEGITIMA
1766 2783 2079 2816 ADGNATORUM
2104 2782 2295 2818 TUTELA.

1368 2850 1399 2872 2⁵
1412 2849 1558 2895 'Quibus
1589 2853 1709 2886 autem
1739 2852 1953 2886 testamento
1984 2852 2083 2886 tutor
2113 2849 2218 2885 datus
2249 2860 2322 2885 non
2350 2850 2408 2893 sit,

1322 2896 1385 2931 ’1418
1411 2906 1455 2932 ex
1477 2896 1553 2941 lege
1578 2895 1765 2931 duodecim
1788 2895 1992 2931 tabularum
2023 2894 2168 2941 adgnati
2196 2898 2282 2931 sunt
2311 2898 2407 2931 tuto-

1323 2945 1337 2976 1
1390 2942 1467 2984 ’res,
1493 2941 1552 2994 qui
1575 2944 1751 2977 vocantur
1772 2940 1927 2985 legitimi.
1966 2939 2058 2976 Sunt
2079 2943 2199 2976 autem
2221 2940 2368 2986 adgnati
2377 2941 2408 2963 ²⁶

1321 2987 1394 3032 'per
1423 2987 1532 3023 virihs
1562 2996 1669 3022 sexus
1699 2985 1947 3031 cognationem
1956 2986 1986 3007 2⁷
2022 2985 2221 3028 coniuncti,
2253 2985 2355 3031 quasi
2386 2996 2408 3022 a

1321 3032 1432 3078 'patre
1455 3031 1615 3077 cognati,
1638 3031 1748 3067 veluti
1769 3030 1884 3066 frater
1906 3031 2030 3067 eodem
2052 3035 2156 3076 patre
2178 3034 2302 3073 natus,
2333 3030 2406 3066 fra-

1320 3077 1394 3113 ‘tris
1417 3077 1510 3113 filius
1534 3086 1689 3123 neposve
1707 3086 1751 3112 ex
1771 3086 1826 3120 eo,
1850 3076 1935 3112 item
1952 3080 2104 3123 patruus
2122 3079 2158 3112 et
2172 3075 2292 3122 patrui
2312 3075 2406 3112 filius

1319 3123 1484 3168 'neposve
1507 3131 1552 3157 ex
1575 3132 1629 3158 8ο.
1664 3125 1704 3157 at
1727 3121 1788 3167 qui
1816 3132 1880 3168 per
1907 3121 2067 3158 feminini
2097 3131 2204 3157 sexus
2234 3131 2407 3166 personas

1319 3168 1541 3213 'cognatione
1562 3167 1776 3213 iunguntur,
1808 3178 1881 3203 non
1912 3170 1998 3204 sunt
2026 3165 2189 3212 adgnati,
2220 3165 2285 3202 sod
2316 3166 2405 3203 alias

1320 3213 1485 3249 ’naturali
1506 3213 1585 3248 iure
1609 3212 1761 3259 cognati.
1796 3212 1920 3258 itaque
1948 3211 2077 3248 amitae
2108 3215 2192 3247 tuae
2214 3210 2309 3247 filius
2332 3222 2404 3248 non

1321 3334 1369 3361 444
1464 3329 1523 3370 (44)
1547 3327 1630 3361 haee
1643 3327 1722 3361 libri

1365 3376 1424 3410 (48)
1452 3371 1502 3415 Gt:
1516 3374 1598 3416 Diy.
1612 3373 1666 3410 26.
1680 3379 1698 3406 2
1715 3372 1792 3406 Cod.
1806 3372 1839 3412 5,
1852 3378 1889 3406 28

1319 3415 1386 3459 (20)
1411 3416 1456 3456 84]
1480 3415 1552 3457 ΤΘ,
1576 3417 1615 3448 444
1635 3415 1682 3457 Β,
1705 3425 1764 3448 seu
1785 3415 1820 3448 Ρ

1320 3462 1410 3495 ciam·
1435 3460 1454 3493 l.
1480 3466 1496 3494 2
1518 3461 1592 3495 inst.
1616 3460 1712 3505 (Diq.
1732 3461 1789 3503 26,
1808 3466 1839 3503 2,
1860 3459 1907 3503 u)

1320 3516 1347 3550 2,
1361 3516 1388 3543 5.
1403 3515 1420 3542 8
1435 3511 1444 3546 (
1453 3509 1527 3553 Ulp.
1543 3509 1563 3543 ι.
1577 3516 1619 3543 45.
1634 3516 1670 3543 so
1684 3508 1732 3542 ad
1741 3508 1837 3550 Sub.)

1320 3553 1408 3596 quod
1421 3555 1474 3587 E·

1365 3600 1428 3642 (24)
1456 3599 1508 3643 Gj:
1524 3599 1602 3634 Gai.
1619 3601 1650 3642 4,
1662 3606 1790 3634 455..458
1802 3599 1885 3644 Diy.
1900 3599 1955 3639 26,
1967 3604 1986 3632 4
2001 3598 2080 3632 cod.
2093 3599 2126 3639 5,
2140 3605 2176 3634 8ο
2233 3600 2297 3643 (25)
2325 3599 2402 3635 Gai.

1323 3646 1351 3686 1,
1365 3652 1426 3679 485.
1440 3651 1491 3679 458
1506 3645 1599 3689 (Diq.
1613 3645 1667 3685 26,
1681 3651 1709 3684 4,
1722 3647 1753 3683 ’4)
1846 3645 1908 3686 (20)
1932 3642 2087 3686 adgnati]
2104 3643 2179 3678 Gai.
2192 3645 2275 3690 Diy.
2291 3645 2332 3686 Θ,
2343 3645 2387 3678 ad

1320 3690 1416 3732 gnati
1428 3690 1565 3732 cognati
1579 3690 1667 3732 libri,
1680 3691 1722 3733 qt:
1736 3690 1759 3724 ι’.
1772 3690 1804 3731 3,
1818 3696 1847 3733 2,
1860 3696 1873 3723 1
2006 3690 2067 3731 (27)
2092 3690 2342 3733 cognationem]
2353 3690 2391 3725 B

1319 3735 1521 3778 cognatione
1532 3735 1576 3776 E,
1589 3744 1750 3778 personas
1762 3733 1963 3777 cognatione
1980 3734 2056 3769 Gai.
2070 3735 2152 3779 Εἰς.

2006 3370 2067 3412 (44))
2090 3371 2142 3410 co]
2154 3368 2228 3412 Bo,
2243 3370 2362 3404 eodem
2378 3371 2411 3405 T

1927 3414 1987 3457 (21)
2009 3413 2226 3456 quinndatur
2246 3426 2285 3448 ex
2307 3415 2404 3448 Mar·

2018 3460 2083 3502 (22)
2109 3463 2125 3499 θ
2147 3466 2163 3492 5
2184 3471 2224 3492 ez·
2244 3458 2325 3505 Diq.
2347 3460 2403 3503 26,

1920 3508 1982 3550 (23)
2008 3507 2103 3550 quid]
2115 3507 2166 3542 Ει
2178 3508 2272 3555 Diffi,
2285 3511 2346 3553 qut
2357 3510 2404 3551 B,
