2528 3918
219 106 363 150 XVIII
392 107 474 150 5.6

214 230 284 266 hac
308 239 418 265 causa
442 238 514 263 non
538 237 605 263 sua
627 231 777 270 natura,
810 227 874 264 sed
896 231 1074 274 potestate
1098 227 1302 263 conventio-

217 278 233 310 1
282 275 337 310 nis
368 274 472 309 valet.
520 272 665 318 Emptio
696 272 794 308 nuda
824 273 1057 309 conventione
1088 272 1303 314 dissolvitur,

215 323 235 355 2
283 320 313 355 si
337 330 392 354 res
416 321 541 354 secuta
571 328 644 353 non
672 317 791 353 fuerit.
838 318 979 354 Mortuo
1012 321 1131 353 autem
1161 318 1304 353 homine

214 364 360 411 perinde
383 362 549 399 habenda
572 367 628 399 est
650 363 805 399 venditio
819 365 829 385 ¹
853 374 896 398 ac
920 364 951 398 si
981 363 1134 398 traditus
1162 362 1302 404 fuisset,

214 414 339 454 utpote
352 419 432 444 cum
444 408 606 444 venditor
623 408 793 445 liberetur
812 412 847 444 et
865 409 1015 453 emptori
1034 408 1140 444 homo
1161 411 1301 453 pereat:

214 465 324 500 quare
348 454 416 489 nisi
446 453 542 488 iusta
573 453 759 489 conventio
790 453 1035 496 intervenerit,
1068 453 1227 488 actiones
1259 463 1303 488 ex

214 510 268 534 em
295 503 332 534 to
358 502 393 534 et
416 498 559 534 vendito
583 499 787 534 manebunt.

309 543 366 579 ΡΑ
374 553 469 579 owe
489 543 580 579 libro
602 543 759 580 secundo
784 544 834 579 ad
855 543 1009 579 edictum
1057 542 1095 578 Si
1128 542 1302 585 convenit,

213 594 255 624 ut
277 598 334 624 res
382 598 451 624 uae
473 588 580 631 venit,
605 588 636 624 si
658 589 754 624 intra
777 592 913 624 certum
936 593 1076 633 tempus
1101 587 1302 633 displicuis-

214 638 280 676 set,
304 633 368 669 red
395 637 532 676 eretur,
565 644 609 669 ex
633 638 750 679 empto
774 634 869 669 actio
895 638 967 676 est,
992 637 1034 668 ut
1057 633 1211 669 Sabinus
1234 644 1301 679 pu-

213 683 278 721 tat,
303 682 367 714 aut
388 679 553 725 proxima
576 679 684 724 empti
707 679 744 714 in
767 679 903 714 factum
928 678 1043 714 datur.

261 722 284 761 7
310 723 419 760 IDEM
434 724 526 760 libro
547 725 672 770 quinto
693 725 942 770 quaestionum
989 723 1027 759 Si
1040 723 1078 759 id
1097 723 1194 769 quod
1214 734 1303 769 pure

215 771 282 806 emi
306 769 373 806 sub
398 769 609 805 condicione
631 779 755 804 rursus
780 779 905 810 emam,
930 768 1018 804 nihil
1042 769 1159 814 agitur
1182 772 1302 821 poste-

218 819 231 850 1
281 815 377 851 riore
400 814 586 860 emptione.
635 814 672 850 Si
695 814 820 859 pupilli
843 824 997 859 persona
1020 814 1219 857 intervemt‚
1244 814 1304 860 qui

213 864 298 896 ante
321 859 398 896 sine
420 860 550 895 tutoris
581 860 815 902 auctoritate,
847 859 976 895 deinde
1007 863 1126 895 tutore
1157 863 1304 895 auctore

214 906 317 949 emit,
350 905 510 951 quamvis
533 905 695 940 venditor
717 905 788 939 iam
813 904 845 939 ei
868 904 1043 950 obligatus
1066 904 1153 947 fuit,
1185 908 1304 940 tamen

214 951 299 997 quia
321 950 477 996 pupillus
501 960 574 986 non
597 950 804 992 tenebatur,
837 954 1008 985 renovata
1039 949 1194 986 venditio
1226 949 1303 985 effi-

214 997 282 1039 cit,
314 1000 355 1032 ut
384 996 535 1031 invicem
567 996 712 1040 obligati
743 995 833 1030 sint:
870 995 967 1040 quod
998 995 1029 1031 si
1060 999 1144 1031 ante
1173 996 1304 1031 tutoris

213 1041 410 1077 auctoritas
445 1041 692 1083 intervenerit,
729 1040 856 1076 deinde
891 1040 967 1076 sine
1001 1044 1121 1077 tutore
1156 1044 1304 1076 auctore

215 1087 318 1130 emit,
343 1087 430 1122 nihil
455 1090 575 1122 actum
600 1090 653 1121 est
676 1085 875 1131 posteriore
899 1086 1086 1131 emptione.
1123 1086 1216 1122 idem
1238 1097 1303 1131 po-

212 1136 286 1168 test
316 1132 459 1178 quaeri,
491 1132 521 1167 si
544 1131 619 1166 sine
643 1131 771 1166 tutoris
794 1131 1010 1166 auctoritate
1025 1135 1161 1197 ²pactus
1184 1130 1303 1174 fuerit,

212 1183 254 1213 ut
277 1177 481 1213 discedatur
505 1176 550 1211 ab
575 1176 771 1221 emptione:
796 1186 844 1211 an
867 1176 1015 1221 proinde
1064 1177 1120 1219 sit,
1145 1180 1254 1223 atque
1274 1177 1304 1212 si

213 1224 259 1258 ab
282 1223 383 1258 initio
408 1222 484 1257 sine
507 1222 634 1257 tutoris
659 1221 874 1257 auctoritate
904 1221 1064 1264 emisset,
1096 1225 1138 1257 ut
1168 1222 1305 1258 scilicet

212 1269 290 1313 ipse
314 1279 386 1303 non
410 1272 591 1308 teneatur,
616 1267 678 1302 sed
702 1271 829 1312 agente
853 1277 894 1302 eo
919 1267 1137 1303 retentiones
1161 1277 1303 1320 compe-

212 1317 302 1348 tant.
340 1313 403 1348 sed
426 1323 492 1347 nec
515 1312 602 1347 illud
622 1312 698 1347 sine
716 1312 856 1347 ratione
875 1311 1024 1355 dicetur,
1049 1312 1217 1358 quoniam
1235 1312 1302 1348 mi-

213 1359 264 1394 tio
289 1362 386 1394 recte
410 1357 540 1403 emptio
565 1357 612 1392 sit
635 1361 840 1400 contracta,
872 1357 931 1393 vix
961 1357 1079 1393 bonae
1108 1357 1192 1393 fidei
1217 1368 1302 1394 con-

212 1404 332 1439 venire
356 1404 421 1439 e0³
445 1406 551 1448 pacto
576 1402 674 1445 stari,
699 1402 796 1448 quod
816 1402 943 1438 alteri⁴
968 1403 1167 1448 captiosum
1187 1403 1244 1446 sit,
1269 1406 1304 1438 et

214 1449 377 1491 maxime,
403 1448 433 1483 si
457 1448 551 1483 iusto
577 1457 696 1484 errore
719 1447 766 1484 sit
789 1447 971 1494 deceptus.

260 1492 284 1531 8
321 1493 525 1529 SCAEVOLA
561 1492 654 1528 libro
688 1494 846 1530 secundo
883 1503 1138 1540 responsorum
1186 1493 1302 1529 Titius

214 1540 285 1575 Seii
308 1542 522 1584 procurator
546 1538 715 1574 defuncto
741 1538 821 1574 Seio
853 1539 899 1574 ab
934 1548 976 1574 eo
1008 1539 1079 1574 scri
1104 1542 1164 1574 tus
1187 1539 1301 1582 heres,

214 1596 295 1620 cum
325 1585 524 1629 ignoraret,
556 1583 706 1619 fundum
737 1584 912 1619 vendente
943 1594 1043 1619 servo
1102 1584 1302 1627 ereditario,

212 1630 315 1676 quasi
326 1633 540 1675 procurator
552 1629 780 1675 subscripsit:
802 1629 1001 1675 quaesitum
1015 1633 1079 1672 est,
1100 1639 1147 1664 an
1160 1630 1302 1675 cognito

213 1686 253 1711 eo
267 1702 276 1717 ‚
308 1675 515 1720 priusquam
540 1675 670 1719 emptio
694 1675 936 1720 perficeretur,
961 1685 984 1709 a
1006 1675 1208 1710 venditione
1232 1675 1302 1710 dis-

212 1721 337 1756 cedere
359 1720 484 1765 possit.
521 1719 706 1765 respondit
729 1720 881 1763 Titium,
915 1720 946 1756 si
976 1730 1049 1755 non
1081 1721 1158 1766 ipse
1180 1720 1301 1756 vendi-

212 1766 273 1808 dit,
295 1775 368 1801 non
386 1765 519 1800 idcirco
541 1765 741 1801 actionibus
762 1765 922 1801 civilibus
942 1765 1066 1808 teneri,
1087 1765 1183 1811 quod
1202 1776 1302 1801 servo

211 1811 385 1847 vendente
419 1810 699 1856 subscripserat,
732 1810 796 1846 sed
826 1810 919 1847 servi
948 1811 1092 1847 nomine
1122 1811 1303 1857 praetoria

211 1856 353 1892 actione
375 1855 500 1891 teneri.

258 1899 283 1939 9
308 1901 415 1937 IDEM
431 1901 522 1937 libro
544 1904 676 1947 quarto
695 1901 917 1948 digestorum
963 1901 1113 1936 Fundus
1127 1901 1188 1947 qui
1198 1900 1303 1937 Lucii

212 1947 324 1982 Titii-⁷·
348 1950 426 1982 erat
449 1947 495 1982 ob
519 1946 690 1991 vectigale
713 1946 765 1982 rei
787 1947 954 1992 publicae
976 1947 1102 1982 veniit:
1134 1946 1197 1982 sed
1221 1957 1303 1982 cum

210 1992 346 2028 Lucius
367 1991 482 2026 Titius
507 1991 647 2027 debitor
690 1991 848 2027 rofessus
868 1995 962 2028 esset
981 1996 1147 2037 paratum
1165 2002 1205 2027 se
1225 2002 1303 2027 esse

211 2037 361 2083 vectigal
385 2037 567 2073 exsolvere
590 2037 655 2072 soli
682 2048 753 2080 um,
778 2048 860 2073 cum
884 2038 1019 2073 minore
1042 2037 1197 2073 venisset
1218 2036 1301 2072 fun-

211 2082 298 2125 dus,
332 2093 438 2128 quam
469 2082 590 2117 debita
613 2092 751 2117 summa
775 2087 887 2126 esset,
921 2093 1067 2128 praeses
1099 2082 1302 2128 provinciae

211 2127 382 2164 rescidit⁰
413 2127 651 2163 venditionem
690 2139 840 2173 eumque
881 2128 1021 2164 restitui
1052 2128 1156 2163 iussit
1185 2127 1300 2163 Lucio

212 2173 327 2209 Titio:
361 2173 562 2218 quaesitum
594 2177 665 2213 est,
697 2183 745 2208 an
776 2177 860 2219 post
882 2173 1094 2209 sententiam
1115 2172 1300 2225 praesidis,

212 2223 403 2264 antequam
434 2218 701 2260 restitueretur,
732 2218 770 2253 in
799 2218 903 2254 bonis
926 2218 1030 2254 Lucii
1053 2218 1138 2253 Tit1i
1168 2217 1302 2253 fundus

212 2268 351 2309 emptus
383 2267 488 2299 esset.
535 2263 721 2308 respondit
751 2274 823 2299 non
854 2264 973 2309 prius,
1009 2274 1116 2309 quam
1151 2264 1302 2309 emptori

210 2309 364 2354 pretium
388 2312 482 2344 esset
503 2308 641 2344 illatum
665 2309 738 2351 vel,
771 2309 801 2344 si
831 2309 984 2354 pretium
1017 2308 1176 2344 nondum
1207 2312 1302 2344 esset

211 2355 257 2390 ab
283 2365 338 2390 em
364 2358 443 2390 tore
465 2354 632 2396 solutum,
657 2354 695 2389 in
717 2354 867 2399 vectigal
889 2354 1114 2390 satisfactum
1139 2357 1243 2389 esset.

259 2398 309 2437 10
357 2409 443 2434 mm
461 2399 552 2435 libro
575 2410 595 2434 s
642 2400 726 2435 timo
751 2401 971 2446 diqestorum
1019 2399 1120 2434 Seius
1145 2409 1167 2434 a
1186 2398 1300 2433 Lucio

211 2445 306 2480 Titio
332 2445 416 2479 emit
438 2444 589 2479 fundum
626 2453 688 2489 ege
712 2443 826 2486 dicta,
859 2447 918 2486 ut,
949 2443 979 2479 si
1003 2443 1051 2479 ad
1075 2443 1167 2478 diem
1190 2453 1299 2488 pecu-

210 2490 306 2525 niam
329 2500 401 2525 nou
425 2489 607 2531 solvisset,
639 2499 697 2524 res
721 2489 879 2534 inempta
902 2488 1013 2524 fieret.
1059 2488 1162 2524 Seius
1196 2492 1300 2534 parte

210 2535 315 2580 pretii
339 2534 520 2580 praesenti
544 2533 601 2569 die
624 2534 763 2577 soluta,
788 2533 957 2570 defuncto
981 2533 1183 2577 venditore,
1216 2533 1298 2568 filiis

211 2581 286 2615 eius
310 2579 495 2625 pupillaris
519 2579 648 2615 aetatis
672 2583 708 2615 et
730 2579 806 2625 ipse
829 2582 927 2615 tutor
960 2589 1042 2614 cum
1073 2578 1151 2614 aliis
1184 2578 1299 2621 datus,

211 2635 324 2670 neque
356 2624 603 2660 eontutoribus
634 2625 787 2670 pretium
818 2624 1014 2660 secundum
1043 2625 1155 2669 legem
1178 2634 1300 2660 nume-

210 2671 302 2705 ravit
325 2680 391 2705 nec
415 2669 614 2705 rationibus
645 2670 779 2706 tutelae
810 2670 967 2705 rettulit:
1000 2670 1202 2715 quaesitum
1234 2673 1299 2712 est,

212 2726 258 2750 an
282 2715 383 2750 irrita
407 2715 538 2760 emptio
563 2715 662 2750 facta
687 2719 790 2751 esset.
828 2715 1012 2761 respondit
1035 2715 1232 2750 secundum
1257 2724 1301 2750 ea

215 2764 227 2794 1
280 2771 372 2805 quae
405 2764 688 2805 proponerentur
721 2760 937 2806 inemptam⁷
971 2759 1092 2795 videri.
1148 2760 1301 2805 Emptor

211 2805 439 2850 praediorum
472 2816 553 2840 cum
577 2806 821 2851 suspicaretur
843 2805 1049 2841 Numeriam
1074 2809 1110 2841 et
1133 2804 1299 2850 Sempro-

211 2850 306 2885 niam
331 2851 607 2886 controversiam
631 2855 809 2894 moturas,
841 2854 969 2896 pactus
993 2855 1049 2886 est
1073 2861 1155 2886 cum
1178 2850 1298 2886 vendi-

210 2900 308 2936 tore,
340 2899 380 2930 ut
412 2905 455 2930 ex
486 2896 600 2940 pretio
633 2896 753 2942 aliqua
784 2906 922 2931 summa
946 2895 1043 2941 apud
1066 2906 1105 2931 se
1128 2899 1298 2938 maneret,

211 2940 325 2975 donec
350 2941 499 2985 emptori
523 2941 711 2976 fideiussor
733 2941 879 2977 daretur
902 2952 924 2976 a
946 2941 1147 2976 venditore:
1172 2944 1301 2986 postea

211 2985 372 3021 venditor
395 2995 472 3020 eam
496 2986 607 3030 legem
630 2986 797 3030 inseruit,
828 2990 888 3029 ut,
921 2986 951 3022 si
975 2987 1045 3022 ex⁸
1067 2986 1124 3021 die
1147 2986 1300 3031 pecunia

211 3030 324 3066 omnis
348 3030 466 3065 soluta
489 3040 561 3065 non
586 3035 679 3066 esset
697 3035 733 3067 et
751 3031 914 3067 venditor
933 3041 976 3067 ea
1020 3031 1143 3067 raedia
1161 3031 1301 3067 venisse

211 3075 332 3118 nollet,
356 3075 536 3110 invendita
559 3081 694 3112 essent:
726 3077 862 3112 interea
892 3076 937 3112 de
967 3086 990 3112 a
1015 3076 1179 3112 versariis
1211 3076 1298 3112 alte-

211 3131 288 3156 ram
310 3120 490 3155 mulierem
514 3121 675 3157 venditor
698 3122 897 3167 superavit,
930 3132 1011 3157 cum
1043 3122 1158 3157 altera
1180 3125 1298 3157 trans·

212 3166 284 3218 egit
292 3165 318 3207 ⁹,
342 3166 394 3201 ita
417 3168 457 3199 ut
474 3165 550 3217 sine
571 3166 643 3201 ulla
663 3167 870 3211 quaestione
892 3171 1029 3212 emptor
1047 3166 1196 3220 praedia
1214 3176 1297 3212 pos-

211 3210 360 3247 sideret:
393 3215 591 3255 quaesitum
624 3216 696 3253 est,
729 3222 809 3247 cum
841 3221 957 3257 neque
979 3211 1168 3248 fidemssor
1191 3211 1298 3247 datus

212 3259 267 3292 est
296 3266 363 3291 nec
394 3255 508 3291 omnis
538 3256 691 3300 pecunia
722 3257 917 3292 secundum
940 3257 1051 3302 legem
1075 3257 1148 3292 suis
1173 3256 1297 3293 diebus

211 3301 330 3337 soluta
360 3300 425 3342 sit,
457 3309 503 3335 an
534 3301 681 3345 praedia
711 3301 891 3337 invendita
914 3302 996 3337 sint.
1032 3301 1235 3347 respondit,
1267 3301 1298 3337 si

211 3345 452 3387 convenisset,
485 3347 526 3380 ut
557 3355 630 3380 non
660 3346 758 3390 prius
789 3347 941 3391 pecunia
973 3347 1168 3382 solveretur
1191 3357 1297 3392 quam

209 3390 398 3427 fideiussor
420 3389 553 3425 venditi
576 3400 687 3426 causa
711 3391 856 3426 daretur
881 3402 946 3427 nec
969 3391 1007 3427 id
1029 3392 1166 3427 factum
1190 3395 1295 3433 esset,

211 3447 293 3472 cum
314 3446 380 3482 per
402 3439 596 3488 emptorem
619 3446 692 3487 non
715 3439 827 3471 staret
849 3447 919 3481 quo
943 3437 1059 3473 minus
1082 3436 1200 3480 fieret,
1224 3446 1296 3472 non

210 3491 317 3527 posse
338 3484 571 3527 posteriorem
593 3480 679 3525 legis
702 3485 839 3525 partem
864 3482 1030 3517 exerceri.

210 3597 251 3638 (ι)
275 3606 337 3629 ven
350 3596 386 3630 F
471 3596 515 3638 (2)
563 3594 678 3628 erinae
691 3593 743 3627 F²

212 3641 257 3681 (5)
283 3642 325 3674 tii
337 3642 373 3675 F
546 3643 576 3681 ο)
600 3639 810 3672 rescinditF

213 3687 257 3726 (8)
283 3696 322 3718 ea
334 3686 506 3729 Schultinq
597 3686 641 3723 (ο)
667 3684 895 3727 transegistF'

256 3732 315 3776 (ιο)
341 3730 413 3766 Sal>
437 3730 746 3772 1...103Ed.17.1s;
767 3729 961 3776 Pap.19.2o
1000 3750 1034 3754 -
1061 3731 1144 3765 Bas.
1159 3731 1214 3771 53,
1229 3737 1244 3765 7
1264 3737 1294 3765 a

834 3597 876 3636 (3)
902 3597 1003 3629 eosF
1089 3598 1132 3639 (4)
1157 3596 1300 3630 aliter-F

964 3643 1006 3683 (7)
1031 3642 1219 3685 inemptum
1229 3652 1292 3674 ser.

1296 97 1379 149 24⁰

1863 229 1968 271 V1¹⁰.

1403 295 1465 328 DE
1491 294 1718 330 PnachLo
1742 297 1802 331 ET
1825 296 2047 331 COMMODO
2069 296 2151 329 am
2178 295 2423 330 VENDITAE.

2147 116 2207 149 nr:
2235 116 2456 151 marcum
2471 96 2479 119 ²

1420 360 1439 398 1
1475 360 1671 399 Utmnvs
1707 363 1799 399 libro
1837 364 2002 399 vicesimo
2041 365 2166 398 octavo
2205 361 2256 397 ad
2285 360 2458 398 Sabinum
2522 372 2528 396 ·,

1371 405 1410 441 Si
1431 405 1551 442 vinum
1574 407 1755 443 venditum
1779 408 1917 444 acuerit
1938 407 1994 443 vel
2017 406 2102 452 quid
2124 406 2222 442 aliud
2244 406 2321 442 vitii
2351 407 2457 443 susti·
2492 436 2494 438 .
2517 442 2522 459 ÷

1371 451 1500 494 nuerit,
1515 453 1684 498 emptoris
1696 453 1764 488 erit
1775 453 1954 496 damnum,
1976 452 2272 498 quemadmodum
2291 451 2324 487 si
2341 451 2460 489 vinum

1372 500 1467 532 esset
1483 496 1634 533 effusum
1653 498 1709 534 vel
1725 499 1819 534 vasis
1839 498 1999 534 contusis
2015 497 2071 533 vel
2090 508 2161 550 qua
2181 497 2252 532 alia
2270 507 2315 532 ex
2337 507 2458 533 causa.
2494 506 2501 521 ³
2515 502 2521 511 ⁵

1371 541 1435 578 sed
1468 542 1499 577 si
1529 542 1692 579 venditor
1723 554 1762 579 se
1791 544 1949 590 periculo
1982 543 2152 585 subiec1t,
2186 542 2224 577 in
2254 541 2292 577 id
2320 545 2460 588 tempus
2517 542 2520 566 ῗ

1370 587 1568 667 ger-iculum
1591 588 1790 632 sustinebit,
1815 589 1935 634 quoad
1958 598 1997 624 se
2020 587 2190 623 subiecit:
2215 587 2312 640 quod
2334 588 2365 623 si
2388 598 2459 623 non
2496 601 2522 635 5'·

1397 632 1570 677 esignavit
1587 636 1739 679 tempus,
1754 638 1911 669 ‚eatenus
1930 632 2130 686 periculum
2149 636 2326 668 sustmere
2345 632 2461 677 debet,
2517 643 2520 647 ²

1371 677 1492 723 quoad
1516 677 1721 723 degustetur
1742 679 1882 722 vinum,
1905 678 2069 714 videlicet
2091 678 2195 723 quasi
2218 682 2306 713 tunc
2329 678 2460 723 plenis·
2495 718 2499 721 Α
2518 683 2521 685 ’

1371 723 1459 758 sime
1482 727 1626 766 veneat,
1651 734 1732 760 cum
1755 723 1865 760 fuerit
1886 723 2120 769 degustatum.
2157 726 2222 758 aut
2243 723 2350 768 igitur
2374 733 2458 759 con·

1370 768 1478 810 venit,
1498 768 1617 814 quoad
1635 770 1832 814 periculum
1852 769 1925 804 vini
1945 768 2131 811 sustineat,
2156 773 2192 803 et
2214 772 2362 803 eatenus
2383 778 2461 804 sus·
2499 796 2501 801 .
2520 803 2523 810 ,

1370 813 1514 856 tinebit,
1541 817 1606 849 aut
1628 824 1701 850 non
1725 815 1890 850 convenit
1913 818 1949 849 et
1970 824 2084 859 usque
2106 813 2153 848 ad
2177 813 2459 859 degustationem
2496 811 2528 842 ²2

1371 858 1572 894 sustinebit.
1617 859 1681 895 sed
1715 860 1746 895 si
1780 859 1938 895 nondum
1969 862 2054 894 sunt
2084 858 2290 903 degustata,
2323 858 2462 903 signata
2498 859 2499 862 ’
2523 893 2525 896 .

1370 907 1490 939 tamen
1513 904 1559 939 ab
1584 908 1743 951 emptore
1765 915 1852 940 vasa
1873 905 1929 940 vel
1952 904 2057 946 dolia,
2084 907 2342 949 consequenter
2365 903 2460 939 dice-
2521 903 2524 942 ᾖ

1371 959 1450 985 mus
1474 948 1593 985 adhuc
1615 950 1812 995 periculum
1845 960 1923 986 esse
1953 949 2166 991 venditoris,
2202 949 2270 984 nisi
2302 949 2332 984 si
2363 948 2461 984 aliud
2494 967 2496 971 >
2518 953 2525 966 ³

1375 997 1389 1029 1
1441 995 1615 1030 convenit.
1664 995 1735 1031 Sed
1766 999 1802 1031 et
1834 994 2030 1031 custodiam
2065 994 2112 1029 ad
2146 994 2238 1029 diem
2272 1003 2461 1030 mensurae
2515 1011 2520 1023 2

1931 1040 2114 1085 riusquam
2135 1040 2227 1075 enim
2248 1039 2462 1074 admetiatur
2495 1070 2498 1071 γ

1371 1085 1511 1128 vinum,
1545 1096 1610 1131 pro
1638 1096 1657 1121 e
1688 1086 1791 1139 quasi
1823 1097 1894 1122 non
1921 1096 1981 1122 um
2004 1085 2109 1121 venit.
2146 1088 2230 1130 post
2259 1094 2460 1120 mensuram
2520 1124 2522 1126 v

1372 1130 1506 1166 factam
1540 1141 1607 1166 ven
1635 1131 1733 1167 'tons
1769 1131 1899 1167 desinit
1933 1141 2012 1166 esse
2044 1130 2259 1176 periculum:
2303 1133 2340 1165 et
2380 1133 2463 1166 ante
2499 1138 2521 1179 “¹

1374 1186 1578 1211 mensuram
1601 1177 1760 1222 periculo
1794 1177 1983 1219 liberatur,
2018 1176 2048 1212 si
2080 1186 2151 1211 non
2183 1175 2230 1210 ad
2261 1185 2462 1211 mensuram
2508 1181 2519 1214 “,

1372 1221 1539 1263 vendidit,
1565 1221 1628 1257 sed
1650 1222 1744 1258 forte
1768 1223 1958 1267 amphoras
1981 1221 2036 1257 vel
2061 1221 2167 1256 etiam
2191 1220 2329 1266 singula
2354 1220 2459 1256 dolia.
2496 1231 2505 1243 f

1372 1039 1534 1075 venditor
1554 1044 1740 1086 praestare
1759 1041 1881 1076 debet:

1372 1268 1392 1301 2
1441 1266 1478 1301 Si
1502 1266 1636 1302 dolium
1662 1268 1837 1313 signatum
1861 1267 1908 1302 sit
1932 1267 1977 1302 ab
2002 1270 2171 1311 emptore,
2197 1265 2386 1301 Trebatius
2410 1265 2462 1301 ait

1371 1311 1542 1347 traditum
1564 1312 1601 1348 id
1620 1309 1748 1348 videri:
1773 1312 1895 1348 Labeo
1918 1315 2053 1354 contra,
2075 1311 2171 1357 quod
2194 1314 2229 1346 et
2247 1321 2369 1346 verum
2390 1314 2461 1347 est:

1371 1357 1482 1402 magis
1507 1357 1598 1392 enim
1623 1368 1668 1393 ne
1697 1362 1934 1393 summutetur
1948 1359 1993 1397 ¹¹,
2026 1356 2159 1402 signari
2189 1356 2322 1398 solere,
2354 1366 2460 1401 quam

1371 1405 1391 1438 3
1439 1406 1480 1437 ιιι
1500 1403 1670 1438 traditum
1684 1404 1711 1424 ¹²
1735 1403 1908 1439 videatur.
1930 1419 1932 1421 ·
1955 1403 2059 1438 Licet
2077 1407 2197 1437 autem
2216 1401 2390 1437 venditori
2407 1401 2462 1437 vel

1371 1447 1555 1483 effundere
1578 1449 1715 1492 vinum,
1747 1449 1778 1484 si
1809 1448 1902 1484 diem
1933 1447 1980 1483 ad
2011 1447 2227 1483 metiendum
2257 1446 2460 1492 praestituit
2507 1462 2516 1473 ’ψ

1371 1503 1437 1528 nec
1460 1493 1555 1528 intra
1578 1493 1669 1529 diem
1694 1494 1902 1530 admensum
1926 1497 1997 1529 est:
2030 1493 2211 1528 effundere
2240 1496 2360 1527 autem
2390 1502 2463 1527 non
2505 1527 2509 1529 .

1371 1538 1492 1574 statim
1515 1539 1664 1584 poterit,
1697 1540 1904 1585 priusquam
1927 1538 2093 1574 testando
2108 1538 2136 1560 ¹³
2159 1537 2342 1574 denuntiet
2366 1548 2461 1583 emp-

1371 1584 1452 1626 tori,
1476 1588 1518 1619 ut
1540 1588 1604 1620 aut
1626 1585 1730 1620 tollat
1752 1585 1871 1620 vinum
1896 1588 1959 1620 aut
1978 1585 2069 1620 sciat
2087 1583 2258 1625 futurum,
2283 1586 2324 1618 ut
2342 1582 2462 1618 vinum

1373 1629 1624 1665 effunderetur.
1670 1630 1701 1666 si
1731 1634 1870 1672 tamen,
1903 1641 1984 1665 cum
2014 1633 2137 1675 posset
2159 1627 2358 1671 effundere,
2390 1638 2462 1664 non

1373 1674 1518 1718 effudit,
1542 1674 1744 1711 laudandus
1769 1679 1823 1711 est
1845 1676 1982 1720 potius:
2016 1685 2059 1710 ea
2089 1679 2236 1720 propter
2265 1673 2462 1709 mercedem

1371 1730 1513 1765 quoque
1544 1720 1718 1756 doliorum
1732 1721 1759 1742 ¹⁴
1790 1724 1910 1773 potest
1941 1720 2099 1766 exigere,
2133 1719 2196 1755 sed
2227 1719 2279 1754 ita
2310 1718 2461 1761 demum,

1371 1765 1402 1800 si
1425 1765 1588 1800 interfuit
1611 1766 1686 1802 eius
1710 1766 1830 1802 inama
1847 1776 1926 1802 esse
1945 1775 2032 1801 vasa
2050 1765 2087 1800 in
2108 1765 2236 1818 quibus
2257 1764 2378 1799 vinum
2395 1763 2464 1799 fuit

1372 1810 1493 1852 (veluti
1516 1811 1547 1846 si
1569 1811 1752 1847 locaturus
1777 1821 1820 1847 ea
1842 1811 1982 1853 fuisset)
2013 1810 2069 1846 vel
2099 1821 2130 1846 si
2159 1819 2306 1845 necesse
2336 1808 2462 1844 habuit
2502 1816 2513 1847 >j

1372 1855 1443 1891 alia
1473 1856 1672 1892 conducere
1704 1856 1809 1893 dolia.
1847 1856 2065 1892 commodius
2089 1859 2144 1891 est
2167 1859 2287 1890 autem
2311 1853 2462 1890 conduci
2501 1855 2514 1902 -Jj

1371 1911 1458 1936 vasa
1477 1911 1544 1937 nec
1562 1901 1663 1937 reddi
1681 1902 1811 1945 vinum,
1832 1902 1900 1937 nisi
1920 1901 2044 1947 quanti
2067 1900 2279 1937 conduxerit
2298 1900 2343 1935 ab
2365 1910 2462 1945 emp-
2498 1904 2515 1940 ξ’

1371 1949 1451 1982 tore
1481 1946 1671 1990 reddatur,
1703 1951 1768 1983 aut
1790 1947 1942 1983 vendere
1965 1947 2083 1982 vinum
2107 1946 2203 1982 bona
2226 1944 2314 1980 fide:
2347 1944 2384 1980 id
2408 1947 2463 1980 est

1395 1996 1546 2027 uantum
1577 1992 1654 2028 sine
1683 1992 1796 2039 ipsius
1827 1992 2051 2028 incommodo
2074 1991 2151 2027 fieri
2174 1994 2293 2036 potest
2317 2000 2462 2036 operam
2503 2023 2511 2032 ,

1372 2003 1468 2080 gare,
1493 2041 1535 2072 ut
1558 2048 1665 2090 quam
1688 2038 1831 2073 minime
1855 2038 2066 2073 detrimento
2091 2037 2138 2072 sit
2162 2046 2204 2071 ea
2222 2046 2279 2072 res
2299 2035 2457 2081 emptori.
2501 2039 2510 2083 j

1371 2085 1392 2118 4
1440 2083 1478 2118 Si
1501 2083 1636 2119 dohare
1659 2083 1779 2119 vinum
1802 2084 1927 2119 emeris
1952 2093 2018 2118 nec
2039 2082 2083 2118 de
2103 2081 2277 2117 tradendo
2298 2091 2340 2116 eo
2363 2080 2460 2126 quic·
2503 2092 2506 2093 ⁷

1370 2138 1476 2173 quam
1501 2129 1715 2171 convenerit,
1740 2129 1776 2164 id
1799 2129 1909 2164 videri
1929 2132 2060 2170 actum,
2083 2131 2125 2163 ut
2143 2130 2228 2162 ante
2247 2136 2460 2162 evacuaren-

1369 2177 1429 2208 tur
1460 2183 1567 2218 quam
1599 2174 1646 2209 ad
1668 2174 1879 2210 vindemiam
1902 2183 2014 2219 opera
2038 2183 2160 2208 eorum
2182 2172 2306 2207 futura
2329 2172 2376 2207 sit
2399 2181 2460 2207 ne-

1371 2219 1546 2254 cessaria:
1570 2219 1666 2264 quod
1685 2220 1716 2255 si
1736 2230 1808 2255 non
1829 2220 1901 2255 sint
1919 2221 2103 2260 evacuata,
2127 2217 2341 2259 faciendum,
2365 2215 2462 2262 quod

1369 2267 1505 2299 veteres
1529 2268 1756 2309 putaverunt,
1781 2275 1845 2310 per
1869 2264 2014 2300 corbem
2027 2265 2054 2285 ¹⁵
2075 2263 2294 2299 venditorem
2317 2272 2458 2297 mensu-

1369 2319 1445 2344 ram
1477 2309 1598 2344 facere
1630 2313 1666 2344 et
1689 2309 1888 2345 effundere:
1921 2313 2058 2344 veteres
2089 2308 2183 2344 enim
2213 2307 2283 2343 hoc
2314 2310 2461 2352 propter

1369 2364 1572 2389 mensuram
1595 2358 1805 2397 suaserunt,
1830 2354 1871 2396 si,
1896 2357 2032 2399 quanta
2054 2363 2222 2389 mensura
2245 2356 2360 2395 esset,
2386 2362 2459 2387 non

1364 2402 1562 2443 appareat,
1593 2399 1758 2435 videlicet
1787 2403 1828 2435 ut
1858 2402 2066 2444 appareret,
2107 2402 2279 2444 quantum
2311 2397 2460 2443 emptori

1367 2443 1524 2489 perierit.

1415 2486 1441 2525 2
1469 2488 1593 2525 Gaws
1612 2489 1703 2526 libro
1726 2488 1885 2526 secundo
1909 2489 2190 2526 cottidianarum
2212 2499 2335 2524 rerum
2380 2488 2460 2524 Hoc

1368 2533 1420 2568 ita
1442 2544 1566 2569 verum
1589 2538 1662 2578 est,
1687 2534 1717 2570 si
1740 2534 1770 2569 is
1795 2539 1850 2570 est
1873 2534 2054 2576 venditor,
2087 2533 2145 2570 cui
2169 2533 2244 2569 sine
2268 2543 2361 2569 nova
2382 2533 2458 2568 vin-

1369 2579 1485 2615 demia
1508 2590 1580 2616 non
1603 2580 1675 2615 sint
1697 2580 1768 2615 ista
1790 2589 1877 2615 vasa
1902 2579 2120 2615 necessaria:
2154 2579 2185 2615 si
2216 2589 2299 2614 vero
2323 2588 2458 2614 merca-

1368 2628 1426 2660 tor
1450 2628 1514 2667 est,
1539 2625 1599 2670 qui
1624 2635 1740 2661 emere
1758 2625 1841 2660 vina
1859 2629 1894 2661 et
1912 2624 2064 2660 vendere
2084 2624 2185 2667 solet,
2210 2625 2240 2659 is
2260 2623 2335 2659 dies
2356 2633 2457 2669 spec-

1368 2669 1500 2705 tandus
1524 2674 1590 2712 est,
1616 2681 1686 2716 quo
1713 2680 1759 2706 ex
1782 2669 1968 2706 commodo
1992 2669 2184 2705 venditoris
2209 2669 2284 2705 tolli
2307 2669 2456 2714 possint.

1372 2718 1385 2749 1
1437 2714 1645 2751 Custodiam
1677 2719 1795 2751 autem
1829 2719 1913 2751 ante
1947 2715 2160 2750 admetiendi
2194 2714 2286 2750 diem
2318 2714 2457 2759 qualem

1393 2765 1554 2796 raestare
1578 2760 1796 2797 venditorem
1819 2763 2003 2806 oporteat,
2029 2764 2148 2795 utrum
2172 2760 2334 2805 plenam,
2358 2763 2399 2794 ut
2422 2762 2458 2794 et

1367 2771 1586 2850 {ingenuam
1609 2809 1778 2851 praestet,
1803 2815 1850 2841 an
1873 2816 1954 2841 vero
1973 2805 2094 2840 dolum
2115 2805 2312 2847 dumtaxat,
2337 2804 2456 2839 videa-

1367 2861 1459 2886 mus.
1494 2855 1532 2887 et
1562 2855 1650 2896 puto
1683 2861 1761 2886 eam
1793 2850 2007 2896 diligentiam
2037 2850 2257 2886 venditorem
2290 2849 2457 2886 exhibere

1368 2895 1515 2939 debere,
1547 2899 1590 2932 ut
1619 2896 1731 2932 fatale
1761 2895 1929 2932 damnum
1959 2896 2014 2931 vel
2048 2895 2101 2931 vis
2124 2905 2254 2941 magna
2277 2895 2324 2930 sit
2347 2905 2454 2930 excu-

1368 2944 1495 2976 satum.

1413 2983 1437 3023 3
1470 2985 1527 3021 ΡΑ
1535 2996 1631 3022 vsvs
1661 2985 1752 3022 libro
1788 2986 1913 3031 quinto
1946 2985 1996 3021 ad
2025 2985 2198 3021 Sabinum
2246 2985 2452 3020 Custodiam

2507 3033 2516 3040 ι
2504 3012 2518 3024 3¹
2500 2947 2528 2999 ³7.
2495 2882 2528 2938 1,,Ῥὲμῆ
2498 2768 2528 2860 :gfflqgg
2502 2748 2519 2760 ‘t
2498 2680 2514 2730 ,μή
2503 2642 2522 2662 Ὗ,
2510 2604 2527 2618 Δί

1367 3035 1487 3067 autem
1509 3031 1673 3067 venditor
1695 3031 1803 3066 talem
1825 3034 2008 3076 praestare
2023 3032 2051 3052 ¹⁶
2074 3030 2198 3073 debet,
2223 3040 2328 3076 quam
2351 3039 2453 3075 prae-

1366 3079 1465 3112 stant
1486 3076 1524 3112 hi
1547 3076 1677 3121 quibus
1701 3086 1758 3111 res
1784 3076 2008 3112 commodata
2031 3079 2103 3118 est,
2135 3079 2176 3110 ut
2190 3076 2215 3097 ¹⁷
2240 3075 2299 3110 dili
2325 3075 2455 3110 entiam

1365 3124 1524 3167 praestet
1546 3121 1774 3164 exactiorem,
1799 3131 1906 3166 quam
1928 3121 1965 3159 in
1991 3121 2064 3157 suis
2087 3121 2193 3156 rebus
2218 3120 2299 3156 adhi
2328 3123 2413 3155 eret.

1411 3165 1438 3203 4
1469 3165 1665 3202 ULPIANUS
1685 3166 1776 3202 libro
1799 3167 1964 3202 vicesimo
1988 3169 2113 3202 octavo
2137 3166 2188 3201 ad
2209 3165 2382 3201 Sabinum
2417 3164 2454 3200 Si
2507 3150 2528 3205 j?

1390 3212 1445 3247 uis
1468 3212 1550 3246 vina
1573 3211 1772 3247 vendiderit
1795 3215 1830 3246 et
1852 3211 1947 3246 intra
1966 3211 2058 3246 diem
2079 3214 2213 3246 certum
2233 3209 2454 3262 degustanda
2502 3209 2528 3253 g

1364 3300 1647 3346 degustarentur‚
1669 3306 1788 3337 utrum
1806 3301 2035 3346 praeteritum
2059 3265 2452 3345 dumtaxatlplgricnullnuffi

1954 3350 2112 3381 raestare
2135 3345 2259 3388 debet,
2292 3355 2338 3380 an
2368 3355 2451 3380 vero
2500 3370 2505 3385 -.

1427 3256 1511 3298 erit,
1542 3256 1670 3292 deinde
1698 3266 1763 3302 per
1792 3256 2009 3291 venditorem
2043 3255 2200 3298 steterit,

1363 3346 1480 3382 acoris
1505 3350 1541 3382 et
1564 3347 1721 3382 mucoris
1745 3346 1906 3382 venditor

1364 3391 1470 3427 etiam
1491 3391 1547 3427 die
1566 3391 1759 3436 praeterito
1785 3395 1848 3433 (ut,
1872 3390 1902 3426 si
1936 3394 2013 3426 orte
2033 3394 2200 3435 corrupta
2218 3391 2290 3426 sint
2308 3394 2449 3435 postea-
2502 3413 2512 3435 5

1363 3446 1469 3481 quam
1492 3436 1567 3472 dies
1591 3435 1804 3482 degustandi
1825 3435 2238 3487 praeteriia·periculum
2261 3434 2308 3471 ad
2330 3434 2450 3470 vendi·

1362 3485 1477 3517 torem
1510 3482 1721 3527 pertineat),
1755 3491 1803 3517 an
1833 3490 1916 3516 vero
1947 3490 2058 3526 magis
2089 3480 2221 3526 emptio
2253 3479 2300 3516 sit
2333 3479 2451 3516 soluta

1366 3597 1418 3636 19,
1432 3602 1459 3629 ο.
1472 3614 1517 3620 —-
1533 3596 1581 3640 CJ.
1601 3596 1680 3630 Cod.
1693 3596 1726 3636 4,
1740 3602 1776 3630 48

1364 3642 1422 3681 (12)
1447 3640 1576 3674 tradere
1589 3644 1661 3674 tum
1675 3640 1729 3674 F·

1363 3686 1422 3726 (1⁶)
1445 3695 1504 3718 eor
1515 3686 1592 3719 add.
1608 3684 1662 3719 Γ*

1819 3641 1877 3679 (18)
1902 3642 2024 3672 testato
2037 3639 2067 3673 S
2270 3638 2407 3671 oliorem
2419 3637 2454 3671 F

1761 3686 1822 3727 (ιο)
1845 3687 2049 3729 praestarem
2061 3684 2097 3718 F

2163 3640 2222 3682 (¹⁴)

1900 3597 1955 3635 (11)
1981 3597 2202 3627 commutetur
2216 3595 2250 3627 Β
2316 3594 2450 3628 erehoek
2498 3587 2501 3605 ³

2193 3688 2251 3726 (ιτ)
2275 3686 2310 3717 οι
2321 3681 2448 3718 inoffi
2498 3690 2502 3699 ²
