2528 3918
194 104 338 148 XVIII
368 106 449 147 6.7

194 228 319 265 scribit
341 226 491 272 emptori
512 226 634 271 potius
655 235 788 262 nocere
810 235 918 272 quam
940 225 1114 262 venditori
1143 235 1280 261 moram

193 272 399 314 adhibitam,
424 270 487 307 sed
504 270 695 307 videndum
714 274 779 314 est,
803 281 849 307 ne
866 271 1044 317 posterior
1062 280 1162 306 mora
1179 269 1278 306 dam-

194 328 284 354 nosa
316 317 349 353 ei
378 316 435 352 sit.
472 315 558 362 quid
580 315 673 351 enim
702 315 734 351 si
762 316 1032 362 interpellavero
1063 315 1280 351 venditorem

194 367 230 398 et
253 372 325 397 non
348 360 486 397 dederit
507 360 545 396 id
567 360 665 406 quod
687 370 859 404 emeram,
893 361 1021 396 deinde
1044 363 1169 406 postea
1191 359 1278 396 offe-

193 411 293 443 rente
315 406 376 441 illo
401 416 464 451 ego
488 415 561 441 non
584 406 809 451 acceperim?
844 416 932 442 sane
954 406 1024 441 hoc
1043 415 1131 441 casu
1148 414 1280 441 nocere

193 452 279 487 mihi
311 451 468 486 deberet.
515 450 580 486 sed
614 451 646 487 si
678 461 744 496 per
778 455 971 497 emptorem
1006 460 1107 486 mora
1140 449 1279 492 fuisset,

194 495 331 538 deinde,
355 506 436 531 cum
459 495 579 531 omnia
596 496 635 531 in
653 496 789 542 integro
809 500 939 538 essent,
963 495 1126 531 venditor
1143 505 1280 531 moram

192 540 405 584 adhibuerit,
429 551 511 576 cum
533 545 657 586 posset
678 550 718 576 se
737 541 928 584 exsolvere,
952 550 1104 586 aequum
1123 543 1178 576 est
1195 550 1279 586 pos-

192 586 358 622 teriorem
380 596 517 622 moram
539 585 714 622 venditori
737 596 876 622 nocere.

242 629 293 668 19
307 627 388 674 (18)
408 630 656 667 ΡΑΡΙΜΑΝυε
671 631 762 667 libro
775 632 879 666 tertio
892 640 1147 676 responsorum
1161 630 1171 650 ¹
1204 629 1279 664 Ha-

193 676 404 712 bitationum
435 675 604 712 oneribus
634 680 748 712 morte
777 676 985 711 libertorum
1007 674 1118 710 finitis
1143 678 1281 720 emptor

193 721 318 757 domus
350 721 396 757 ob
428 731 505 757 eain
535 731 682 757 causam
714 720 885 757 venditori
916 731 989 756 non
1019 719 1218 762 tenebitur,
1249 719 1280 755 si

193 766 283 802 nihil
306 765 405 802 aliud
428 766 604 810 convenit,
628 777 733 812 quam
756 769 797 801 ut
820 765 1060 801 habitationes
1084 764 1280 800 secundum

192 810 353 847 defuncti
382 811 601 847 voluntatem
632 822 739 856 super
794 811 920 846 retium
950 810 1087 846 libertis
1117 813 1279 855 praesta-

195 860 210 891 1
258 860 393 892 rentur.
439 857 535 892 Ante
557 856 711 902 pretium
734 866 773 891 so
789 859 890 891 utum
909 855 1053 891 dominii
1072 855 1280 901 quaestione

192 905 291 937 mota
313 901 467 947 pretium
485 911 541 937 em
567 906 624 937 tor
642 901 803 937 solvere²
825 911 898 936 non
922 904 1079 946 cogetur,
1103 900 1173 936 nisi
1191 900 1279 935 fide-

191 947 347 982 iussores
365 946 483 982 idonei
503 957 526 982 a
571 946 752 982 venditore
763 946 840 981 eius
853 945 1035 982 evictionis
1047 945 1243 981 offerantur
1252 945 1277 980 ⁴.

238 989 292 1030 20
318 989 399 1034 (19)
431 991 775 1027 Hmuoomvmws
796 991 886 1028 libro
909 991 1068 1027 seeundo
1091 991 1183 1026 iuris
1205 991 1279 1037 epi-

192 1040 370 1073 tomarum
418 1036 602 1072 Venditori
621 1036 651 1071 si
672 1039 811 1081 emptor
828 1036 866 1071 in
886 1036 1000 1081 pretio
1021 1035 1191 1072 solvendo
1203 1046 1279 1071 mo-

191 1092 270 1118 ram
292 1082 437 1125 fecerit,
469 1092 596 1117 usuras
620 1081 806 1116 dumtaxat
828 1081 1046 1127 praestabit,
1079 1092 1153 1117 non
1176 1091 1281 1117 omne

193 1127 356 1169 omnino,
381 1126 476 1179 quod
498 1126 661 1163 venditor
682 1137 782 1162 mora
804 1136 876 1162 non
898 1126 998 1161 facta
1021 1126 1192 1171 consequi
1214 1137 1279 1171 po-

192 1172 273 1214 tuit,
297 1172 404 1208 veluti
427 1171 458 1207 si
481 1172 678 1216 negotiator
700 1171 770 1206 fuit
793 1174 830 1207 et
851 1171 966 1216 pretio
986 1171 1104 1207 soluto
1125 1182 1169 1207 ex
1188 1182 1279 1207 mer-

193 1217 294 1253 cibus
318 1217 398 1263 plus
422 1226 529 1262 quam
551 1227 596 1252 ex
619 1216 738 1252 usuris
762 1227 933 1262 quaerere
954 1217 1082 1262 potuit.

676 1309 785 1348 VH‘.

195 1376 254 1409 DE
280 1375 440 1408 SERVIS
464 1374 806 1408 EXPORTANDIS:
831 1375 923 1408 VEL
949 1375 991 1408 SI
1014 1375 1090 1408 ITA
1115 1374 1278 1408 MANCI-

306 1420 420 1453 PIUM
444 1419 692 1454 ἺΕΝΙΕΒΙΤ6
715 1420 774 1453 UT
798 1420 1166 1453 MANUMITTATUR

583 1465 676 1498 VEL
701 1465 890 1498 CONTRA.

243 1531 260 1569 1
297 1531 492 1568 ULPIANUS
518 1532 610 1568 libro
642 1533 826 1578 triqesimo
857 1532 1014 1568 seeundo
1045 1532 1096 1568 ad
1125 1532 1280 1568 edietum

193 1577 255 1613 Si⁷
278 1577 386 1612 fuerit
409 1576 600 1613 distractus
623 1587 767 1621 servus,
798 1588 845 1613 ne
875 1577 994 1623 aliquo
1017 1577 1088 1613 loci
1110 1580 1279 1621 moretur,

192 1622 253 1668 qui
274 1621 432 1658 vendidit
452 1622 490 1657 in
514 1632 557 1658 ea
580 1622 789 1658 condicione
812 1626 878 1665 est,
901 1627 943 1658 ut
960 1622 1076 1668 possit
1092 1622 1205 1667 legem
1223 1633 1279 1658 re-

192 1667 351 1710 mittere,
386 1667 464 1712 ipse
494 1666 631 1703 Romae
660 1668 823 1703 retinere.
862 1667 959 1712 quod
993 1671 1030 1703 et
1058 1667 1280 1712 Papinianus

191 1712 281 1748 libro
304 1711 411 1748 tertio
434 1711 636 1757 respondit:
694 1716 816 1758 ropter
846 1712 979 1748 domini
1010 1712 1123 1756 enim,
1153 1713 1279 1758 inquit,

191 1758 420 1793 securitatem
444 1756 645 1793 custoditur
681 1767 735 1801 ex,
759 1768 806 1793 ne
827 1758 1026 1803 periculum
1048 1758 1176 1793 subeat
1186 1758 1209 1793 ⁸.

237 1800 264 1840 2
295 1801 533 1838 Mammam
559 1802 651 1838 libro
679 1803 837 1839 seeundo
860 1804 1092 1849 publicorum
1137 1802 1280 1848 Expor-

191 1847 324 1883 tandus
348 1847 379 1883 si
401 1847 548 1883 venierit
570 1847 616 1882 ab
639 1847 762 1890 Italia,
794 1848 831 1883 in
879 1847 1039 1883 rovincia
1060 1847 1193 1884 morari
1215 1858 1280 1894 po-

191 1896 274 1936 test,
298 1892 367 1928 nisi
390 1892 593 1938 specialiter
614 1892 833 1937 prohibitum
872 1893 975 1929 uerit.

238 1936 263 1976 3
296 1937 457 1973 vaws
491 1937 581 1973 libro
620 1938 921 1990 quinquaqesimo
960 1938 1011 1974 ad
1040 1937 1196 1974 edietum
1243 1937 1282 1973 Si

193 1984 271 2029 quis
295 1983 365 2018 hac
387 1982 464 2028 lege
485 1982 611 2025 veniit,
643 1988 685 2017 ut
714 1986 811 2018 intra
833 1988 971 2019 certum
993 1987 1132 2029 tempus
1154 1993 1280 2018 manu-

192 2028 373 2063 mittatur:
398 2027 429 2063 si
452 2037 525 2063 non
549 2027 596 2062 sit
618 2028 874 2071 manumissus,
905 2029 995 2064 liber
1017 2028 1076 2071 fit,
1108 2028 1140 2064 si
1162 2032 1282 2064 tamen

192 2073 308 2154 {lsisqui
316 2071 486 2153 lvquiaeit
507 2072 545 2108 in
568 2072 694 2153 eagem
713 2073 905 2154 ἔοῙυιιιαιεᾶ
927 2077 1146 2119 perseveret:
1178 2074 1280 2109 here-

271 2129 379 2154 voun
455 2128 491 2152 m
514 2128 587 2153 non
631 2128 689 2153 sse
732 2129 756 2152 x
781 2129 882 2154 uiren
907 2129 975 2154 am.

239 2162 266 2200 4
297 2162 538 2198 Manantes
568 2162 659 2198 libro
691 2129 856 2199 vicgeimo
891 2167 1023 2210 quarto
1058 2163 1279 2210 diqestorum

193 2208 232 2244 Si
254 2207 369 2244 minor
390 2207 512 2253 viginti
535 2208 639 2243 annis
662 2218 802 2244 servum
824 2208 891 2244 tibi
912 2209 951 2244 in
980 2209 1050 2245 hoc
1080 2208 1280 2244 vendiderit

193 2257 230 2289 et
251 2252 457 2296 tradiderit,
481 2256 522 2288 ut
545 2262 626 2288 eum
648 2253 933 2297 manumitteres,
957 2254 1089 2289 nullius
1112 2253 1280 2289 momenti

194 2302 248 2335 est
269 2298 434 2341 traditio,
459 2308 672 2343 quamquam
696 2308 739 2334 ea
761 2302 879 2334 mente
902 2299 1098 2341 tradiderit,
1122 2302 1174 2341 ut,
1200 2309 1280 2334 cum

193 2343 316 2389 viginti
338 2353 452 2379 annos
475 2343 552 2388 ipse
573 2343 760 2388 explesset,
784 2344 1068 2379 manumitteres:
1093 2354 1167 2379 non
1187 2344 1280 2379 enim

193 2390 344 2425 multum
364 2388 474 2431 facit,
506 2387 604 2440 quod
627 2388 765 2424 distulit
785 2389 961 2425 libertatis
1009 2389 1279 2425 raestationem:

193 2435 251 2470 lex
274 2434 407 2480 quippe
430 2433 576 2470 consilio
602 2433 676 2469 eius
700 2434 802 2479 quasi
827 2445 956 2480 pamm
1059 2444 1080 2470 ο
1103 2434 1245 2469 restitit.

239 2478 264 2516 5
289 2478 536 2514 examines
544 2478 635 2514 libro
647 2478 784 2514 decimo
797 2480 1049 2525 quaestionum
1084 2478 1151 2514 Cui
1171 2482 1278 2524 pacto

193 2523 385 2560 venditoris
408 2522 565 2568 pomerio
586 2523 776 2559 cuiuslibet
795 2524 947 2560 civitatis
965 2523 1196 2560 interdictum
1215 2526 1280 2566 est,

194 2570 291 2605 Urbe
322 2569 428 2604 etiam
457 2568 686 2604 interdictum
716 2578 795 2604 esse
824 2569 974 2605 videtur.
1012 2569 1109 2615 quod
1140 2568 1281 2614 quidem

194 2615 283 2650 alias
306 2625 388 2650 cuni
418 2613 618 2658 principum
648 2613 825 2650 mandatis
856 2615 1141 2660 praeciperetur,
1174 2614 1281 2650 etiam

195 2659 392 2695 naturalem
415 2658 525 2694 habet
546 2658 784 2702 intellectum,
816 2669 862 2695 ne
892 2660 1030 2696 scilicet
1059 2659 1121 2705 qui
1144 2663 1282 2695 careret

195 2704 402 2746 minoribus,
427 2703 592 2739 fruatur⁹
613 2704 818 2740 maioribus.

240 2747 266 2786 6
290 2748 396 2784 Imm
423 2748 514 2784 libro
545 2749 734 2785 vicensimo
765 2749 917 2796 septimo
947 2750 1198 2796 quaestionum
1244 2749 1282 2785 Si

194 2794 356 2830 venditor
379 2793 425 2829 ab
450 2796 606 2838 emptore
630 2794 780 2837 caverit,
811 2805 858 2830 ne
888 2804 993 2831 serva
1015 2795 1280 2831 manumittere-

194 2842 255 2874 tur
276 2848 364 2874 neve
386 2838 640 2883 prostituatur,
674 2842 710 2874 et
740 2839 861 2885 aliquo
891 2839 991 2876 facto
1024 2844 1150 2876 contra
1173 2850 1280 2885 quam

194 2883 313 2919 fuerat
335 2887 525 2928 exceptum
549 2884 732 2919 evincatur
754 2889 818 2920 aut
838 2885 952 2921 libera
968 2885 1158 2928 iudicetur,
1182 2888 1219 2921 et
1237 2895 1281 2921 ex

195 2928 369 2975 stipulatu
387 2938 504 2973 poena
521 2933 674 2973 petatur,
699 2929 771 2965 doli
789 2930 1034 2975 exceptionem
1052 2930 1196 2976 quidam
1215 2930 1280 2966 ob-

195 2977 371 3009 staturam
393 2976 533 3018 putant,
558 2973 711 3010 Sabinus
733 2985 806 3010 non
829 2975 1064 3011 obstaturam.
1100 2975 1164 3011 sed
1187 2975 1279 3011 ratio

193 3017 322 3061 faciet,
345 3020 387 3053 nt
407 3018 483 3053 iure
506 3029 577 3053 non
600 3022 721 3054 teneat
744 3019 947 3072 stipulatio,
970 3020 1002 3056 si
1024 3030 1070 3057 ne
1091 3020 1280 3056 manumit-

194 3066 349 3116 teretur·
362 3065 549 3115 exceptum
579 3068 652 3099 est:
685 3074 768 3100 nam
798 3065 1006 3101 incredibile
1036 3069 1093 3102 est
1122 3066 1166 3102 de
1196 3069 1282 3101 actu

194 3110 474 3144 manumittentis
504 3117 548 3143 ac
578 3119 650 3144 non
673 3109 792 3154 potius
815 3110 860 3146 de
882 3110 1011 3147 effectu
1034 3110 1198 3147 beneficii
1220 3121 1280 3147 co-

194 3153 356 3199 gitatum.
401 3155 557 3189 ceterum
590 3153 621 3189 si
651 3164 697 3190 ne
725 3155 964 3199 prostituatur
994 3159 1184 3202 exceptum
1215 3160 1279 3199 est,

196 3315 238 3356 (1)
265 3317 282 3353 5
296 3321 310 3348 i
321 3328 367 3343 —
385 3312 459 3347 Vat.
473 3317 506 3347 22
575 3314 619 3354 (2)
643 3311 781 3354 solvere]
795 3314 973 3347 restituere
992 3314 1067 3349 Vae.
1138 3315 1180 3355 (8)
1206 3314 1278 3346 ido-

197 3368 260 3392 nea
271 3358 307 3392 F
392 3359 435 3399 (4)
459 3357 529 3389 nisi
538 3380 561 3389 ..
576 3380 584 3388 .
594 3357 791 3398 offerantur]
805 3359 936 3392 tametsi
948 3359 1092 3392 maxime
1104 3358 1278 3392 fideiusso-

196 3414 247 3437 res
266 3402 446 3436 evictionis
464 3402 656 3442 offerantur,
676 3413 750 3435 cum
765 3403 923 3445 ignorans
936 3403 1107 3446 possidere
1118 3403 1277 3446 coeperit.

196 3459 273 3481 nam
287 3447 450 3490 usucapio
461 3446 588 3480 frustra
596 3446 820 3489 complebitur
832 3449 1018 3491 anticipata
1029 3448 1091 3482 lite
1103 3459 1165 3482 neo
1176 3459 1278 3492 opor-

197 3496 246 3526 tet
257 3492 436 3526 evictionis
447 3491 661 3525 securitatem
674 3494 847 3535 praestari,
862 3504 936 3526 cum
950 3494 986 3526 in
999 3493 1074 3537 ipso
1086 3497 1278 3528 contractus

197 3538 314 3571 limine
325 3537 469 3570 dominii
482 3535 670 3579 periculum
683 3537 858 3570 immineat
877 3539 952 3571 Vae.

242 3585 286 3624 (ὅ)
311 3583 393 3617 Sub.
406 3590 430 3617 1.
445 3589 481 3622 Ξῖ
493 3580 560 3616 Ed.
573 3587 599 3617 8.
615 3588 651 3622 ⁴3
663 3581 748 3625 Pap.
763 3589 834 3616 5...9
844 3592 853 3622 ς
865 3583 954 3626 App.
967 3590 1010 3617 10.
1022 3601 1068 3608 —
1080 3583 1166 3617 Bas.
1182 3584 1235 3623 19,
1249 3590 1276 3615 ⁶¹.

196 3646 241 3653 .-
257 3628 306 3672 qs,
325 3628 401 3661 Cod.
416 3628 448 3667 4,
459 3635 506 3661 55.
519 3634 552 3661 ⁶7
669 3627 715 3667 (e)
739 3629 857 3658 veneat
870 3628 936 3660 ind.
951 3628 985 3660 F
1087 3629 1130 3668 (7)
1155 3627 1205 3661 sic
1217 3628 1276 3662 ins.

197 3674 241 3713 (8)
266 3673 347 3714 Pap.
360 3671 385 3706 l.
398 3672 449 3704 111
464 3681 551 3713 resp.
582 3670 708 3703 Mulier
718 3680 846 3703 servam
859 3681 898 3703 ea
910 3671 983 3714 lege
994 3672 1158 3713 vendidit,
1178 3675 1227 3712 iit,
1248 3672 1277 3705 si

197 3716 337 3750 redisset
349 3718 385 3749 in
406 3727 477 3749 eam
495 3716 678 3758 civitatem,
698 3715 788 3749 unde
806 3715 937 3759 placuit
955 3718 1135 3759 exportari,
1158 3727 1276 3750 manus

1263 100 1349 147 242

1348 224 1447 260 nulla
1468 223 1560 261 ratio
1584 225 1759 269 occurrit,
1791 235 1857 262 cur
1886 225 2176 306 i’ff’fflmffissflsst
2195 225 2432 306 3ωὲἕέιὲἓέοὲ
2475 239 2484 278 s
2516 249 2523 291 ἱ.

1349 269 1496 312 debeat,
1535 279 1617 305 cum
1648 273 1684 306 et
1714 270 1879 306 ancillam

1842 114 1904 145 Dii
1933 113 2086 146 suavis
2114 100 2446 146 Exroirrntms

1348 314 1541 350 venditoris
1564 314 1807 358 affectionem,
1839 314 1933 350 forte
1955 315 2061 350 simul
2084 319 2120 351 et
2132 316 2160 337 ¹²
2182 315 2432 352 verecundiam
2487 331 2490 335 ·

1347 359 1506 394 laeserit:
1532 359 1661 395 etenim
1684 359 1773 395 alias
1791 363 1929 396 remota
1948 370 2089 413 quoque
2107 360 2336 406 stipulatione
2354 361 2431 406 pla·
2490 398 2491 401 ,
2523 358 2525 362 ”

1349 403 1423 439 cuit
1446 414 1491 439 ex
1512 403 1654 440 vendito
1678 414 1757 441 esse
1779 405 1965 447 actionem,
1990 415 2020 440 si
2044 404 2129 450 quid
2148 409 2286 450 emptor
2307 409 2433 441 contra

1349 459 1456 494 quam
1486 449 1564 494 lege
1593 449 1805 485 venditionis
1839 453 1983 485 cautum
2015 455 2069 485 est
2099 449 2245 486 fecisset
2275 454 2340 485 aut
2360 461 2433 487 non

1352 499 1366 528 1
1415 493 1572 530 fecisset.
1618 493 1731 531 Nobis
1762 495 1954 540 aliquando
1987 494 2154 539 placebat
2182 505 2254 531 non
2277 495 2366 531 alias
2389 505 2432 531 ex
2484 486 2517 498 '¹

1348 538 1489 575 vendito
1499 542 1818 592 propter-poenam
1830 540 1857 562 ¹³
1874 540 2009 575 homini
2026 540 2220 592 irrogatam
2240 540 2298 585 agi
2315 550 2432 586 posse,
2502 542 2515 554 ”

1349 594 1455 629 quam
1478 594 1510 619 si
1532 593 1704 629 pecumae
1726 585 1865 621 ratione
1888 585 2080 620 venditoris
2102 588 2301 627 interesset,
2325 586 2434 621 veluti

1349 628 1485 674 qu0d¹⁴
1508 638 1661 674 poenam
1684 630 1923 675 promisisset:
1956 633 2114 665 ceterum
2143 629 2218 666 viro
2242 630 2337 666 bono
2361 641 2434 666 non

1350 673 1538 709 convenire
1569 674 1713 710 credere
1744 674 1937 710 venditoris
1969 674 2161 717 interesse,
2192 675 2286 720 quod
2317 675 2433 711 animo

1349 719 1537 754 saevientis
1560 718 1785 755 satisfactum
1808 730 1881 755 non
1903 719 2040 755 fuisset.
2073 719 2137 755 sed
2155 719 2192 754 in
2216 720 2434 755 contrarium
2496 724 2498 726 '

1348 774 1405 799 me
1429 767 1533 799 vocat
1555 763 1678 799 Sabini
1701 764 1890 807 sententia,
1915 764 1976 816 qui
1998 764 2132 800 utiliter
2155 765 2212 810 agi
2234 764 2312 800 ideo
2337 765 2433 800 arbi-
2486 795 2489 798 .
2507 769 2519 803 ζ

1348 812 1465 889 tii-attus
1496 812 1569 852 est,
1604 809 1773 854 quoniam
1803 809 1872 845 hoc
1903 809 2049 845 minoris
2079 809 2185 845 homo
2216 810 2354 846 venisse
2384 810 2433 846 vi-

1374 864 1416 890 ea
1433 865 1486 890 ur.

1394 896 1419 936 7
1443 899 1551 934 IDEM
1570 899 1662 935 libro
1685 899 1821 935 decimo
1845 899 2094 944 quaestionum
2140 898 2270 935 Servus
2294 910 2337 935 ea
2358 899 2435 945 lege
2484 904 2486 907 “
2516 902 2518 905 “

1348 944 1467 986 veniit,
1492 954 1537 980 ne
1560 944 1598 979 in
1620 943 1725 979 Italia
1746 947 1858 979 esset:
1884 943 1980 989 quod
1999 943 2030 979 si
2049 944 2153 980 aliter
2169 943 2307 979 factum
2329 949 2434 987 esset,
2495 939 2519 952 ³

2079 999 2205 1025 cenam
2235 993 2437 1034 praestaret

1349 1038 1496 1080 emptor.
1532 1034 1592 1070 vix
1615 1038 1679 1077 est,
1703 1038 1746 1069 ut
1769 1045 1810 1070 eo
1834 1035 1977 1070 nomine
1996 1034 2055 1070 vin
2082 1034 2174 1071 ‘ctae
2192 1034 2332 1070 ratione
2350 1044 2434 1070 veii-
2493 1058 2508 1078 ς

1346 1078 1443 1115 ditor
1474 1089 1580 1125 agere
1602 1079 1734 1125 possit,
1766 1083 1913 1115 acturus
1943 1079 2094 1122 utiliter,
2129 1080 2160 1115 si
2191 1090 2263 1115 non
2293 1084 2435 1116 servata
2492 1087 2516 1116 ⁶:

1347 1125 1426 1171 lege
1458 1125 1497 1160 in
1528 1135 1681 1170 poenam
1711 1135 1818 1170 quam
1849 1125 1910 1159 alii
1943 1124 2106 1170 promisit
2135 1124 2308 1160 inciderit.
2352 1125 2436 1160 huic
2497 1124 2504 1150 ἑ

1349 1179 1572 1215 consequens
1595 1170 1680 1212 erit,
1705 1174 1746 1206 ut
1768 1170 1942 1205 hactenus
1966 1179 2072 1215 agere
2095 1170 2227 1215 possit,
2259 1173 2435 1215 quatenus
2484 1171 2486 1174 ’

1348 1215 1410 1251 alii
1431 1218 1617 1260 praestare
1640 1215 1797 1260 cogitur:
1823 1214 1993 1260 quidquid
2016 1215 2109 1250 enim
2132 1214 2282 1258 excedit,
2306 1225 2433 1260 poena,
2488 1219 2490 1221 '

1348 1271 1421 1296 non
1451 1260 1505 1296 rei
1534 1260 1738 1305 persecutio
1771 1263 1835 1296 est.
1873 1259 1969 1305 quod
2000 1259 2050 1303 si,
2084 1270 2129 1295 ne
2159 1270 2297 1305 poenae
2327 1270 2437 1296 causa
2487 1281 2491 1304 3
2517 1277 2522 1286 ·

1349 1309 1607 1351 exportaretur,
1632 1305 1808 1348 convenit,
1833 1305 1941 1340 etiam
1964 1305 2163 1341 affectionis
2182 1305 2322 1341 ratione
2339 1309 2437 1341 recte
2488 1307 2512 1321 ·”

1348 1355 1484 1396 agetur.
1529 1361 1596 1387 nec
1625 1350 1791 1386 videntur
1820 1350 1911 1386 haec
1942 1350 2036 1385 inter
2066 1360 2105 1386 se
2136 1351 2317 1386 contraria
2347 1360 2436 1403 esse,
2489 1380 2493 1382 ,

1350 989 1516 1026 convenit
1547 989 1638 1025 citra
1668 989 1952 1035 stipulationem,
1983 993 2025 1024 ut

1348 1407 1429 1432 cum
1451 1396 1624 1432 beneficio
1649 1395 1757 1431 adfici
1774 1395 1954 1431 hominem
1972 1395 2113 1431 intersit
2131 1395 2301 1431 hominis:
2327 1406 2436 1431 enim-

1347 1451 1593 1522 verqilpotenae
1615 1452 1688 1477 non
1710 1441 1894 1486 inrogatae
1916 1440 2111 1486 indignatio
2135 1441 2249 1476 solam
2269 1440 2435 1476 duritiam

1349 1497 1417 1522 con
1473 1497 1492 1522 e
1513 1512 1520 1521 .

1395 1528 1420 1570 8
1444 1531 1552 1567 IDEM
1570 1531 1662 1567 libro
1682 1531 1848 1566 vicesimo
1867 1531 2019 1577 septimo
2037 1532 2287 1576 quaestionum
2322 1530 2436 1575 Quae·
2490 1548 2491 1551 =
2511 1523 2521 1554 ‘3'

2515 1586 2519 1598 ‚

1348 1577 1455 1612 situm
1480 1580 1553 1619 est,
1578 1577 1608 1612 si
1632 1576 1710 1621 quis
1734 1575 1918 1621 proprium
1942 1586 2081 1611 servum
2103 1576 2318 1612 vendidisset
2340 1580 2375 1612 et
2397 1580 2437 1612 ut

1347 1621 1653 1658 manumitteretur
1674 1621 1770 1656 intra
1793 1625 1930 1656 certum
1951 1625 2091 1666 tempus
2122 1622 2363 1674 praecepisset
2393 1631 2437 1657 ac

1348 1671 1477 1713 postea
1506 1670 1680 1702 mutasset
1709 1666 1928 1702 voluntatem
1960 1670 1996 1702 et
2029 1670 2166 1711 emptor
2188 1667 2297 1703 nihilo
2321 1667 2436 1702 minus
2488 1700 2490 1702 ,
2513 1663 2516 1698 ἶ

1348 1712 1620 1755 manumisisset,
1644 1722 1692 1747 an
1715 1711 1869 1756 aliquam
1893 1721 1935 1747 eo
1959 1711 2101 1746 nomine
2123 1712 2302 1747 actionem
2324 1712 2436 1747 habe-

1348 1761 1414 1793 ret.
1452 1758 1524 1792 dixi
1548 1767 1592 1792 ex
1621 1756 1764 1792 vendito
1797 1757 1974 1792 actionem
2004 1756 2220 1792 manumisso
2252 1767 2352 1793 servo
2382 1756 2437 1792 vel

1349 1806 1488 1838 mutata
1510 1801 1701 1838 venditoris
1724 1801 1908 1837 voluntate
1931 1801 2126 1837 evanuisse.

1397 1845 1423 1885 9
1455 1847 1615 1883 PAULvs
1642 1846 1732 1883 libro
1764 1847 1889 1892 quinto
1922 1847 2171 1892 quaestionum
2217 1847 2332 1882 Titius
2363 1856 2436 1881 ser-

1349 1904 1431 1928 vum
1455 1892 1612 1928 vendidit
1643 1901 1686 1927 ea
1715 1891 1812 1937 lege,
1844 1895 1903 1934 ut,
1935 1891 1966 1926 si
1991 1890 2127 1927 Romae
2149 1895 2308 1927 moratus
2333 1895 2436 1934 esset,

1349 1948 1476 1973 manus
1491 1937 1623 1973 inicere
1636 1937 1778 1972 liceret:
1796 1940 1934 1982 emptor
1949 1936 2009 1971 alii
2025 1936 2148 1972 eadem
2167 1937 2244 1982 lege
2261 1936 2435 1972 vendidit:

1350 1993 1471 2019 servus
1502 1982 1594 2027 fugit
1624 1993 1648 2017 a
1678 1982 1836 2018 secundo
1861 1985 2021 2027 emptore
2044 1986 2081 2017 et
2102 1981 2238 2018 Romae
2260 1986 2434 2017 moratur:

1375 2038 1496 2070 uaero,
1529 2038 1576 2063 an
1607 2027 1655 2063 sit
1684 2037 1810 2062 manus
1840 2026 1983 2062 iniectio
2007 2029 2044 2061 et
2067 2026 2136 2062 cui.
2180 2027 2364 2072 respondi:
2400 2027 2437 2061 in

1366 2074 1496 2119 ugitivo
1510 2074 1538 2094 ¹⁵
1572 2083 1645 2108 non
1680 2076 1735 2108 est
1770 2071 2003 2107 dubitandum
2037 2072 2125 2107 nihil
2159 2077 2286 2107 contra
2326 2072 2437 2117 legem

1348 2118 1485 2154 factum
1508 2118 1628 2161 videri,
1654 2118 1738 2163 quia
1761 2127 1827 2152 nec
1851 2116 1992 2152 domino
2017 2116 2158 2152 auferre
2177 2127 2216 2152 se
2233 2121 2353 2162 potest
2371 2127 2437 2152 nec

1349 2164 1449 2209 qui¹⁶
1470 2164 1508 2198 in
1530 2163 1615 2208 fuga
1639 2166 1695 2198 est
1715 2163 1766 2198 ibi
1788 2166 1957 2197 moratur.
1993 2162 2089 2207 quod
2120 2162 2149 2197 si
2182 2172 2227 2198 ex
2255 2162 2437 2198 voluntate

1349 2208 1497 2245 secundi
1528 2208 1696 2253 emptoris
1730 2212 1856 2243 contra
1886 2207 1998 2252 legem
2028 2211 2187 2243 moratus
2219 2206 2285 2250 sit,
2319 2207 2438 2253 potior

1348 2253 1535 2290 habendus
1559 2257 1614 2289 est
1637 2253 1698 2298 qui
1720 2256 1847 2288 auctor
1865 2252 1934 2288 fuit
1951 2252 2049 2297 legis,
2074 2256 2110 2288 et
2127 2252 2306 2297 posterior
2326 2251 2436 2297 magis

1349 2298 1562 2334 admonendi
1595 2298 1766 2343 emptoris
1800 2302 1836 2333 et
1865 2297 2040 2332 liberandi
2071 2307 2111 2332 se
2144 2297 2294 2332 eandem
2326 2297 2436 2342 legem

1348 2343 1530 2397 repetierit
1542 2345 1568 2365 ¹⁷
1591 2353 1658 2378 nec
1689 2342 1820 2388 poterit
1850 2342 1968 2387 aliquo
1993 2342 2097 2378 modo
2122 2342 2305 2378 auferre¹⁸
2326 2342 2436 2387 legem

1349 2400 1405 2430 sui
1427 2388 1620 2424 venditoris
1645 2389 1747 2424 cuius
1772 2387 1934 2423 condicio
1959 2387 2110 2422 exstitit:
2136 2397 2217 2422 nam
2241 2390 2277 2423 et
2299 2387 2330 2423 si
2350 2397 2434 2432 poe-

1349 2445 1431 2470 nam
1453 2433 1685 2479 promisisset,
1709 2437 1860 2475 tenetur,
1883 2432 1968 2467 licet
1989 2432 2066 2478 ipse
2085 2442 2225 2478 quoque
2245 2432 2436 2477 stipulatus

1350 2483 1461 2515 esset:
1503 2478 1566 2514 sed
1596 2479 1634 2513 in
1662 2489 1782 2531 poena
1811 2478 1987 2523 promissa
2021 2477 2114 2513 duae
2148 2478 2307 2513 actiones
2340 2481 2434 2520 sunt,

1351 2534 1478 2560 manus
1509 2527 1628 2559 autem
1659 2523 1804 2559 iniectio
1835 2523 1874 2559 in
1906 2533 2044 2559 servum
2077 2522 2254 2568 competit.
2289 2522 2383 2568 quod
2406 2522 2436 2558 si

1349 2570 1447 2615 prior
1468 2569 1520 2604 ita
1543 2568 1719 2611 vendidit,
1751 2572 1792 2604 ut
1821 2568 2016 2613 prostituta
2045 2567 2157 2603 libera
2181 2571 2292 2610 esset,
2316 2571 2435 2612 poste-

1349 2615 1433 2658 rior,
1453 2618 1494 2649 ut
1505 2624 1630 2649 manus
1651 2614 1782 2650 inicere
1799 2614 1934 2656 liceret,
1953 2612 2072 2658 potior
2091 2616 2146 2648 est
2164 2613 2310 2648 libertas
2330 2623 2436 2658 quam

1349 2670 1476 2696 manus
1499 2659 1653 2695 iniectio.
1696 2659 1804 2711 plane
1826 2660 1855 2695 si
1879 2659 1976 2704 prior
1998 2658 2055 2693 lex
2077 2668 2203 2694 manus
2226 2658 2360 2693 habeat
2381 2657 2434 2692 in-

1348 2705 1547 2746 iectionem,
1572 2708 1749 2749 posterior
1771 2704 1981 2745 libertatem,
2005 2702 2236 2739 favorabilius
2249 2703 2278 2724 ¹⁹
2300 2702 2437 2738 dicetur

1349 2750 1497 2786 liberam
1519 2749 1608 2791 fore,
1634 2749 1801 2794 quoniam
1821 2753 1974 2794 utraque
1993 2747 2154 2783 condicio
2174 2758 2239 2793 pro
2258 2747 2434 2792 mancipio

1349 2795 1493 2831 additur
1516 2798 1552 2831 et
1583 2795 1677 2830 sicut
1707 2805 1833 2829 manus
1864 2793 2025 2835 iniectio,
2057 2793 2108 2828 ita
2138 2793 2284 2828 libertas
2315 2792 2436 2828 eximit

1350 2851 1428 2876 eain
1449 2840 1616 2876 iniuriam
1625 2840 1668 2874 ²⁰.

1398 2884 1448 2924 10
1473 2884 1677 2920 SOAEVOLA
1697 2884 1788 2920 libro
1806 2894 1845 2918 se
1873 2884 1957 2919 timo
1977 2883 2196 2929 diqestorum
2243 2882 2331 2918 Cum
2349 2893 2433 2918 ven-

1350 2930 1451 2966 deret
1471 2930 1695 2975 Pamphilam
1718 2932 1755 2963 et
1777 2927 1851 2963 Stic
1878 2939 1948 2971 um,
1973 2928 2166 2964 venditioni
2182 2928 2331 2963 inseruit
2348 2937 2433 2972 pac-

1349 2979 1426 3011 tum
1450 2978 1674 3017 conventum,
1698 2973 1752 3009 uti
1775 2983 1821 3008 ne
1843 2973 1968 3008 eadem
1991 2973 2168 3018 mancipia
2189 2972 2376 3018 Pamphila
2399 2975 2435 3008 et
2490 2995 2492 3000 ·
2518 2990 2528 3022 ,⁴

1350 3020 1505 3063 Stichus,
1529 3029 1619 3065 quos
1638 3019 1815 3054 minorato
1835 3019 1948 3063 pretio
1967 3018 2135 3061 vendidit,
2159 3018 2305 3053 alterius
2325 3017 2433 3053 servi·
2496 3027 2528 3059 ῃ

1348 3069 1462 3101 tutem
1496 3074 1603 3110 quam
1626 3063 1697 3099 Seii
1720 3067 1930 3109 paterentur
1954 3067 2036 3108 post
2057 3066 2276 3108 mortemque
2299 3063 2374 3098 eius
2396 3062 2434 3097 in

1347 3111 1512 3146 libertate
1533 3113 1775 3146 morarentur:
1800 3109 1999 3154 quaesitum
2022 3112 2094 3151 est,
2117 3118 2165 3143 an
2188 3108 2277 3143 haec
2300 3106 2432 3143 manci-
2494 3138 2496 3147 ι

1348 3155 1428 3202 pia,
1459 3154 1505 3190 de
1534 3154 1664 3200 quibus
1694 3154 1787 3189 inter
1817 3156 2011 3199 emptorem
2042 3157 2079 3188 et
2107 3152 2323 3188 venditorem
2347 3162 2431 3188 con·
2496 3174 2497 3177 =

1348 3312 1489 3346 iniectio
1500 3314 1588 3345 esset
1597 3336 1604 3344 .
1615 3338 1624 3347 .
1634 3336 1644 3346 .
1664 3312 1759 3350 Quae
1778 3311 1933 3345 vendidit
1945 3312 1975 3344 si
1987 3321 2121 3343 manum
2134 3310 2292 3343 iniecerit
2303 3319 2374 3343 non
2388 3309 2432 3342 li-

1347 3358 1492 3397 beratae,
1504 3357 1710 3400 mancipium
1722 3359 1866 3391 retinere
1878 3356 2004 3399 poterit
2015 3366 2054 3389 ac
2063 3356 2315 3389 manumittere:
2329 3354 2431 3389 adimi

1348 3403 1474 3446 quippe
1486 3401 1678 3435 libertatem
1697 3405 1732 3435 et
1743 3401 1879 3444 publice
1896 3401 2124 3434 venditionem
2143 3401 2193 3433 ita
2211 3400 2283 3433 fieri
2303 3399 2433 3442 placuit
2488 3390 2494 3442 'j

1346 3450 1485 3491 propter
1496 3448 1649 3490 pericula
1660 3447 1884 3486 venditorum,
1906 3446 1964 3489 qui
1984 3445 2036 3479 vel
2050 3449 2234 3480 metuentes
2246 3445 2349 3478 servis
2361 3445 2432 3477 suis

1346 3493 1506 3525 offensam
1526 3491 1580 3525 vel
1592 3492 1754 3526 duritiam
1766 3494 1909 3535 possunt
1921 3490 2125 3534 paenitendo
2137 3490 2306 3523 remittere
2325 3489 2399 3523 Vat.
2413 3495 2431 3523 ο
2490 3515 2492 3518 .

1346 3537 1391 3580 (9)
1416 3537 1546 3570 fruetur
1556 3537 1612 3570 F²
1702 3539 1762 3580 (io)
1788 3536 1842 3569 exi
1854 3536 1889 3569 F
1964 3537 2020 3578 (ii)
2043 3534 2169 3568 aneilla
2181 3534 2215 3567 F
2287 3536 2347 3575 (12)
2370 3533 2430 3566 sit·
2486 3539 2493 3543 '

1345 3581 1435 3615 mule
1446 3581 1481 3615 1⁵⁴
1568 3584 1628 3624 (1³)
1653 3592 1762 3626 poena
1772 3581 1808 3614 F
1904 3582 1962 3622 (14)
1986 3581 2035 3614 sie
2044 3580 2083 3620 S,
2097 3579 2179 3621 quia
2193 3579 2304 3619 Tuan,
2318 3589 2392 3620 qu·-
2401 3577 2435 3611 F
2494 3590 2495 3594 ¹

1346 3627 1406 3669 (15)
1429 3626 1588 3670 fngitimo
1598 3628 1637 3660 F
1733 3628 1795 3668 (ιο)
1820 3636 1878 3659 nec
1893 3626 1965 3668 qui]
1979 3635 2041 3658 nec
2053 3624 2113 3657 ubi
2125 3637 2188 3658 scr.
2297 3624 2354 3664 (¹7)
2378 3632 2430 3655 re·

1345 3671 1448 3714 petiit
1458 3684 1520 3706 ser.
1590 3673 1654 3714 (18)
1666 3671 1796 3705 anferre
1807 3671 1842 3704 F
1905 3673 1964 3711 (1⁹)
1987 3669 2185 3702 sabomilius
2197 3668 2231 3701 F
2293 3670 2357 3710 (20)
2377 3667 2429 3700 iii·

1345 3717 1436 3750 iuria
1447 3717 1600 3751 Breuem.
