2528 3918
180 105 445 155 XXXflssi

180 227 295 270 dedit,
334 237 440 272 quam
471 227 569 273 apud
597 227 631 263 E
657 228 803 265 ictetum
834 232 871 265 et
901 229 1087 265 Callistum
1115 229 1267 266 libertos

181 283 259 308 esse
281 272 410 315 voluit,
443 277 502 316 ut,
536 284 616 308 cum
655 274 749 309 uerit
770 274 925 310 Basilice
947 285 1121 310 annorum
1144 274 1267 320 viginti

180 318 350 363 quinque,
379 328 459 352 cum
483 318 601 354 usuris
625 319 884 364 quincuncibus
908 320 1181 355 restituerentur
1203 321 1266 362 ita,

179 367 220 397 ut
251 373 299 414 ex·
326 363 443 398 usuris
478 364 651 407 aleretur,
676 369 800 444 apirout
838 368 990 417 aetatem
1026 364 1265 418 ampliaverit:

178 409 1268 499 flsszffiz‘uffbeffii,„tguffcffiassffzssstzatut{t‘ffiffif

178 497 311 532 tionem
331 497 487 543 reliquit,
506 498 613 534 etiam
627 499 780 534 Basilice
797 499 1011 535 deberentur
1023 502 1046 535 ¹.
1081 499 1267 545 respondit

177 541 374 578 secundum
406 554 449 579 ea
479 554 570 589 (11188
600 549 886 590 proponerentur
917 555 988 579 non
1019 544 1159 588 deberi,
1199 544 1267 580 nisi

178 588 247 622 hoc
279 598 421 632 quoque
452 589 484 624 ei
515 588 638 624 datum
668 590 892 641 probaretur.
942 590 1013 625 Cu
1022 599 1152 625 volus:
1182 590 1267 635 quia

178 632 418 668 destinaverat
445 634 620 669 alimentis
652 644 726 669 81118
758 644 886 669 usuras
916 634 1108 687 pecuniae,
1140 645 1230 681 quas
1244 638 1265 657 ¹·

179 682 212 729 3·
246 677 450 722 specialiter
480 679 512 715 ei
542 679 817 725 praelegaverat.
865 679 934 724 Qui
960 680 1167 716 societatem
1190 690 1265 716 om-

177 733 275 757 1118111
311 723 485 759 bonorum
521 735 666 760 suorum
706 735 786 759 cum
818 735 930 759 uxore
960 734 1028 760 sua
1056 735 1122 771 per
1152 735 1265 760 annos

177 767 328 812 amplius
352 768 589 814 quadraginta
612 769 749 811 habuit,
773 772 986 805 testamento
1007 770 1156 806 eandem
1175 781 1264 806 uxo-

177 822 252 848 rem
276 818 312 848 et
334 818 500 859 nepotem
525 825 569 850 ex
592 813 664 849 filio
689 815 810 859 aequis
831 814 995 860 partibus
1014 815 1163 851 heredes
1183 815 1265 850 reli-

177 857 254 903 quit
277 862 314 893 et
335 859 387 894 ita
411 860 522 894 cavit:
556 860 650 894 ‘item
673 859 808 895 libertis
831 859 929 902 meis,
954 870 1044 905 quos
1067 860 1166 896 vivus
1190 871 1264 895 ma-

178 903 330 955 ‘numisi,
355 914 399 939 ea
422 915 515 950 quae
538 904 790 950 praestabam·.
838 905 1037 957 quaesitum
1061 910 1135 948 est,
1159 916 1205 940 811
1230 909 1266 941 81

177 959 237 993 (181
268 959 310 984 80
342 952 413 984 18111
441 960 520 992 018,
557 960 627 995 (1110
658 950 812 985 80018188
842 954 936 985 18181
967 960 1028 986 808
1083 951 1263 992 emansit,

178 994 383 1029 manumissi
399 1005 421 1029 a
461 995 622 1040 utrisque
643 999 680 1029 et
699 1005 903 1030 communes
923 995 1041 1030 liberti
1077 997 1149 1031 acti
1169 1001 1263 1038 811111,

178 1049 219 1074 88
250 1049 342 1084 (1888
373 1050 396 1074 8
427 1040 564 1075 vivente
595 1040 840 1085 percipiebant
870 1039 984 1076 solida
1015 1051 1059 1075 ex
1083 1041 1264 1076 fideicom-

178 1084 283 1120 misso
306 1088 428 1130 petere
451 1086 601 1130 possint.
649 1085 833 1130 respondit
857 1095 928 1120 non
952 1085 1125 1131 amplius,
1157 1097 1262 1132 quam

181 1129 273 1174 qnod
294 1131 347 1165 vir
369 1141 435 1175 pro
460 1141 526 1165 sua
548 1134 652 1175 parte
674 1131 895 1176 praestabat,
920 1130 1053 1166 deberi.

226 1171 276 1211 17
309 1174 416 1210 los-u
443 1176 534 1211 libro
566 1186 662 1211 nono
693 1175 828 1211 decimo
861 1176 1080 1228 digestorum
1136 1175 1263 1212 Servos

176 1219 223 1255 ad
249 1219 447 1255 custodiam
470 1220 591 1266 templi
611 1221 804 1300 reliqgierat
823 1225 859 1255 et
877 1221 932 1256 1118
953 1221 999 1256 811
1020 1220 1150 1256 herede
1168 1221 1263 1266 lega-

176 1269 276 1300 verat
305 1265 359 1300 his
391 1266 526 1301 verbis:
564 1269 658 1310 ‘peto
705 1265 843 1310 'deique
874 1270 960 1300 tuae
991 1266 1192 1309 committo,
1225 1270 1264 1302 ut

175 1310 249 1346 ‘des
279 1314 439 1355 praestes
469 1311 507 1345 in
538 1311 742 1346 memoriam
778 1321 893 1345 meam
927 1310 1128 1357 pedisequis
1164 1312 1262 1354 meis,

175 1359 277 1400 ‘quos
312 1355 359 1390 ad
395 1365 517 1390 curam
551 1355 675 1400 templi
709 1355 854 1400 reliqui,
895 1355 1044 1400 singulis
1082 1363 1264 1391 menstrua

176 1400 321 1436 ‘cibaria
360 1405 396 1436 et
430 1410 550 1435 annua
583 1401 752 1436 vestiaria
787 1401 909 1436 certa'.
965 1401 1162 1446 quaesitum
1198 1407 1262 1444 est,

175 1457 256 1481 cum
278 1446 449 1491 templum
472 1445 629 1481 nondum
653 1450 746 1481 esset
770 1450 990 1489 extructum,
1021 1457 1065 1482 ex
1089 1447 1145 1482 die
1169 1458 1262 1483 mor-

174 1491 219 1526 tis
244 1501 290 1525 an
314 1501 396 1526 vero
422 1501 466 1526 ex
490 1501 532 1526 eo
556 1496 734 1536 tempore,
766 1501 835 1536 quo
863 1492 1034 1538 templum
1057 1492 1262 1537 explicitum

174 1536 299 1578 fuerit,
331 1537 520 1588 percipere
550 1537 642 1571 servi
673 1536 828 1571 debeant
856 1535 1025 1580 legatum.
1079 1537 1263 1582 respondit

174 1580 293 1616 officio
328 1581 456 1616 iudicis
487 1581 652 1616 heredem
684 1581 966 1626 compellendum
996 1582 1105 1618 servis
1137 1581 1262 1618 relicta

174 1630 368 1672 praestare,
393 1626 507 1661 donec
530 1626 699 1671 templum
724 1630 982 1663 exstrueretur.

223 1668 273 1708 18
298 1671 403 1707 Imm
424 1672 516 1708 libro
538 1672 705 1707 vicesimo
724 1672 944 1725 diqestorum
979 1672 1147 1715 Libertis,
1171 1682 1262 1717 quos

173 1720 385 1752 testamento
418 1717 691 1760 manumiserat,
724 1716 972 1752 ahmentorum
999 1717 1141 1753 nomine
1163 1727 1261 1753 men-

173 1766 290 1797 struos
315 1761 437 1797 decem
459 1762 659 1807 legaverat,
689 1762 817 1798 deinde
850 1762 1023 1798 codicillis
1049 1763 1263 1808 generaliter

173 1807 337 1842 omnibus
356 1806 493 1842 libertis
513 1812 715 1843 menstruos
734 1812 869 1852 septem
893 1813 930 1844 et
948 1818 1088 1844 annuos
1106 1808 1263 1844 vestiarii

176 1853 314 1887 nomine
337 1851 449 1888 denos
472 1853 619 1897 legavit:
645 1854 845 1898 quaesitum
869 1857 935 1895 est,
960 1863 1007 1888 an
1032 1858 1068 1889 et
1087 1864 1131 1889 ex
1151 1857 1261 1888 testa-

174 1902 291 1933 mento
316 1901 353 1933 et
372 1907 416 1933 ex
436 1897 609 1934 codicillis
628 1897 765 1933 libertis
785 1898 1094 1934 fideicommissum
1113 1899 1262 1934 heredes

173 1946 356 1988 praestare
379 1942 544 1978 debeant.
591 1943 775 1988 respondit
798 1943 886 1979 nihil
909 1944 1072 1989 proponi,
1102 1954 1167 1979 081
1189 1954 1262 1980 11011

172 1998 227 2031 88,
252 1998 344 2033 (1888
368 1987 538 2024 codicillis
563 1987 649 2023 data
672 1992 975 2034 proponerentur,
999 1989 1177 2034 praestari
1200 1989 1262 2025 de-

172 2033 313 2068 berent:
355 2043 438 2068 nam
477 2034 523 2069 ab
562 2034 637 2076 his,
677 2043 769 2079 quae
800 2037 1013 2069 testamento
1046 2035 1262 2070 cibariorum

173 2079 314 2114 nomine
335 2077 454 2123 legata
477 2082 607 2121 essent,
632 2088 814 2114 recessum
838 2083 894 2114 est
915 2083 1063 2125 propter
1087 2089 1141 2123 ea,
1169 2089 1262 2133 (1888

176 2128 188 2158 1
237 2123 409 2159 codicillis
426 2123 553 2159 relicta
568 2129 663 2159 sunt.
687 2124 917 2160 Manumissis
933 2129 1145 2160 testamento
1163 2125 1261 2160 01118·

171 2168 227 2204 118
241 2168 263 2190 '⁸
285 2179 418 2211 annua,
442 2169 473 2203 si
496 2179 577 2204 cum
601 2172 715 2204 matre
732 2169 977 2213 morabuntur,
1001 2180 1067 2215 per
1080 2170 1261 2206 fideicom-

171 2215 317 2249 missum
341 2213 455 2249 dedit:
488 2218 602 2249 mater
634 2213 707 2249 filio
739 2214 892 2250 triennio
924 2215 1119 2260 supervixit
1147 2226 1262 2261 neque

172 2259 310 2294 cibaria
329 2269 445 2304 neque
462 2259 630 2294 vestiaria
649 2259 699 2294 eis
718 2259 909 2304 praestitit,
934 2270 1015 2295 cum
1034 2260 1071 2295 in
1091 2261 1262 2306 petitione

170 2304 435 2340 fideicommissi
465 2304 583 2339 liberti
615 2308 815 2340 cessarent:
851 2305 914 2340 sed
946 2309 982 2341 et
1011 2304 1085 2340 filia
1116 2310 1260 2351 postea·

195 2359 278 2384 uam
297 2350 403 2384 matri
419 2349 523 2385 heres
545 2349 691 2392 exstitit,
713 2349 832 2395 quoad
850 2349 937 2385 vixit
955 2350 1057 2386 annis
1075 2354 1260 2395 quattuor-

171 2361 284 2430 decim
307 2394 536 2439 interpellata
558 2394 603 2430 de
626 2394 738 2430 isdem
757 2395 934 2430 solvendis
955 2406 1027 2431 non
1048 2399 1113 2431 est.
1150 2406 1259 2441 quae-

171 2441 276 2475 situm
300 2443 373 2482 est,
405 2450 452 2474 an
475 2443 558 2485 post
581 2444 731 2475 mortem
754 2439 848 2475 filiae
872 2450 894 2475 a
917 2440 1107 2476 novissimo
1130 2441 1261 2476 herede

170 2490 292 2530 petere
341 2485 454 2520 ossint
478 2489 513 2520 et
535 2488 610 2520 tam
629 2485 812 2530 praeteriti
831 2486 1002 2538 temporis
1023 2495 1130 2531 (188111
1148 2486 1260 2521 futuri

171 2530 219 2573 id,
244 2496 340 2575 (18οὲ
365 2530 579 2566 cibariorum
603 2530 745 2566 nomine
769 2535 805 2565 et
827 2531 984 2566 vestlarii
1006 2530 1170 2566 relictum
1194 2536 1259 2567 est.

171 2575 373 2621 respondit,
405 2575 434 2610 si
459 2575 621 2611 condicio
646 2575 858 2619 exstitisset,
883 2575 972 2611 nihil
993 2576 1166 2621 proponi,
1195 2587 1260 2612 cur

171 2624 190 2655 2
239 2631 310 2655 non
340 2625 500 2673 possent.
554 2621 611 2656 Ab
646 2620 837 2656 heredibus
869 2620 1028 2656 Stichum
1059 2621 1260 2657 manumitti

170 2665 280 2701 voluit
319 2675 438 2711 eique,
478 2666 508 2701 si
548 2676 628 2701 cum
660 2665 742 2701 Seio
781 2670 981 2701 moraretur
990 2667 1015 2709 ²,
1056 2667 1191 2702 cibaria
1225 2671 1260 2701 et

169 2711 337 2746 vestiaria
355 2711 530 2756 praestari
549 2721 572 2746 8
592 2710 691 2747 Seio:
717 2711 843 2746 deinde
866 2711 956 2747 haec
979 2711 1088 2747 verba
1111 2711 1258 2747 adiecit:

172 2757 243 2791 εἰ18
266 2759 397 2798 8818111,
421 2755 492 2798 Sei,
516 2760 611 2801 peto,
643 2761 694 2798 ut,
723 2767 805 2792 cum
829 2755 876 2791 ad
898 2766 1031 2792 annum
1055 2757 1258 2792 vicesimum

170 2801 344 2846 ‘quintum
367 2801 771 2854 pervenerim-militiam
796 2801 828 2854 ei
851 2811 1056 2846 compares,
1073 2801 1115 2855 ,si
1138 2805 1259 2837 tamen

171 2850 218 2881 ‘te
241 2851 324 2881 ante
347 2856 419 2881 non
442 2846 646 2891 reliquerit’.
695 2849 896 2892 quaesitum
923 2851 996 2889 est,
1029 2846 1151 2882 Sticho
1183 2852 1258 2882 sta-

170 2891 233 2926 tim
255 2891 457 2926 libertatem
481 2895 686 2944 consecuto,
714 2892 958 2945 prius-autem
982 2891 1151 2945 defuncto
1175 2891 1257 2928 Seio

170 2935 379 3022 23⁸1¹J¹123²2<1
386 2940 1124 3027 “nisssmbssiesgssiuss'efflfflffiiffiffl
1125 2941 1258 3018 ‘³3:10ssss

170 3027 370 3079 comparari
419 3026 524 3061 ebet‘?
563 3031 599 3062 et
622 3029 651 3062 si
675 3026 795 3072 placet
818 3026 960 3070 deberi,
992 3031 1112 3062 utrum
1136 3027 1256 3062 statim

170 3072 294 3107 militia
318 3070 560 3116 comparanda
584 3072 630 3107 sit
653 3082 699 3107 an
724 3083 765 3108 eo
786 3076 957 3117 tempore,
982 3082 1052 3118 quo
1070 3072 1171 3108 Seius
1191 3082 1255 3107 an-

169 3128 254 3153 num
277 3116 480 3152 vicesimum
529 3117 666 3151 uintum
692 3127 734 3152 ex
760 3117 897 3153 leturus
918 3117 1058 3161 fuisset,
1082 3117 1113 3153 si
1132 3128 1254 3163 super-

170 3162 340 3198 vixisset?
381 3171 512 3207 respon
539 3162 577 3204 it,
602 3172 682 3197 cum
706 3129 849 3207 placeat
872 3162 1158 3208 comparandam,
1183 3173 1255 3199 non

170 3213 190 3242 3
238 3212 321 3243 81118
345 3206 479 3249 deberi,
503 3216 608 3252 quam
631 3207 666 3241 id
690 3211 830 3253 tempus
855 3207 1030 3244 cessisset.
1073 3206 1255 3243 Postumis

169 3252 361 3288 heredibus
390 3251 563 3288 institutis
597 3257 633 3287 et
662 3257 764 3297 patre
795 3257 831 3288 et
857 3256 988 3296 matre,
1021 3256 1057 3288 et
1080 3252 1253 3289 substitu-

170 3298 268 3333 tione
297 3296 398 3333 facta
428 3301 569 3333 actores
600 3297 804 3332 manumisit
831 3301 867 3333 et
914 3297 1030 3334 808118
1053 3298 1104 3333 818
1125 3297 1255 3343 legavit

171 3347 207 3378 et
236 3352 357 3378 annua
387 3345 422 3378 et
454 3341 583 3378 certis⁴
613 3341 750 3377 libertis
782 3343 855 3378 suis
886 3308 1005 3388 fegata
1028 3347 1065 3378 et
1088 3342 1168 3378 aliis
1192 3353 1253 3378 ex-

170 3388 255 3423 teris
285 3387 408 3433 plura:
448 3386 576 3423 deinde
606 3390 689 3432 post
718 3392 970 3423 testamentum
1000 3387 1137 3424 factum
1167 3394 1254 3423 nata

169 3433 244 3469 filia
275 3431 447 3469 codicillis
475 3432 531 3468 ita
559 3433 673 3468 cavit:
706 3432 749 3467 ‘si
781 3432 865 3477 quid
894 3437 1126 3476 testamento,
1158 3432 1254 3479 quod

170 3482 265 3514 ‘ante
294 3478 365 3514 hoc
396 3482 537 3524 tempus
559 3476 649 3521 feci,
679 3476 792 3522 legavi
816 3477 898 3513 cui⁸
921 3477 998 3513 dari
1020 3477 1137 3522 volui,
1168 3482 1252 3524 peto

169 3523 229 3559 ‘ab
251 3523 321 3566 his,
343 3522 398 3558 utl
419 3522 562 3559 tertiam
583 3525 722 3569 partem
739 3521 909 3558 Paetinae
930 3522 1027 3559 tiliae
1048 3532 1149 3559 meae
1170 3522 1253 3559 red·

171 3640 211 3677 (1)
235 3636 411 3671 deberetur
423 3638 456 3671 F
583 3638 633 3680 (ι’)
657 3646 758 3679 quam
768 3648 832 3671 scr.
965 3635 1015 3676 (ι’)
1038 3638 1208 3671 menstrua
1220 3637 1255 3670 et

172 3683 325 3715 vestiaris
344 3685 405 3716 ins.
551 3685 594 3723 (2)
618 3684 804 3715 moreretur
822 3680 859 3715 F
992 3684 1033 3721 (8)
1058 3692 1078 3714 a
1096 3683 1156 3716 inc.
1178 3681 1251 3716 odd.

172 3731 214 3772 (4)
240 3731 273 3760 81
283 3727 392 3772 certis]
406 3729 438 3761 et
449 3727 501 3760 his
513 3729 546 3761 et
557 3727 675 3760 octaris
685 3739 747 3762 scr.
829 3727 873 3770 (5)
898 3726 993 3760 cuive
1004 3739 1065 3761 scr.
1146 3727 1192 3773 (ο)
1215 3725 1252 3760 in

1253 101 1338 153 480
1344 128 1345 131 ,

1499 14 1503 51 ἰ

1508 50 1594 155 »ΞΕ
1623 121 1862 152 ALIMEN'I'IS
1891 120 1979 151 VEL
2007 119 2199 152 ctBARns
2225 120 2414 154 means

1334 230 1461 267 ‘dant't
1497 231 1663 268 secundis
1697 235 1815 268 autem
1843 232 1977 268 tabulis
2008 231 2106 268 facta
2133 232 2302 279 pupillari
2329 234 2413 269 sub-

1333 275 1519 312 stitutione
1547 276 1595 312 im
1622 278 1791 313 uberibus
1814 277 1968 322 libertis,
1998 277 2126 322 quibus
2154 288 2178 313 a
2207 278 2414 324 parentibus

1333 320 1518 357 libertates
1541 320 1566 357 d
1612 322 1654 366 't,
1683 333 1727 359 eo
1754 323 1906 367 amplius
1936 323 2087 358 alterum
2115 326 2271 366 tantum,
2302 333 2413 368 quan-

1333 366 1433 400 18111ο
1466 366 1504 401 111
1534 377 1679 403 nummo
1705 370 1870 413 praeter⁷
1907 367 2043 403 cibaria
2077 372 2114 403 et
2140 368 2308 404 vestiaria
2336 368 2415 404 dari

1332 409 1456 446 voluit.
1503 412 1702 456 quaesitum
1725 418 1797 456 est,
1827 423 1908 448 cum
1932 411 2186 458 supervixisset
2206 412 2282 448 filia
2303 417 2414 448 testa-

1332 460 1452 491 mento
1480 460 1607 501 aperto
1635 462 1672 492 et
1694 457 1886 500 codicillis,
1917 462 2045 503 postea
2073 462 2193 493 autem
2223 457 2416 494 decesserit

1333 505 1370 536 et
1403 499 1712 537 fideicommissum
1748 502 1871 538 datum
1909 503 1943 538 ei
1977 502 2021 538 de
2058 503 2278 538 restituenda
2312 508 2415 548 parte

1332 546 1441 580 tertia
1464 544 1511 581 ad
1534 546 1683 582 heredes
1706 557 1791 583 81108
1813 548 2076 590 transmiserat,
2105 558 2151 583 an
2179 548 2284 584 etiam
2318 548 2415 583 ciba·

1334 591 1468 625 riorum
1503 594 1540 626 et
1573 591 1819 628 vestiariorum
1852 593 1980 628 tertiae
2010 597 2131 638 partes
2163 593 2195 628 ei
2223 603 2287 638 per
2314 592 2414 628 fidei-

1334 636 1560 671 commissum
1584 636 1689 672 datae
1711 646 1790 673 esse
1812 637 2009 673 videantur.
2057 638 2242 683 respondit
2270 648 2342 673 non
2365 638 2415 672 vi·

1334 683 1355 715 4
1403 680 1509 734 deri..
1541 680 1639 716 Idem
1669 682 1838 726 quaesiit,
1873 693 1918 718 an
1948 693 2088 726 eorum,
2123 693 2215 736 quae
2244 682 2415 718 codicillis

1332 735 1398 805 {fir
1427 725 1737 762 fideicommissum
1766 727 1891 763 relicta
1919 732 2019 770 sunt,
2056 732 2184 764 tertiae
2217 731 2340 774 partes
2369 728 2415 762 ad

1348 770 1355 779 ⁸
1375 770 1443 806 ‘am
1456 772 1634 815 pertinere
1649 771 1830 808 deberent.
1868 773 2052 817 respondit
2067 784 2139 809 non
2153 773 2286 809 deberi.
2323 772 2415 808 idem

1334 815 1502 895 38888111,
1531 826 1579 851 an
1603 816 1755 852 alterum
1779 821 1917 852 tantum
1941 828 1963 852 a
1986 818 2238 854 substitutione
2261 818 2414 863 legatum

1358 860 1488 896 educta
1510 861 1617 896 tertia
1638 867 1742 907 parte
1765 863 1972 907 quantitatis
1989 863 2186 908 legatorum
2202 867 2416 899 testamento

1333 905 1498 941 datorum
1527 907 1726 951 computari
1756 907 1899 951 debeat,
1935 913 1976 942 ut
2005 907 2097 943 duae
2124 913 2245 953 partes
2275 908 2416 953 quanti-

1332 951 1417 985 tatis
1447 951 1660 994 debeantur,
1689 953 1854 996 11188181ιι
1882 952 2082 996 codicillos,
2117 954 2246 998 quibus
2275 953 2414 988 tertiam

1332 1000 1471 1041 partem
1497 996 1691 1033 codicillis⁹
1713 997 1909 1042 legatorum
1933 997 1979 1032 ad
1995 996 2104 1032 filiam
2122 1008 2223 1033 suam
2239 998 2416 1043 pertinere

1332 1041 1454 1075 voluit.
1501 1042 1686 1087 respondit
1713 1042 1889 1087 integrum
1918 1052 1963 1077 ex
1990 1043 2124 1078 tabulis
2153 1043 2415 1079 substitutionis

1332 1089 1352 1119 5
1401 1086 1534 1121 deberi.
1581 1087 1724 1122 Cibaria
1752 1090 1788 1122 et
1817 1087 1984 1123 vestiaria
2039 1097 2078 1122 er
2105 1087 2415 1124 fideicommissum

1333 1130 1481 1166 dederat
1509 1135 1545 1166 et
1572 1131 1624 1166 ita
1653 1132 1848 1167 adiecerat:
1886 1135 1985 1177 ‘quos
2035 1133 2167 1168 ibertos
2205 1144 2318 1175 meos,
2354 1134 2415 1168 ubi

1333 1179 1476 1221 ‘corpus
1499 1187 1615 1211 meum
1631 1177 1788 1230 positum
1805 1176 1924 1220 fuerit,
1947 1177 1997 1212 ibi
2022 1188 2083 1213 eos
2094 1179 2121 1199 ¹⁰
2143 1178 2275 1213 morari
2298 1178 2415 1221 iubeo,

1333 1225 1385 1256 ‘ut
1413 1231 1478 1266 per
1506 1222 1705 1257 absentiam
1732 1222 1887 1257 filiarum
1920 1233 2078 1258 mearum
2114 1223 2159 1257 ad
2191 1223 2415 1268 sarcofagum

1333 1269 1459 1302 ‘meum
1481 1267 1688 1302 memoriam
1712 1277 1824 1301 meam
1849 1268 2039 1312 quotannis
2064 1267 2265 1304 celebrent'.
2308 1278 2415 1313 quae-

1332 1312 1439 1347 situm
1464 1316 1528 1356 est,
1552 1312 1616 1346 uni
1639 1322 1683 1347 ex
1704 1311 1854 1356 libertis,
1877 1313 1938 1358 qui
1962 1323 1985 1347 a
2007 1313 2064 1347 die
2086 1313 2210 1348 mortis
2234 1324 2348 1358 neque
2371 1314 2415 1348 ad

1332 1356 1478 1392 heredes
1508 1357 1701 1392 accesserit
1730 1367 1843 1402 neque
1871 1358 1919 1392 ad
1948 1358 2176 1402 sepulchrum
2198 1359 2330 1394 morari
2354 1369 2416 1394 vo-

1331 1402 1453 1443 luerit,
1484 1412 1531 1481 8111
1560 1401 1728 1437 8111881118
1755 1402 1974 1448 praestanda
2003 1403 2084 1438 sint.
2131 1403 2317 1449 respondit
2344 1414 2415 1439 non

1356 1451 1498 1482 raestan
1525 1458 1558 1482 a.

1330 1458 1354 1492 p
1380 1490 1429 1529 19
1454 1492 1563 1527 [osu
1581 1492 1671 1528 libro
1694 1493 1858 1529 vicesimo
1882 1493 2040 1529 secundo
2063 1493 2283 1541 diqestorum
2326 1494 2414 1530 Τ88-

1331 1541 1487 1573 tamento
1510 1537 1562 1573 ita
1585 1542 1730 1572 cautum
1753 1537 1838 1574 fuit:
1864 1538 2012 1574 ‘libertis
2036 1539 2123 1574 meis
2147 1539 2283 1574 cibaria
2307 1550 2415 1584 quae-

1332 1587 1412 1627 ‘que
1424 1582 1496 1617 alia
1533 1584 1734 1618 raestabam
1749 1584 1794 1618 ab
1807 1583 1999 1619 heredibus
2013 1584 2100 1619 meis
2114 1585 2289 1629 praestari
2302 1585 2414 1620 volo’:

1331 1638 1424 1663 unus
1447 1638 1492 1663 ex
1529 1628 1650 1664 'bertis
1674 1638 1718 1663 ex
1740 1629 1924 1664 voluntate
1946 1629 2090 1674 patroni
2112 1629 2244 1674 negotii
2261 1629 2318 1665 sui
2333 1640 2414 1674 gra-

1330 1673 1382 1707 tia
1405 1672 1637 1717 quadriennio
1661 1678 1745 1708 ante
1769 1673 1860 1709 diem
1883 1674 2007 1710 mortis
2026 1673 2133 1710 afuit:
2158 1685 2203 1710 ex
2218 1675 2287 1710 hac
2305 1685 2416 1710 causa

1332 1718 1483 1760 cibaria,
1520 1728 1612 1762 quae
1641 1723 1724 1753 ante
1755 1722 1959 1763 acceperat,
1994 1719 2119 1755 mortis
2153 1723 2313 1765 tempore
2343 1731 2414 1756 non

1331 1763 1485 1808 accepit:
1519 1763 1579 1798 cui
1607 1768 1725 1798 tamen
1753 1763 1881 1799 liberto
1911 1763 2034 1800 eodem
2057 1768 2270 1800 testamento
2293 1769 2414 1810 patro-

1330 1818 1409 1852 nus,
1434 1807 1529 1843 sicut
1552 1812 1588 1843 et
1609 1808 1700 1851 aliis,
1730 1819 1819 1853 quos
1842 1809 1942 1844 vivus
1965 1809 2229 1851 manumiserat,
2261 1810 2414 1854 legatum

1331 1854 1487 1898 quinque
1511 1853 1669 1889 dederat.
1717 1854 1915 1898 quaesitum
1940 1858 2009 1898 est,
2041 1865 2088 1889 an
2115 1855 2176 1890 isti
2200 1865 2340 1900 quoque
2365 1856 2414 1890 ci-

1330 1899 1433 1934 baria
1460 1902 1497 1934 et
1524 1898 1679 1943 reliqua,
1739 1909 1807 1934 uae
1843 1899 1971 1935 ceteris
2005 1900 2142 1935 libertis
2173 1899 2291 1945 legata.
2319 1906 2413 1940 sunt,

1330 1943 1539 1980 debeantur.
1586 1954 1717 1989 respon
1742 1944 1789 1980 it:
1815 1955 1881 1980 cur
1901 1945 2000 1980 non?

1376 1987 1429 2027 20
1453 1988 1565 2025 IDEM
1583 1989 1673 2024 libro
1698 1990 1802 2024 tertio
1825 2000 2080 2036 responsorum
2123 1989 2277 2025 ‘Stichus
2301 1991 2413 2025 nutri-

1331 2035 1393 2070 ‘cis
1416 2044 1517 2069 meae
1540 2044 1652 2079 nepos
1675 2034 1766 2069 liber
1790 2040 1882 2070 esto:
1909 2035 1966 2070 cui
1990 2035 2112 2072 decem
2130 2045 2258 2071 aureos
2276 2045 2413 2071 annuos

1330 2079 1420 2115 ‘dari
1436 2080 1541 2115 volo'.
1578 2079 1638 2124 qui
1653 2081 1677 2100 ¹¹
1702 2079 1829 2114 deinde
1843 2079 2062 2125 interpositis
2081 2080 2282 2116 nominibus
2302 2080 2413 2116 eidem

1329 2124 1453 2160 Sticho
1483 2125 1774 2160 contubernalem
1805 2125 1881 2160 eius
1913 2129 1948 2160 et
1971 2125 2102 2161 liberos
2125 2125 2255 2170 legavit
2277 2125 2413 2171 hisque,

1329 2180 1422 2216 quae
1455 2170 1555 2205 vivus
1587 2169 1814 2214 praestabat:
1854 2170 1980 2206 deinde
2018 2170 2088 2206 alio
2127 2171 2244 2216 capite
2277 2171 2412 2206 libertis

1329 2215 1493 2251 omnibus
1526 2224 1618 2259 quae
1646 2215 1745 2250 vivus
1775 2216 1984 2260 praestabat
2007 2215 2085 2251 dari
2107 2215 2222 2251 iussit.
2270 2226 2413 2260 quaero,

1329 2270 1377 2295 an
1405 2259 1550 2296 Stichus
1578 2264 1723 2304 praeter
1751 2270 1855 2295 suum
1885 2261 2041 2305 legatum
2072 2265 2107 2296 et
2136 2261 2305 2296 alimenta
2332 2271 2413 2306 per-

1329 2305 1449 2350 cipere
1474 2305 1600 2350 possit.
1647 2306 1832 2350 respondit
1861 2305 2057 2341 secundum
2089 2315 2132 2340 ea
2162 2316 2253 2350 quae
2307 2316 2412 2351 ropo-

1332 2354 1346 2385 1
1397 2354 1567 2386 nerentur
1590 2360 1661 2385 non
1684 2360 1800 2395 posse.
1849 2351 1937 2386 Item
1969 2361 2049 2385 cum
2081 2351 2249 2386 alimenta
2292 2352 2413 2386 ibertis

1328 2395 1515 2440 utriusque
1543 2404 1649 2430 sexus
1678 2395 1858 2439 reliquerit
1888 2406 1910 2430 a
1939 2405 1978 2430 re
2006 2396 2151 2440 publica
2182 2401 2217 2430 et
2241 2406 2283 2430 ex
2333 2406 2411 2431 rae-

1328 2440 1413 2483 diis,
1445 2450 1538 2485 quae
1566 2439 1599 2474 ei
1621 2439 1766 2485 legavit,
1799 2440 1877 2475 dari
1899 2440 2086 2484 voluisset,
2139 2450 2266 2483 uaero,
2325 2441 2411 2477 tichi

1329 2484 1576 2521 contubernali
1606 2489 1642 2520 et
1672 2485 1792 2520 liberis
1814 2490 1934 2520 utrum
1958 2485 2003 2520 ab
2026 2485 2111 2521 here
2138 2496 2157 2521 e
2179 2486 2341 2521 instituto
2365 2496 2410 2520 an

1328 2541 1351 2565 a
1379 2540 1418 2566 re
1449 2530 1593 2575 publica
1624 2529 1738 2565 diaria
1766 2534 1803 2565 et
1829 2530 2013 2574 vestiaria,
2045 2540 2136 2575 quae
2167 2530 2265 2566 vivus
2290 2531 2410 2574 dabat,

1326 2575 1504 2621 praestari
1534 2575 1713 2611 deberent.
1759 2575 1943 2621 respondit
1970 2585 2077 2620 posse
2107 2576 2259 2621 benigna
2287 2577 2410 2611 volun-

1327 2620 1411 2656 tatis
1446 2619 1739 2666 interpretatione
1771 2620 1842 2656 dici
1872 2621 1930 2656 his
1959 2630 2100 2665 quoque
2136 2631 2158 2656 a
2192 2631 2232 2656 re
2267 2621 2412 2666 publica

1327 2669 1347 2700 2
1394 2664 1624 2711 praestanda.
1682 2665 1778 2701 Titia
1813 2676 1917 2700 usum
1953 2664 2108 2700 fructum
2146 2665 2246 2701 fundi
2283 2666 2316 2700 le
2361 2667 2412 2701 vit

1326 2710 1466 2746 Maevio
1497 2711 1644 2756 eiusque
1674 2709 1758 2745 fidei
1789 2710 1981 2754 commisit,
2015 2715 2057 2745 ut
2091 2721 2134 2745 ex
2164 2710 2281 2746 reditu
2327 2711 2410 2746 undi

1326 2759 1528 2801 praestaret
1538 2754 1748 2801 Pamphilae
1763 2759 1799 2791 et
1813 2754 1935 2791 Sticho
1953 2765 2091 2791 annuos
2116 2759 2284 2791 centenos
2307 2767 2408 2791 num-

1325 2799 1700 2881 ffisse‘liss‘ieligff‘*
1718 2810 1903 2891 32332313.
1910 2801 2409 2891 ²3ffi⁰333p3311⁹0v³tss¹⁶52⁸

1325 2891 1474 2926 beant¹²
1495 2890 1671 2936 praestari
1695 2890 1741 2926 ab
1764 2889 1895 2926 herede
1919 2890 2052 2926 Titiae:
2083 2890 2147 2926 sed
2174 2872 2242 2926 nec
2271 2891 2316 2926 ab
2347 2892 2408 2926 he-

1325 2935 1409 2972 rede
1441 2934 1621 2981 legatarii,
1656 2934 1724 2970 nisi
1756 2935 1794 2970 id
1829 2939 1982 2970 testator
2015 2934 2201 2971 manifeste
2236 2936 2409 2980 probetur

1325 2980 1478 3017 voluisse
1508 2980 1614 3015 etiam
1642 2979 1742 3016 finito
1771 2990 1840 3016 usn
1868 2980 1990 3016 fructu
2019 2980 2210 3025 praestari,
2241 2980 2272 3015 si
2301 2981 2407 3017 modo

1323 3026 1377 3069 id,
1407 3025 1502 3071 quod
1525 3035 1570 3061 ex
1592 3035 1661 3060 usu
1685 3024 1806 3060 fructu
1829 3030 2012 3070 receptum
2037 3029 2146 3067 esset,
2173 3025 2205 3060 ei
2227 3026 2279 3060 rei
2302 3036 2406 3071 prae-

1325 3076 1344 3106 3
1390 3070 1540 3107 standae
1568 3069 1762 3106 sufficeret.
1814 3070 1934 3106 Mater
1967 3069 2041 3105 filio
2077 3069 2208 3106 herede
2244 3070 2406 3107 instituto

1322 3126 1388 3162 per
1408 3115 1719 3151 fideicommissum
1742 3115 1941 3151 libertatem
1953 3114 2141 3160 Pamphilo
2165 3125 2267 3151 servo
2291 3115 2404 3151 dedit:

1322 3161 1436 3197 eidem
1471 3160 1686 3196 cibariorum
1717 3160 1858 3196 nomine
1890 3160 2019 3213 legavit
2052 3159 2179 3204 quinos
2211 3170 2340 3197 aureos
2371 3165 2407 3196 et

1321 3205 1476 3242 vestiarii
1498 3204 1536 3240 in
1558 3205 1715 3250 singulos
1739 3215 1852 3241 annos
1900 3214 2153 3249 umquagenos,
2178 3205 2208 3240 si
2232 3215 2313 3240 cum
2332 3204 2406 3241 filio

1323 3251 1399 3287 eius
1421 3254 1598 3286 moretur:
1624 3260 1769 3295 quaero,
1793 3250 1866 3286 filio
1915 3249 2059 3285 efnncto
2083 3259 2130 3284 an
2153 3249 2321 3286 alimenta
2343 3250 2403 3286 de-

1321 3297 1461 3332 bentur.
1507 3294 1703 3340 respondit,
1733 3295 1764 3331 si
1787 3294 1987 3331 condicioni
2008 3294 2198 3340 paruisset,
2226 3295 2346 3331 deberi
2370 3299 2406 3330 et

1346 3345 1404 3377 ost
1426 3344 1587 3376 mortem.

1320 3353 1345 3388 p
1367 3383 1417 3423 21
1446 3384 1641 3421 ormam
1653 3384 1744 3420 libro
1759 3383 1915 3421 secundo
1928 3383 2282 3430 fideIcommt'ssorum
2316 3384 2403 3420 Dia-

1320 3431 1383 3467 riis
1420 3430 1474 3466 vel
1513 3430 1656 3466 cibariis
1693 3429 1826 3466 relictis
1857 3439 1973 3475 neque
2003 3429 2259 3465 habitationem
2289 3438 2404 3475 neque

1319 3475 1522 3512 vestiarium
1550 3485 1665 3520 neque
1694 3473 1899 3510 calciarium
1928 3474 2047 3510 deberi
2069 3474 2188 3520 palam
2213 3478 2284 3518 est,
2315 3485 2402 3520 (1110-

1319 3522 1415 3557 niam
1438 3520 1483 3556 de
1507 3520 1586 3556 cibo
1609 3524 1749 3556 tantum
1770 3523 1922 3555 testator
1943 3519 2065 3555 sensit.

1338 3635 1346 3642 '
1436 3633 1444 3642 ‘
1473 3635 1534 3669 ine.
1546 3634 1600 3668 Γ*
1713 3634 1758 3676 (τ)
1779 3634 1917 3676 propter
1926 3645 1988 3666 scr.
2103 3633 2150 3671 (8)
2172 3633 2308 3676 propter
2319 3631 2400 3667 Hal.

1319 3682 1364 3722 (8)
1389 3678 1552 3713 codicillis
1564 3679 1626 3714 del.
1639 3679 1721 3713 Hal.
1833 3681 1893 3719 (ιο)
1918 3688 1973 3711 eos
1985 3677 2047 3711 del.
2160 3680 2216 3718 (11)
2240 3677 2312 3720 qui]
2325 3677 2400 3719 qni·

1319 3724 1455 3758 busdam
1467 3737 1528 3759 scr.
1621 3727 1682 3770 (¹²)
1705 3722 1821 3756 debeat
1833 3723 1868 3756 F
