2528 3918
64 111 126 142 DE
154 111 565 143 TRANSAo'rionmus
1156 97 1214 144 33

62 220 170 265 tegris
194 221 368 263 omnibus,
392 221 430 255 in
454 231 546 266 quae
570 221 718 266 obligati
740 230 910 264 essemus,
936 222 1151 265 conveniret,

61 269 103 301 ut
126 266 172 301 ab
198 276 239 301 eo
263 265 404 311 negotio
430 265 690 308 discederetur,
717 276 764 301 an
787 266 825 301 in
848 266 1026 312 integrum
1048 269 1150 303 resti-

61 310 148 346 tutis
171 311 239 354 his,
264 321 355 356 quae
379 321 442 355 ego
466 311 531 345 tibi
554 311 831 355 praestitissem,
857 314 1150 355 consentiremus,

61 366 106 391 ne
138 356 223 401 quid
253 359 294 390 tu
324 355 411 390 mihi
443 366 484 391 eo
509 356 652 392 nomine
674 360 892 436 praestares.
925 358 1014 394 illud
1045 358 1152 404 plane

61 401 312 443 conventione,
346 411 437 445 quae
466 401 621 446 pertinet
653 412 674 436 a
722 402 971 438 resolvendum
994 403 1031 439 id
1056 403 1152 449 quod

60 449 181 481 actum
205 449 277 488 est,
301 445 427 491 perfici
450 457 523 481 non
546 450 687 491 potest,
721 451 761 482 ut
791 450 832 482 tu
864 449 960 493 quod
991 449 1064 484 iam
1087 459 1151 494 ego

58 491 124 526 tibi
146 491 308 536 praestiti
332 494 459 526 contra
481 495 667 537 praestare
689 492 776 527 mihi
800 494 958 538 cogaris:
992 494 1076 540 quia
1109 505 1150 529 eo

57 535 163 571 modo
196 546 269 571 non
292 539 367 570 tam
389 536 460 572 hoc
484 537 602 582 agitur
624 541 667 573 ut
690 548 712 573 a
735 538 887 583 pristino
912 540 1053 584 negotio
1079 539 1149 574 dis-

59 580 245 624 cedamus,
270 591 376 627 quam
399 585 440 617 ut
463 593 576 618 novae
601 583 776 628 quaedam
801 584 1035 629 obligationes
1058 585 1152 620 inter

57 636 123 662 nos
147 626 423 662 constituantur.

103 669 155 708 59
180 671 341 707 PAULUS
361 672 453 708 libro
478 674 582 708 tertio
606 674 835 718 reqularum
862 674 932 710 Per
964 686 1053 720 quos
1086 675 1149 710 ad-

57 717 149 762 quiri
171 717 276 752 nobis
300 717 530 762 stipulatione
553 722 683 763 potest,
708 730 773 764 per
786 720 928 755 eosdem
942 721 1048 755 etiam
1061 731 1148 765 pac-

55 763 101 842 tils
115 763 296 798 conventis
309 763 488 798 meliorem
501 763 746 799 condicionem
765 768 927 800 nostram
946 765 1024 801 fieri
1043 776 1149 811 posse

55 819 79 853 p
94 810 183 842 acet.

101 850 154 890 60
181 852 376 888 PAPJRJUS
396 852 541 889 Ivsrvs
567 854 658 890 libro
692 859 818 891 octavo
853 857 1149 891 constitutionum

54 897 252 943 Imperator
274 898 478 934 Antoninus
502 899 629 935 Avidio
656 899 779 935 Cassio
804 901 996 945 rescripsit,
1022 901 1051 936 si
1072 911 1147 937 cre-

55 942 188 978 ditores
211 944 331 988 parati
355 944 427 979 sint
449 948 587 990 partem
612 955 655 980 ex
678 945 782 981 bonis
806 946 891 981 licet
910 947 955 981 ab
978 949 1147 982 extraneo

55 989 242 1033 consequi,
278 989 453 1024 rationem
487 990 691 1025 habendam
725 991 826 1036 prius
863 992 1147 1027 necessariarum

53 1043 298 1079 personarum,
323 1034 353 1069 si
376 1034 526 1070 idoneae
551 1035 632 1071 sint.

99 1076 148 1116 61
177 1078 408 1115 POMPONIUS
427 1080 518 1116 libro
542 1091 638 1116 nono
663 1081 713 1116 ad
735 1080 909 1117 Sabinum
944 1082 1056 1117 Nemo
1081 1092 1145 1127 pa-

54 1123 218 1159 ciscendo
253 1124 395 1160 efficere
425 1128 565 1170 potest,
602 1135 647 1160 ne
678 1126 746 1161 sibi
775 1126 894 1162 locum
919 1138 1022 1162 suum
1047 1127 1145 1162 dedi-

53 1179 136 1204 care
159 1169 266 1204 liceat
289 1173 354 1205 aut
376 1180 422 1205 ne
445 1170 512 1205 sibi
542 1171 580 1206 111
612 1181 677 1206 0110
710 1172 858 1217 sepelire
889 1176 1070 1208 mortuum
1101 1173 1142 1208 li—

53 1218 132 1250 ceat
156 1218 219 1249 aut
242 1225 287 1250 ne
309 1215 425 1251 vicino
450 1215 559 1251 invito
584 1216 770 1261 praedium
795 1218 935 1253 alienet.

98 1257 152 1297 62
176 1260 331 1296 Fzmms
361 1261 593 1297 ANTHIANUS
625 1262 716 1297 libro
745 1263 870 1309 primo
906 1263 957 1298 ad
990 1262 1144 1298 edictum

52 1304 89 1340 Si
112 1315 206 1347 reus,
230 1309 421 1350 postquam
443 1310 571 1351 pactus
596 1307 643 1342 sit
666 1317 688 1342 a
708 1318 747 1343 se
764 1319 838 1343 non
858 1308 933 1354 peti
954 1308 1143 1353 pecuniam

50 1349 200 1395 ideoque
220 1351 338 1396 coepit
357 1351 394 1386 id
412 1356 558 1397 pactum
578 1352 779 1388 fideiussori
798 1364 939 1398 quoque
960 1353 1142 1399 prodesse,

50 1399 177 1441 pactus
202 1396 249 1431 sit
270 1400 312 1430 ut
336 1406 357 1431 a
377 1407 416 1432 se
434 1398 509 1442 peti
526 1397 651 1433 liceat:
678 1408 725 1433 an
744 1399 880 1434 utilitas
922 1399 1025 1434 rioris
1046 1399 1144 1444 pacti

50 1441 194 1476 sublata
217 1441 264 1476 sit
286 1441 506 1485 fideiussori,
532 1443 732 1488 quaesitum
758 1447 821 1479 est.
859 1411 922 1479 seg
945 1444 1063 1479 verius
1089 1447 1144 1479 est

50 1486 158 1538 semel
188 1486 402 1531 adquisitam
433 1487 634 1523 fideiussori
657 1489 756 1534 pacti
780 1490 1025 1534 exceptionem
1050 1490 1141 1525 ulte-

49 1542 121 1567 nus
147 1531 179 1567 ei
201 1532 310 1567 invito
337 1533 539 1578 extorqueri
564 1545 635 1569 non
659 1545 774 1579 posse.

537 1627 608 1666 XV
620 1628 642 1666 ¹.

271 1674 279 1684 ’
330 1693 391 1724 DE
417 1692 847 1727 TRANSAOTIONIBUS.

96 1757 114 1795 1
150 1757 346 1793 Utffliws
355 1758 447 1794 libro
468 1759 793 1806 quinquaqensimo
815 1760 865 1796 ad
881 1761 1036 1797 edictum
1072 1762 1140 1806 Qui

47 1803 222 1848 transigit,
243 1803 347 1848 quasi
366 1803 409 1839 de
427 1814 467 1839 re
487 1804 596 1840 dubia
616 1809 652 1839 et
670 1805 732 1840 lite
752 1806 892 1841 incerta
912 1817 1028 1851 neque
1038 1807 1140 1842 finita

46 1848 219 1893 transigit.
256 1848 318 1901 qui
340 1859 423 1884 vero
447 1850 661 1894 paciscitur,
695 1851 896 1886 donationis
931 1862 1042 1887 causa
1065 1862 1140 1887 rem

0 1920 1 1929 ,
47 1897 180 1930 certam
205 1897 240 1928 et
262 1893 501 1929 1ndubitatam
524 1895 738 1931 liberalitate
762 1896 920 1931 remittit.

92 1937 117 1976 2
142 1939 248 1974 IDEM
278 1939 368 1975 libro
404 1941 696 1986 septuaqensimo
733 1945 865 1987 quarto
902 1941 952 1977 ad
985 1941 1139 1978 edictum

0 2014 1 2020 ,
46 1984 286 2020 Transactum
310 1985 472 2030 accipere
496 1986 575 2030 quis
599 1989 719 2031 potest
738 1997 810 2021 non
832 1986 958 2029 solum,
984 1987 1015 2022 si
1026 1987 1138 2032 Aqui-

0 2025 1 2073 Ῐ
43 2030 140 2065 110110
164 2030 210 2066 011
236 2030 347 2065 1110110
371 2029 481 2065 fuerit
499 2031 671 2074 subiecta,
697 2032 760 2067 sed
780 2036 815 2067 et
835 2032 865 2067 si
884 2036 1031 2077 pactum
1053 2043 1138 2068 con-

44 2079 188 2111 ventum
228 2075 321 2111 uerit
343 2075 491 2111 factum.

90 2119 114 2159 3
141 2120 346 2157 SCAEVOLA
371 2122 461 2158 libro
476 2124 603 2175 primo
628 2123 850 2170 diqestorum
897 2123 1137 2168 Imperatores

42 2167 248 2202 Antoninus
273 2170 309 2202 et
332 2167 449 2203 Verus
473 2172 524 2203 ita
547 2169 827 2214 rescripserunt:
863 2168 1026 2204 ‘Privatis
1050 2179 1136 2213 pac-

45 2212 212 2248 ‘tionibus
243 2221 316 2248 non
353 2212 500 2248 dubium
535 2217 590 2249 est
622 2224 696 2249 non
726 2213 821 2249 laedi
844 2213 900 2249 ius
926 2218 1135 2249 ceterorum.

44 2261 166 2339 ‘guare
196 2258 460 2302 transactione,
496 2269 590 2304 quae
622 2259 717 2294 inter
738 2259 906 2295 heredem
931 2262 966 2294 et
989 2263 1138 2295 matrem

44 2307 53 2324 ‘
81 2304 217 2340 efuncti
238 2303 338 2339 facta
362 2307 427 2347 est,
452 2314 567 2349 neque
590 2307 845 2340 testamentum
869 2305 1062 2340 rescissum
1084 2306 1136 2340 vi-

44 2350 131 2385 ‘deri
153 2350 284 2395 posse2
307 2360 421 2394 neque
444 2349 670 2385 manumissis
694 2350 749 2385 vel
773 2350 953 2395 legatariis
978 2351 1136 2386 actiones

44 2398 142 2431 ‘suae
174 2394 372 2440 ademptae.
415 2405 526 2440 quare
558 2395 731 2440 quidquid
768 2406 812 2431 ex
834 2398 1050 2431 testamento
1074 2407 1136 2441 pe-

44 2443 154 2483 ‘tunt,
190 2440 364 2485 scriptum
396 2440 563 2475 heredem
599 2441 788 2476 convenire
823 2440 972 2476 debent:
1006 2440 1067 2486 qui
1099 2441 1137 2476 in

45 2485 300 2522 ‘transactione
329 2485 537 2521 hereditatis
570 2489 634 2520 aut
667 2486 761 2521 cavit
784 2486 852 2521 sibi
875 2496 941 2531 pro
967 2486 1137 2521 oneribus

44 2531 274 2573 ‘hereditatis,
300 2534 364 2565 aut
387 2531 417 2566 si
435 2541 508 2566 non
528 2531 632 2573 cavit,
658 2541 731 2566 non
754 2530 862 2566 debet
880 2531 1138 2576 neglegentiam

47 2579 62 2611 1
113 2580 227 2612 ‘suam
251 2575 297 2611 ad
321 2576 473 2611 alienam
497 2576 663 2610 iniuriam
686 2575 845 2611 referre.’
895 2575 984 2611 Cum
1018 2580 1136 2611 trans-

44 2622 137 2657 actio
146 2624 317 2701 lfflropter
348 2620 663 2656 fideicommissum
685 2620 785 2656 facta
809 2624 905 2656 esset
928 2622 987 2656 et³
1011 2625 1138 2666 postea

45 2667 155 2703 codic‘
186 2667 193 2674 “
218 2666 353 2711 reperti
376 2669 477 2702 sunt:
504 2676 656 2711 quaero,
690 2676 738 2701 an
769 2667 929 2711 quantc⁴
952 2666 1070 2702 minus
1095 2677 1139 2702 ex

43 2711 285 2748 transactione
320 2715 514 2747 consecuta
548 2715 662 2746 mater
696 2711 856 2746 defuncti
886 2710 996 2746 fuerit
1030 2722 1138 2757 quam

43 2768 107 2802 pro
132 2760 236 2802 parte
260 2767 326 2792 sua
357 2760 431 2800 est,
466 2757 503 2791 id
536 2767 580 2792 ex
610 2756 874 2792 fideicommissi
906 2766 1019 2792 causa
1051 2767 1136 2792 con-

44 2805 64 2837 2
111 2802 211 2847 sequi
243 2801 383 2837 debeat.
427 2801 612 2847 respondit
643 2801 784 2837 debere.
833 2801 1002 2844 Debitor,
1036 2802 1138 2837 cuius

44 2848 170 2893 pignus
195 2847 349 2883 creditor
374 2846 558 2890 distraxit,
585 2858 666 2882 cum
689 2846 851 2889 Maevio,
877 2846 938 2891 qui
962 2857 1000 2882 se
1022 2846 1136 2891 legiti-

44 2903 140 2927 mum
164 2892 350 2928 creditoris
373 2892 539 2928 heredem
563 2902 642 2927 esse
664 2892 836 2934 iactabat,
861 2891 1005 2926 minimo
1018 2895 1136 2926 trans-

46 2938 133 2982 egit:
165 2941 297 2983 postea
326 2941 540 2973 testamento
573 2937 714 2982 prolato
740 2937 938 2982 Septicium
970 2937 1137 2972 heredem

46 2993 123 3018 esse
158 2982 335 3027 apparuit.
382 2983 583 3027 quaesitum
614 2986 687 3024 est,
723 2982 754 3017 si
785 2985 870 3027 agat
903 2981 1138 3027 pigneraticia

46 3027 184 3063 debitor
219 3038 301 3063 cum
333 3027 509 3072 Septicio,
546 3038 592 3062 011
625 3027 656 3062 10
691 3027 746 3062 1111
779 3027 896 3072 possit
927 3027 1137 3072 exceptione

45 3072 299 3108 transactionis
329 3072 449 3108 factae
481 3083 562 3108 cum
586 3072 739 3114 Maevio,
765 3072 827 3117 qui
849 3072 953 3107 heres
979 3082 1020 3108 οο
1046 3075 1135 3107 10111-

72 3119 156 3153 ore-'²
173 3128 246 3153 non
265 3117 393 3152 fuerit:
418 3118 602 3162 possitque
621 3117 799 3161 Septicius
818 3117 1019 3162 pecuniam,
1045 3127 1137 3162 quae

82 3163 180 3198 aevio
205 3166 246 3197 ut
274 3162 399 3198 heredi
429 3172 451 3197 a
484 3162 642 3197 debitore
675 3166 863 3197 numerata
894 3165 966 3204 est,
992 3162 1135 3198 condic-

45 3206 142 3242 tione
172 3211 351 3254 repetere,
386 3207 491 3259 quasi
521 3208 588 3242 sub
621 3210 810 3252 praetextu
842 3207 1050 3243 hereditatis
1075 3218 1134 3242 ac-

48 3255 196 3297 ceptam.
240 3252 424 3296 respond1t
447 3251 642 3287 secundum
668 3262 710 3287 ea
734 3262 827 3297 quae
850 3256 1136 3297 proponerentur

94 3410 132 3450 (1)
159 3409 240 3442 Sab.
255 3417 282 3443 4.
298 3417 384 3443 6...10
396 3420 404 3448 ;
416 3409 482 3442 Ed.
498 3416 521 3442 1.
537 3415 563 3442 2.
578 3416 694 3448 11...13;
715 3409 803 3452 Pap.
817 3417 844 3442 5.
859 3416 978 3448 14...17;
998 3409 1088 3452 App.
1103 3416 1129 3442 3.

48 3471 92 3477 -—-
105 3454 191 3487 Bas.
207 3455 260 3494 11,
274 3462 301 3488 2.
314 3472 360 3478 —
375 3454 426 3497 Cf.
444 3454 522 3487 Cod.
537 3454 569 3494 2,
583 3460 599 3486 4
671 3454 713 3494 (2)
739 3456 853 3495 potest
865 3454 948 3486 Hal.
1031 3455 1074 3495 (3)
1099 3456 1132 3486 et

52 3498 114 3531 del.
129 3498 212 3530 Hal.
373 3499 416 3540 (4)
442 3509 486 3530 011
498 3499 670 3540 11110111οΕ
677 3497 731 3538 ²8,
746 3509 790 3530 an
802 3499 860 3539 Fu,
875 3501 956 3531 anto
969 3497 1025 3539 Pb,
1037 3509 1080 3530 an
1093 3509 1132 3530 οο

50 3549 222 3584 antequam
235 3543 268 3575 in
281 3544 426 3586 marqine
438 3546 565 3585 quanto
571 3556 634 3586 pro
644 3553 683 3575 00
693 3544 879 3577 emendaret
890 3542 943 3577 F²
1025 3544 1068 3585 (5)
1094 3554 1132 3575 eo

49 3588 246 3619 testamento
259 3599 321 3620 scr.
414 3589 459 3629 (6)
484 3588 649 3628 redditur]
662 3588 794 3630 regitur
804 3600 868 3622 scr.
962 3589 1005 3630 (Ἰ)
1030 3605 1074 3616 =
1085 3589 1130 3621 D.

49 3631 105 3671 29,
118 3638 146 3670 3,
161 3639 184 3670 1,
195 3639 208 3665 1
277 3632 323 3672 (8)
348 3632 435 3664 ratio
448 3635 560 3665 autem
571 3633 670 3665 huius
683 3632 787 3665 edicti
801 3632 981 3665 manifesta
993 3634 1060 3665 est:
1074 3643 1131 3664 ne-

50 3684 114 3716 que
127 3676 217 3708 enim
229 3675 301 3708 sine
313 3675 425 3708 iudice
436 3677 580 3719 transigi
600 3687 708 3719 neque
721 3677 812 3719 apud
832 3678 979 3710 iudicem
1000 3677 1133 3719 exquiri

49 3720 173 3752 veritas
185 3720 225 3752 de
238 3720 292 3752 his
312 3721 559 3761 controversiis,
579 3731 665 3762 quae
677 3732 718 3754 ex
730 3725 931 3755 testamento
943 3722 1132 3765 proficisce-

2111 107 2153 149 Π
2187 110 2323 151 14.15

1221 234 1294 259 11011
1318 234 1436 269 posse,
1461 223 1548 268 quia
1570 234 1686 270 neque
1708 235 1791 261 cum
1814 236 1856 262 00
1878 226 1958 274 ipse
1976 228 2151 274 transegit
2168 239 2235 265 nec
2259 240 2320 266 ne-

1221 269 1357 314 gotium
1382 269 1527 314 Septicii
1551 268 1713 304 Maevius
1738 281 1863 315 gerens
1889 273 2041 318 accepit.
2237 298 2239 300 -

1269 313 1294 351 4
1327 314 1523 350 Utmiws
1541 314 1631 349 libro
1646 317 1952 363 quaquensimo
1964 322 2070 354 sexto
2083 319 2134 355 ad
2146 318 2319 356 Sabinum

1221 359 1414 404 Aquiliana
1449 359 1632 403 stipulatio
1670 361 1872 397 omnimodo
1909 374 2032 400 omnes
2064 365 2320 410 praecedentes

1221 405 1456 449 obligationes
1488 408 1598 439 novat
1631 409 1666 439 et
1688 407 1839 449 peremit
1861 407 2011 454 ipsaque
2034 411 2230 455 peremitur
2251 422 2319 464 per

1221 450 1550 494 acceptilationem:
1586 454 1622 485 et
1651 450 1722 485 1100
1746 451 1823 486 iure
1847 454 1989 488 utimur.
2028 455 2181 500 ideoque
2213 460 2319 492 etiam

1219 495 1338 539 legata
1371 495 1437 530 sub
1472 494 1682 530 condicione
1705 496 1831 531 relicta
1855 498 1890 531 in
1916 500 2182 543 stipulationem
2206 502 2318 547 Aqui-

1219 540 1353 575 lianam
1378 540 1615 575 deducuntur.

1266 583 1290 622 5
1316 585 1565 621 PAPJNJANUS
1575 586 1665 621 libro
1672 588 1796 632 primo
1810 587 2057 632 definitionum
2105 591 2193 627 Cum
2205 592 2317 637 Aqui-

1218 630 1317 665 liana
1341 631 1524 676 stipulatio
1549 631 1808 675 interponitur,
1842 643 1934 677 quae
1968 645 2010 669 ex
2037 646 2212 672 consensu
2237 638 2316 673 red-

1220 675 1316 710 ditur
1327 677 1352 718 6,
1376 676 1477 718 11100,
1512 676 1556 711 de
1603 676 1709 711 uibus
1742 688 1813 712 non
1848 682 1901 713 est
1934 680 2147 724 cogitatum,
2181 683 2217 717 in
2251 694 2316 719 suo

1219 724 1317 756 statu
1341 722 1551 756 retinentur.
1604 722 1838 757 ‘beralitatem
1865 724 1956 759 enim
1983 727 2179 770 captiosam
2204 728 2314 763 inter-

1217 767 1371 811 pretatio
1397 767 1627 811 prudentium
1650 767 1766 812 fregit.

1265 809 1316 848 6⁷
1344 811 1468 847 Galus
1496 812 1587 847 libro
1612 814 1763 858 septimo
1797 813 1935 849 decimo
1967 815 2018 849 ad
2048 817 2200 852 edictum
2226 830 2316 864 pro·

1217 856 1372 892 vino-idle
1419 857 1474 891 De
1507 857 1563 892 his
1597 858 1869 901 controversiis,
1903 870 1995 905 quae
2027 871 2070 896 ex
2101 866 2315 900 testamento

1216 901 1515 947 proficiscuntur,
1549 913 1663 947 neque
1687 904 1836 948 transigi
1861 915 1978 949 neque
2002 907 2138 952 exquiri
2161 909 2316 944 veritas‘*

1217 947 1325 999 aliter
1344 951 1465 993 potest
1489 957 1596 993 quam
1619 948 1791 993 inspectis
1818 950 2039 996 cognitisque
2061 953 2179 988 verbis
2203 957 2314 989 testa-

1216 996 1339 1028 menti.

1263 1035 1287 1073 7
1320 1037 1517 1073 Utpfflvvs
1537 1038 1628 1073 libro
1653 1039 1805 1084 septimo
1830 1039 2117 1086 disputationum
2163 1042 2215 1078 Et
2232 1048 2316 1087 post

1215 1093 1291 1118 rem
1315 1083 1511 1118 iudicatam
1534 1084 1732 1119 transactio
1757 1084 1861 1126 valet,
1888 1085 1919 1120 si
1930 1086 2020 1121 vela
2073 1087 2190 1122 ellatio
2204 1088 2314 1123 inter-

1218 1132 1233 1162 1
1285 1128 1433 1164 cesserit
1455 1128 1512 1164 vel
1536 1129 1719 1173 appellare
1741 1130 1914 1174 potueris.
1965 1130 2002 1166 Si
2042 1098 2205 1168 d'eiussor
2228 1144 2313 1168 con-

1214 1176 1340 1209 ventus
1366 1177 1401 1208 01
1425 1173 1682 1210 condemnatus
1706 1174 1844 1217 fuisset,
1869 1186 1952 1210 mox
1976 1187 2058 1212 reus
2082 1179 2315 1223 transegisset

1215 1229 1296 1254 cum
1317 1229 1370 1262 eo,
1396 1219 1455 1254 cui
1479 1222 1557 1254 erat
1579 1218 1770 1255 fideiussor
1794 1220 2071 1257 condemnatus:
2097 1224 2170 1257 an⁹
2193 1227 2313 1259 trans-

1214 1264 1309 1299 actio
1334 1264 1453 1300 valeat
1485 1264 1690 1309 quaeritur:
1725 1268 1761 1300 et
1792 1269 1880 1310 puto
1914 1267 2050 1309 valere,
2084 1269 2187 1313 quasi
2218 1269 2314 1304 omni

1214 1320 1325 1345 causa
1349 1313 1385 1345 et
1408 1309 1578 1345 adversus
1602 1320 1704 1345 reum
1728 1313 1764 1345 et
1785 1311 1954 1347 adversus
1975 1311 2220 1348 fideiussorem
2240 1314 2311 1349 dis-

1213 1355 1343 1390 soluta.
1381 1355 1412 1390 si
1442 1358 1565 1390 tamen
1591 1355 1669 1400 ipse
1693 1355 1884 1391 fideiussor
1909 1357 2168 1394 condemnatus
2192 1362 2311 1395 trans-

1213 1400 1303 1444 egit,
1342 1401 1409 1435 etsi
1444 1401 1643 1435 transactio
1679 1411 1752 1436 non
1776 1402 1926 1445 peremit
1938 1403 1966 1423 ¹⁰
1998 1413 2073 1437 rem
2104 1404 2310 1446 iudicatam,

1212 1449 1334 1481 tamen
1373 1455 1414 1480 eo
1451 1445 1548 1490 quod
1583 1445 1706 1480 datum
1742 1450 1797 1481 est
1827 1447 1976 1482 relevari
2010 1458 2084 1483 rem
2115 1449 2311 1485 iudicatam

1212 1492 1231 1524 2
1280 1493 1434 1535 oportet.
1483 1491 1604 1535 Usque
1621 1491 1711 1526 adeo
1726 1495 1846 1527 autem
1864 1492 1961 1537 quod
1978 1492 2100 1528 datum
2121 1497 2174 1529 est
2187 1495 2310 1529 etiam-

1211 1535 1241 1570 si
1275 1546 1349 1571 non
1379 1535 1523 1580 proficit
1557 1536 1604 1571 ad
1642 1537 1942 1580 transactionem,
1986 1542 2156 1574 extenuat
2189 1542 2311 1575 tamen

1210 1590 1285 1615 rem
1317 1580 1531 1623 iudicatam,
1565 1584 1606 1616 ut
1636 1581 1719 1616 inde
1743 1582 1790 1616 sit
1814 1585 1851 1617 et
1874 1582 2010 1618 dictum
2037 1587 2072 1618 et
2095 1584 2309 1630 rescriptum

1212 1626 1308 1661 circa
1330 1626 1579 1661 alimentorum
1591 1627 1872 1662 transactionem
1886 1628 1977 1663 citra
1989 1630 2167 1673 praetoris
2181 1633 2308 1666 aucto-

1209 1671 1352 1706 ritatem
1384 1671 1538 1713 factam,
1569 1674 1611 1706 ut
1658 1672 1731 1707 uod
1755 1672 1879 1707 datum
1903 1676 1958 1708 est
1979 1674 2149 1718 proficiat
2173 1675 2218 1710 ad
2244 1675 2307 1710 ali-

1210 1720 1348 1751 menta:
1374 1716 1426 1751 ita
1448 1720 1499 1758 ut,
1527 1716 1556 1751 si
1581 1716 1641 1761 qui
1689 1717 1840 1761 amplius
1862 1728 1906 1752 ex
1927 1728 2038 1753 causa
2059 1719 2308 1756 alimentorum

1211 1761 1332 1797 deberi
1355 1765 1493 1807 potest,
1519 1761 1555 1795 id
1578 1765 1800 1806 praestetur,
1826 1763 1923 1807 quod
1947 1767 2067 1798 autem
2092 1764 2217 1800 datum
2242 1769 2306 1807 est.

1208 1808 1256 1842 im
1282 1811 1415 1842 utetur.

1255 1817 1280 1890 ξ
1304 1851 1414 1887 IDEM
1428 1852 1519 1888 libro
1542 1853 1669 1898 quinto
1691 1853 1735 1887 de
1754 1853 1919 1889 omnibus
1940 1854 2183 1890 tribunalibus
2219 1854 2307 1890 Cum

1208 1898 1262 1940 hi,
1289 1897 1417 1942 quibus
1442 1898 1611 1932 alimenta
1634 1898 1760 1933 relicta
1785 1902 1906 1941 erant,
1938 1899 2046 1934 facile
2069 1900 2308 1945 transigerent

1209 1943 1369 1979 contenti
1392 1943 1533 1978 modico
1558 1944 1758 1987 praesenti:
1786 1943 1886 1979 divus
1910 1944 2059 1980 Marcus
2083 1945 2245 1980 oratione
2268 1946 2305 1980 in

1208 1991 1336 2024 senatu
1369 1988 1523 2023 recitata
1554 1988 1688 2031 effecit,
1721 1999 1767 2023 ne
1791 1989 1894 2024 aliter
1917 1989 2164 2025 alimentorum
2189 1994 2305 2026 trans-

1208 2034 1302 2069 actio
1327 2036 1408 2068 rata
1432 2036 1536 2075 esset,
1563 2044 1671 2085 quam
1695 2034 1726 2069 si
1749 2037 1898 2069 auctore
1919 2038 2088 2086 praetore
2110 2034 2221 2070 facta.
2248 2046 2308 2070 so-

1207 2079 1256 2114 let
1278 2079 1386 2124 igitur
1408 2081 1556 2124 praetor
1579 2079 1792 2114 intervenire
1806 2080 1832 2100 ¹¹
1858 2082 1894 2114 et
1916 2083 2010 2115 mter
2042 2080 2306 2115 consentientes

1207 2124 1392 2166 arbitrari,
1429 2134 1476 2158 an
1507 2124 1705 2159 transactio
1720 2124 1748 2144 ¹²
1780 2124 1835 2159 vel
1868 2134 1960 2169 quae
1992 2124 2131 2159 admitti
2163 2125 2308 2161 debeat.

1210 2173 1225 2204 1
1275 2169 1448 2204 Eiusdem
1481 2169 1656 2214 praetoris
1696 2169 1794 2204 notio
1830 2170 1876 2204 ob
1910 2170 2191 2205 transactionem
2227 2171 2305 2213 erit,

1207 2215 1280 2250 sive
1314 2214 1490 2250 habitatio
1528 2214 1601 2249 sive
1631 2214 1837 2250 vestiarium
1869 2214 1942 2250 sive
1974 2214 2018 2250 de
2049 2214 2204 2259 praediis
2240 2216 2305 2250 ali-

1208 2264 1227 2295 2
1275 2263 1434 2295 mentum
1457 2259 1645 2304 legabitur.
1693 2260 1793 2294 Haec
1825 2259 1941 2295 oratio
1975 2260 2131 2305 pertinet
2163 2260 2209 2295 ad
2240 2261 2305 2295 ali·

1206 2309 1340 2348 menta,
1366 2315 1458 2350 quae
1489 2308 1704 2340 testamento
1737 2305 1793 2340 vel
1827 2304 1998 2340 codicillis
2021 2304 2156 2340 fuerint
2180 2306 2306 2341 relicta

1207 2352 1280 2386 sive
1312 2350 1359 2386 ad
1389 2353 1645 2385 testamentum
1676 2349 1784 2385 factis
1818 2350 1892 2385 sive
1925 2350 1970 2385 ab
1994 2350 2176 2385 intestato.
2212 2351 2304 2385 idem

1207 2396 1274 2431 erit
1305 2395 1495 2431 dicendum
1528 2398 1564 2430 et
1596 2396 1626 2430 si
1650 2395 1774 2430 mortis
1799 2405 1910 2430 causa
1935 2395 2068 2430 donata
2091 2395 2225 2430 fuerint
2248 2406 2301 2430 re-

1205 2442 1292 2476 licta
1314 2441 1371 2476 vel
1395 2441 1440 2475 ab
1466 2451 1519 2482 eo,
1545 2441 1603 2475 cui
1627 2441 1751 2475 mortis
1777 2451 1888 2475 causa
1912 2440 2046 2475 donata
2071 2444 2174 2482 sunt,
2199 2440 2306 2476 relic·

1205 2487 1295 2521 ta¹³.
1333 2485 1397 2521 sed
1422 2489 1458 2521 et
1482 2485 1513 2520 si
1545 2485 1766 2520 condicionis
1797 2485 1998 2530 implendae
2032 2485 2149 2530 gratia
2179 2485 2304 2520 relicta

1206 2535 1300 2574 sunt,
1327 2531 1445 2566 adhuc
1468 2531 1562 2565 idem
1587 2530 1756 2566 dicemus.
1791 2531 1898 2575 plane
1922 2530 1966 2565 de
1990 2530 2185 2573 alimentis,
2212 2541 2306 2575 quae

1206 2587 1278 2612 non
1302 2576 1427 2611 mortis
1453 2586 1564 2611 causa
1588 2575 1722 2611 donata
1747 2579 1849 2616 sunt,
1882 2575 2005 2610 licebit
2038 2578 2074 2609 et
2097 2575 2174 2610 sine
2197 2585 2301 2620 prae-

1207 2625 1226 2657 3
1274 2625 1353 2657 tore
1396 2624 1544 2656 auctore
1587 2620 1736 2664 transigi
1748 2621 1786 2654 ¹⁴.
1836 2619 1916 2655 Sive
1948 2620 2057 2664 igitur
2089 2620 2128 2654 in
2161 2630 2303 2656 menses

1206 2667 1363 2712 singulos
1396 2666 1468 2701 sive
1499 2666 1537 2700 in
1568 2665 1642 2700 dies
1675 2665 1747 2700 sive
1779 2665 1816 2699 in
1848 2675 1962 2700 annos
1993 2664 2129 2700 fuerint
2163 2665 2302 2708 relicta,

1206 2712 1321 2747 oratio
1353 2711 1472 2746 locum
1501 2710 1621 2745 habet.
1660 2709 1722 2745 sed
1755 2713 1791 2745 et
1815 2709 1845 2744 si
1868 2720 1943 2745 non
1966 2709 2101 2745 fuerint
2124 2714 2301 2756 perpetuo

1206 2760 1227 2792 4
1274 2756 1417 2798 relicta,
1443 2755 1506 2791 sed
1530 2765 1644 2800 usque
1667 2755 1713 2790 ad
1738 2765 1852 2790 annos
1878 2758 2006 2798 certos,
2030 2755 2126 2790 idem
2150 2760 2214 2791 est.
2264 2755 2302 2791 Si

1205 2802 1345 2846 integra
1369 2801 1550 2846 quantitas
1575 2800 1682 2835 alicui
1713 2800 1823 2835 fuerit
1853 2799 1988 2845 legata,
2025 2803 2067 2835 111
2103 2811 2147 2836 ex
2182 2801 2301 2836 usuris

1207 2847 1282 2882 eius
1315 2856 1354 2881 se
1386 2846 1460 2880 alat
1492 2848 1528 2880 et
1559 2845 1682 2880 mortis
1716 2848 1876 2890 tempore
1906 2846 2079 2890 pecunias
2114 2846 2301 2881 restituat:

1206 2902 1278 2927 non
1304 2891 1461 2926 cessabit
1492 2890 1627 2932 oratio,
1662 2890 1747 2925 licet
1769 2901 1843 2925 non
1865 2890 1903 2925 in
1928 2901 2041 2925 annos
2066 2891 2224 2935 singulos
2249 2891 2300 2925 vi-

1206 2940 1225 2971 5
1275 2936 1404 2971 deatur
1425 2935 1464 2970 id
1487 2935 1661 2970 relictum.
1711 2934 1781 2970 Sed
1806 2936 1882 2971 et¹⁵
1907 2935 1937 2971 si
1961 2936 2008 2971 sit
2033 2940 2131 2971 certa
2155 2936 2298 2981 quanti-

1205 2985 1262 3016 tas
1287 2981 1414 3016 relicta
1438 2980 1533 3015 Titio
1557 2980 1613 3015 vel
1643 2990 1700 3015 res
1733 2980 1804 3022 ita,
1837 2984 1878 3015 ut
1908 2981 1991 3015 inde
2023 2981 2193 3016 alimenta
2217 2980 2299 3016 Seio

1205 3028 1450 3071 praestentur:
1486 3024 1599 3070 magis
1635 3028 1689 3060 est
1722 3028 1764 3060 ut
1795 3026 1993 3071 transigere
2024 3025 2141 3061 Titius
2172 3026 2299 3070 possit,

1205 3081 1272 3106 nec
1297 3070 1389 3106 enim
1411 3070 1656 3105 transactione
1679 3069 1765 3105 Titii
1788 3071 1998 3106 minuuntur
2021 3071 2191 3106 alimenta
2215 3070 2297 3105 Seii.

1204 3116 1367 3161 idemque
1397 3118 1452 3150 est
1485 3118 1520 3149 et
1553 3115 1583 3150 si
1640 3125 1678 3150 er
1708 3115 2020 3151 fideicommissum
2051 3116 2220 3151 alimenta
2253 3115 2300 3150 ad

1206 3164 1225 3196 6
1272 3161 1342 3196 hoc
1366 3159 1536 3205 legatario
1550 3160 1578 3181 ¹⁶
1625 3160 1742 3195 uerint
1773 3161 1910 3196 relicta.
1958 3161 2051 3195 Eam
2082 3161 2298 3196 transactio-

1205 3216 1285 3241 nem
1309 3205 1423 3241 oratio
1447 3205 1647 3249 improbat,
1679 3216 1772 3251 quae
1796 3205 1930 3241 idcirco
1963 3205 2024 3248 fit,
2058 3209 2100 3240 ut
2131 3206 2210 3251 quis
2242 3216 2297 3240 re-

1204 3254 1469 3296 praesentatam
1491 3250 1683 3294 pecuniam
1707 3254 1906 3286 consumat.
1945 3250 2030 3295 quid
2054 3261 2136 3296 ergo
2163 3250 2194 3286 si
2219 3250 2299 3295 quis

1200 3411 1319 3440 rentur
1332 3408 1375 3440 D.
1393 3408 1413 3440 l.
1427 3420 1507 3451 yem.
1621 3410 1666 3450 (9)
1691 3419 1734 3440 an
1749 3409 1787 3450 S,
1803 3421 1860 3440 om.
1875 3409 1910 3441 F
2024 3411 2084 3450 (10)
2110 3408 2298 3440 0101110110-

1201 3453 1290 3485 actio
1312 3463 1380 3485 non
1402 3453 1541 3495 perimit
1562 3453 1600 3495 S,
1623 3452 2085 3485 stransactionemonferemit
2104 3453 2161 3491 pu,
2184 3454 2293 3482 trans-

1201 3498 1530 3539 actionnonperemit
1543 3499 1577 3538 (11
1589 3505 1664 3531 ante
1673 3509 1741 3530 non
1752 3499 1859 3531 delere
1870 3505 1899 3530 et
1911 3497 1975 3529 etsi
1987 3499 2109 3530 addere
2118 3497 2231 3535 oblita)
2242 3497 2276 3528 F
2280 3495 2298 3515 ²

1202 3544 1256 3584 (11)
1282 3542 1484 3576 invenireF
1530 3544 1588 3584 (12)
1613 3543 1725 3575 valeat
1738 3544 1799 3576 ins.
1814 3543 1951 3575 F'manu
1966 3543 2075 3575 utvid.
2092 3548 2108 3574 3
2157 3541 2216 3582 (13)
2240 3550 2293 3572 re-

1200 3587 1323 3620 lictave
1336 3586 1378 3619 ab
1392 3597 1442 3627 eo,
1456 3587 1513 3619 cui
1525 3588 1643 3620 mortis
1656 3598 1757 3620 causa
1770 3587 1930 3619 donatum
1943 3589 1993 3618 est
2004 3599 2067 3618 scr.
2163 3586 2221 3626 (14)
2246 3586 2298 3618 sic

1203 3631 1279 3671 PU,
1293 3633 1495 3665 auctoritate
1509 3633 1655 3674 transigi
1672 3633 1709 3672 V,
1719 3630 2053 3671 auctoritateransigi
2067 3631 2101 3662 F
2176 3630 2234 3671 (15)
2259 3632 2294 3661 et

1203 3677 1267 3709 del.
1360 3677 1420 3719 (16)
1445 3687 1506 3719 per
1518 3677 1810 3709 fideicommissum
1824 3676 1866 3708 ad
1880 3676 1942 3707 hoc
1956 3674 2115 3707 alimenta
2131 3684 2150 3706 a
2163 3673 2294 3716 legata-

1202 3721 1254 3752 rio
1266 3733 1328 3754 ser.

1999 3776 2019 3808 5
