2528 3918
119 117 159 148 sl
190 116 298 156 QUID
328 118 376 149 IN
405 117 620 149 FRAUDEM
648 117 843 148 PATRONI

120 235 269 271 liberum
298 233 368 269 fuit
397 233 515 278 legare
542 232 615 268 filio
644 232 990 277 quantumquantum
1020 229 1139 272 vellet,
1171 229 1202 265 is

120 285 138 315 3
188 279 352 316 donando
376 290 447 314 non
471 278 610 314 videtur
630 276 818 312 fraudasse
841 279 1043 321 patronum.
1093 275 1205 310 Omne

120 330 254 367 autem,
289 324 536 370 quodcumque
562 322 600 357 in
623 321 786 357 fraudem
808 321 952 366 patroni
973 324 1113 365 gestum
1138 324 1202 362 est,

121 376 139 405 4
187 374 385 405 revocatur.
430 368 561 404 Dolum
591 367 753 411 accipere
782 377 848 402 nos
878 370 1020 411 oportet
1043 367 1118 401 eius
1144 365 1204 410 qui

121 416 305 459 alienavit,
335 424 408 450 non
425 413 500 448 eius
525 411 584 447 cui
608 412 800 447 alienatum
825 414 896 447 est:
928 415 964 447 et
992 411 1044 446 ita
1075 411 1201 452 evenit,

121 465 161 496 ut
186 461 246 505 qui
268 459 405 495 fraudis
429 457 484 493 vel
508 457 579 492 doli
604 457 770 492 conscius
793 467 866 492 non
889 456 968 498 fuit,
996 466 1118 492 carere
1142 456 1202 491 de-

122 507 202 541 beat
225 516 264 541 re
285 506 324 540 in
347 503 510 539 fraudem
532 503 674 547 patroni
697 502 870 544 alienata,
895 501 966 538 etsi
986 502 1126 546 putavit
1148 501 1201 536 in-

121 556 139 586 5
187 550 363 596 genuum¹
387 558 453 583 nec
479 547 629 583 credidit
650 547 866 583 libertinum.
911 547 1092 583 Adversus
1117 558 1202 582 con-

121 601 318 642 patronum,
343 594 404 638 qui
429 597 553 628 contra
576 593 719 628 tabulas
743 593 918 628 bonorum
941 593 1203 637 possessionem

121 641 247 682 omisit,
271 639 456 675 Faviana2
479 649 551 674 non
576 638 755 683 competit,
781 639 811 673 si
835 649 908 674 non
930 638 1010 683 plus
1035 638 1082 673 sit
1104 638 1141 673 in
1159 648 1202 672 eo

119 686 213 731 quod
236 685 405 720 donatum
429 688 483 718 est
531 694 612 718 uam
636 694 721 728 pars
746 683 867 718 debita
888 687 1055 729 patrono.
1093 692 1203 728 quare

118 732 148 767 si
171 730 293 766 mortis
318 739 429 764 causa
452 728 485 764 01
539 733 687 764 0110111111
715 728 779 772 sit,
806 731 950 781 partem
978 728 1088 764 faciet
1118 739 1203 764 con-

117 780 286 821 patrono,
328 774 625 819 quemadmodum
665 774 859 819 legatarlus
893 777 1068 819 patronus
1104 772 1202 809 facit.

117 826 137 856 6
184 821 312 856 Utrum
335 822 456 854 autem
480 819 527 854 ad
550 830 594 855 ea
616 819 695 855 sola
717 819 920 855 revocanda
938 819 1099 855 Faviana
1122 829 1202 864 per-

117 867 216 908 tinet,
242 875 333 911 quae
350 864 428 910 quis
447 864 597 901 libertus
622 865 666 900 de
690 865 794 900 bonis
819 863 1001 908 deminuit,
1025 875 1072 900 an
1097 864 1203 900 etiam

117 911 163 946 ad
186 921 239 953 ea,
267 921 359 955 quae
382 921 455 945 non
478 910 657 955 adquisiit,
682 910 873 946 videndum
896 913 962 946 est.
1010 913 1046 945 et
1069 910 1120 945 ait
1142 909 1202 944 Iu-

116 957 231 992 lianus
254 956 347 991 libro
372 955 564 991 vicensimo
589 959 690 991 sexto
716 956 944 1000 digestorum,
970 955 1000 991 si
1023 955 1202 991 heredita-

116 1006 186 1038 tem
208 1002 357 1037 libertus
382 1012 454 1036 non
478 1001 608 1036 adierit
631 1001 823 1036 fraudandi
846 1000 991 1045 patroni
1015 1011 1126 1036 causa
1148 1000 1204 1035 vel

116 1046 268 1091 legatum
298 1046 511 1091 reppulerit,
549 1047 745 1081 Favianam
787 1056 948 1082 cessare:
987 1046 1084 1091 quod
1117 1045 1204 1081 mihi

116 1092 252 1128 videtur
272 1102 404 1127 verum.
443 1092 602 1136 quamvis
627 1092 719 1127 enim
741 1091 897 1136 legatum
920 1095 1016 1127 retro
1040 1094 1203 1127 nostrum

116 1138 179 1179 sit,
208 1137 279 1173 nisi
300 1136 524 1182 repudietur,
555 1140 713 1172 attamen
743 1148 824 1172 cum
847 1137 1075 1182 repudiatur,
1106 1140 1202 1172 retro

113 1186 277 1218 nostrum
304 1193 377 1218 non
407 1181 519 1218 fuisse
549 1182 669 1225 palam
701 1185 766 1218 est.
821 1182 860 1217 in
895 1182 1022 1218 ceteris
1061 1192 1203 1227 quoque

115 1228 406 1269 liberalitatibus,
440 1237 529 1272 quas
553 1238 626 1263 non
650 1227 792 1263 admisit
811 1227 844 1262 is
867 1227 1017 1263 libertus
1042 1227 1101 1262 cui
1125 1226 1203 1272 quis

115 1274 286 1308 donatum
304 1272 426 1316 voluit,
451 1273 544 1307 idem
569 1273 636 1308 erit
658 1273 884 1318 probandum
897 1272 1101 1307 Fabianam
1126 1283 1202 1308 ces-

115 1329 213 1355 sare:
239 1317 374 1354 sufficit
396 1318 489 1354 enim
513 1321 676 1363 patrono,
701 1318 733 1353 si
756 1318 845 1353 nihil
868 1317 912 1354 de
936 1329 1001 1354 suo
1024 1318 1062 1353 in
1079 1328 1203 1353 necem

115 1365 191 1399 eius
214 1364 364 1399 libertus
389 1363 565 1405 alienavit,
591 1374 664 1398 non
688 1363 718 1398 si
741 1374 813 1399 non
837 1363 1025 1408 adquisiit:
1052 1362 1203 1409 proinde

115 1414 151 1445 et
174 1409 222 1453 si,
254 1419 336 1444 cum
359 1409 426 1444 sub
451 1408 661 1444 condicione
685 1408 717 1444 ei
739 1409 895 1453 legatum
919 1413 1030 1451 esset,
1060 1409 1097 1443 id
1121 1409 1202 1453 egit,

115 1465 160 1490 ne
183 1454 345 1490 condicio
371 1454 549 1497 existeret,
575 1453 639 1496 vel,
672 1453 703 1489 si
726 1455 793 1489 sub
820 1453 1029 1489 condicione
1052 1454 1202 1499 stipula-

114 1504 173 1536 tus
201 1499 330 1542 fuerit,
369 1498 495 1534 maluit
526 1499 678 1534 deficere
712 1499 978 1535 condicionem.
1014 1498 1203 1535 dicendum

116 1549 133 1580 7
182 1549 238 1581 est
259 1545 455 1580 Favianam
479 1554 631 1580 cessare.
680 1543 774 1588 Quid
803 1544 833 1579 si
861 1544 899 1579 in
927 1544 990 1580 lite
1019 1544 1112 1580 vinci
1141 1556 1202 1580 vo-

115 1590 205 1626 luit?
247 1590 280 1626 si
309 1589 450 1635 quidem
483 1589 738 1625 condemnatus
769 1593 824 1625 est
846 1589 932 1624 data
955 1600 1066 1635 opera
1089 1590 1144 1625 vel
1166 1590 1204 1624 in

114 1637 192 1672 iure
222 1635 426 1678 confessus,
457 1634 646 1670 dicendum
676 1634 743 1670 erit
765 1635 962 1670 Favianam
990 1635 1109 1671 locum
1139 1636 1202 1670 ha-

115 1682 215 1717 bere:
241 1681 338 1726 quod
356 1681 387 1716 si
402 1680 518 1716 noluit
536 1680 706 1725 optinere,
733 1691 813 1715 cum
832 1684 979 1725 peteret,
1004 1681 1062 1716 hic
1082 1680 1202 1716 viden-

116 1727 208 1762 dum.
258 1730 294 1762 et
325 1729 411 1771 puto
441 1726 538 1760 hunc
568 1725 782 1761 deminuisse
807 1726 850 1761 de
873 1726 1109 1770 patrimonio:
1143 1736 1202 1761 ac-

115 1773 247 1808 tionem
280 1772 373 1807 enim
405 1771 449 1806 de
480 1771 585 1806 bonis
617 1771 806 1814 deminuit,
846 1771 1143 1816 quemadmodum
1174 1772 1205 1807 si

115 1820 135 1853 8
182 1827 311 1862 passus
346 1820 441 1852 esset
477 1816 627 1851 actionis
663 1816 755 1851 diem
789 1817 899 1852 abire.
951 1816 1022 1852 Sed
1056 1817 1086 1852 si
1117 1821 1206 1861 puta

119 1862 312 1907 querellam
335 1861 540 1903 inofficiosi,
573 1872 678 1906 quam
702 1862 834 1906 potuit,
866 1862 923 1897 vel
952 1872 1058 1906 quam
1086 1862 1203 1906 aliam,

115 1909 208 1944 forte
238 1908 449 1943 iniuriarum
479 1907 534 1942 vel
565 1907 739 1942 similem³
761 1907 948 1942 instituere
971 1907 1101 1951 noluit,
1132 1918 1205 1943 non

117 1957 136 1989 9
183 1957 304 1999 potest
326 1956 500 1998 patronus
526 1952 570 1987 ob
596 1962 675 1987 eam
692 1952 936 1987 remFaviana
955 1953 1118 1997 experiri.
1155 1953 1205 1987 At

115 1999 146 2035 si
169 1998 343 2043 transegit
365 1998 403 2032 in
425 1997 589 2032 fraudem
612 1997 765 2042 patroni,
790 1998 923 2042 poterit
941 2003 1115 2043 patronus
1132 1998 1203 2032 Fa-

118 2048 159 2079 10
206 2044 311 2080 viana
341 2043 406 2078 uti.
459 2042 530 2078 Sed
558 2043 590 2078 si
620 2043 769 2078 libertus
803 2042 913 2078 filiam
944 2043 1097 2086 dotavit,
1135 2043 1205 2079 1100

115 2090 212 2135 ipso,
247 2088 343 2134 quod
366 2087 517 2130 dotavit,
550 2098 622 2123 non
645 2088 785 2123 videtur
808 2088 977 2124 fraudare
1001 2094 1204 2133 patronum,

119 2139 156 2170 11
207 2135 291 2179 quia
326 2134 441 2179 pietas
477 2133 589 2178 patris
625 2144 698 2168 non
730 2137 785 2169 est
815 2134 1119 2179 reprehendenda.
1168 2134 1205 2169 Si

116 2180 278 2226 pluribus
306 2179 345 2214 in
373 2178 537 2214 fraudem
568 2179 717 2214 libertus
749 2179 934 2214 donaverit
963 2180 1019 2214 vel
1041 2180 1204 2225 pluribus

116 2226 240 2261 mortis
272 2235 400 2266 causa,
437 2224 634 2269 aequaliter
664 2227 839 2268 patronus
875 2225 1047 2260 adversus
1082 2235 1204 2261 omnes

115 2271 153 2306 in
180 2274 320 2316 partem
349 2269 418 2305 sibi
447 2269 602 2304 debitam
625 2269 698 2305 sive
722 2269 882 2305 Faviana
906 2270 978 2305 sive
1004 2270 1206 2306 Calvisiana

119 2319 160 2351 12
206 2315 419 2360 experietur.
461 2314 500 2349 Si
524 2314 602 2359 quis
626 2315 663 2349 in
686 2314 850 2350 fraudem
873 2319 1108 2360 patronorum
1131 2326 1206 2351 rem

116 2361 312 2396 vendiderit
341 2361 395 2395 vel
427 2360 598 2395 locaverit
625 2360 681 2395 vel
711 2361 982 2405 permutaverit,
1022 2361 1127 2405 quale
1159 2361 1206 2396 sit

116 2406 305 2442 arbitrium
327 2405 465 2448 iudicis,
490 2405 681 2440 videamus.
718 2409 755 2440 et
769 2406 808 2440 in
820 2416 860 2441 re
876 2406 1017 2451 quidem
1033 2406 1205 2442 distracta

118 2452 249 2488 deferri
266 2451 428 2486 condicio
447 2450 553 2486 debet
571 2451 732 2495 emptori,
757 2455 876 2486 utrum
895 2451 996 2486 malit
1012 2462 1086 2487 rem
1107 2462 1203 2497 emp-

115 2501 191 2532 tam
212 2497 347 2532 habere
370 2496 464 2531 iusto
489 2496 605 2541 pretio
630 2506 677 2530 an
702 2506 784 2531 vero
809 2507 831 2531 a
855 2507 894 2532 re
917 2497 1099 2532 discedere
1123 2508 1204 2542 pre-

117 2543 167 2578 tio
203 2545 368 2587 recepto:
408 2551 523 2586 neque
560 2541 761 2577 omnimodo
797 2542 999 2577 rescindere
1035 2542 1205 2578 debemus

118 2587 373 2629 venditionem,
397 2587 500 2632 quasi
522 2586 672 2622 libertus
695 2587 750 2622 ius
774 2586 949 2622 vendendi
973 2598 1045 2622 non
1069 2588 1204 2623 habue-

117 2633 176 2676 rit,
200 2643 267 2668 nec
290 2632 498 2667 fraudemus
521 2631 635 2676 pretio
661 2636 865 2677 emptorem,
889 2633 1041 2668 maxime
1060 2644 1140 2668 cum
1161 2634 1205 2668 de

122 2682 161 2713 13
208 2678 291 2713 dolo
311 2678 387 2712 eius
409 2688 481 2712 non
500 2676 713 2722 disputetur,
732 2677 795 2712 sed
815 2677 859 2712 de
877 2677 958 2713 dolo
979 2677 1119 2713 liberti.>
1136 2678 1205 2714 Sed

119 2724 150 2758 si
173 2723 298 2758 emerit
320 2723 357 2757 in
380 2722 544 2757 fraudem
572 2722 716 2767 patroni
743 2722 909 2764 libertus,
940 2733 1054 2767 aeque
1085 2723 1204 2759 dicen-

118 2768 203 2803 dum
214 2770 240 2811 4,
271 2768 303 2804 01
333 2778 460 2812 magno
492 2767 590 2811 emit,
619 2767 657 2802 in
686 2767 800 2812 pretio
831 2768 1059 2803 relevandum
1082 2772 1205 2813 patro-

119 2825 215 2856 num,
240 2813 449 2848 condicione
469 2823 542 2847 non
560 2812 630 2857 ipsi
649 2812 778 2855 delata,
798 2823 845 2848 an
861 2813 945 2848 velit
963 2814 1009 2848 ab
1028 2813 1206 2858 emptione

119 2858 313 2901 discedere,
338 2857 402 2894 sed
425 2857 609 2902 venditori,
633 2861 755 2893 utrum
773 2858 875 2893 malit
892 2858 936 2894 de
952 2859 1067 2903 pretio
1085 2859 1205 2894 remit-

119 2908 194 2940 tere
217 2914 265 2939 011
287 2904 406 2949 potius
431 2914 507 2938 rem
530 2913 636 2947 quam
658 2903 816 2938 vendidit
837 2903 998 2948 recipere
1020 2904 1205 2948 persoluto

119 2949 247 2994 pretio.
295 2953 332 2984 et
360 2949 397 2983 in
426 2948 688 2993 permutatione
716 2951 753 2984 et
774 2948 812 2983 111
836 2949 1013 2984 1000110110
1038 2951 1097 2984 et⁵
1121 2960 1205 2984 0011-

123 2997 164 3029 14
211 2995 378 3029 (1110110110
391 2993 554 3028 01111111101·
569 2993 663 3028 1(10111
677 2994 954 3030 observabimus.
992 2994 1062 3030 Sed
1083 2994 1113 3029 si
1131 3005 1206 3030 rem

120 3039 261 3083 quidem
284 3040 380 3075 bona
403 3038 473 3074 fide
494 3038 692 3074 vendiderit
714 3043 751 3074 et
773 3039 850 3075 sine
873 3039 948 3075 ulla
965 3039 1082 3084 gratia
1100 3040 1205 3075 liber-

119 3089 190 3127 tus,
221 3085 375 3130 pretium
399 3088 518 3119 autem
541 3088 730 3128 acceptum
753 3085 814 3119 alii
838 3085 992 3127 donavit,
1017 3085 1207 3120 videndum

121 3130 203 3172 erit,
234 3130 312 3174 quis
335 3129 496 3165 Faviana
519 3129 752 3174 inquietetur,
783 3133 903 3165 utrum
932 3130 994 3175 qui
1022 3140 1096 3165 rem
1123 3131 1208 3165 emit

120 3185 168 3209 an
190 3184 273 3210 vero
298 3175 328 3210 is
352 3175 411 3219 qui
433 3175 588 3219 pretium
611 3174 704 3210 dono
729 3175 894 3227 accepit?
928 3179 965 3211 et
987 3175 1206 3221 Pomponius

120 3220 212 3255 libro
237 3220 475 3264 octagensimo
500 3220 605 3255 tertio
629 3223 727 3254 recte
751 3220 896 3265 scripsit
916 3224 1111 3266 emptorem
1135 3232 1207 3256 non

121 3275 199 3300 esse
219 3264 505 3309 inquietandum:
530 3264 631 3300 fraus
647 3265 739 3299 enim
755 3268 907 3310 patrono
920 3266 958 3300 in
974 3266 1090 3311 pretio
1108 3266 1207 3301 facta

122 3314 195 3344 est:
234 3319 314 3344 eum
341 3309 449 3353 igitur
479 3310 539 3355 qui

595 3309 724 3345 retium
754 3310 847 3346 dono
878 3311 1019 3356 accepit
1047 3311 1207 3347 Faviana

125 3358 164 3388 15
213 3354 501 3389 conveniendum.

584 3359 599 3389 t
621 3355 710 3390 alias
734 3355 934 3399 videamus,
964 3357 995 3391 si
1022 3356 1119 3391 dicat
1141 3367 1206 3402 pa-

121 3403 247 3434 tronus
272 3409 347 3434 rem
370 3399 512 3444 quidem
534 3400 628 3436 iusto
653 3400 767 3445 pretio
791 3400 941 3443 venisse,
966 3406 1206 3437 verumtamen

121 3444 192 3479 hoc
222 3445 392 3479 interesse
424 3455 490 3480 sua
518 3456 591 3481 11011
620 3455 699 3481 0000
729 3445 976 3481 venumdatam
1006 3446 1114 3492 inque
1137 3448 1206 3483 hoc

123 3499 202 3525 esse
225 3489 398 3531 fraudem,
423 3490 518 3534 quod
534 3490 682 3526 venierit
697 3491 889 3536 possessio,
913 3491 951 3526 in
970 3502 1077 3536 quam
1095 3492 1207 3528 habet

122 3538 295 3580 patronus
318 3533 541 3570 affectionem
564 3536 620 3571 vel
645 3536 923 3581 opportunitatis
939 3537 994 3572 vel
1012 3537 1206 3573 vicinitatis

124 3649 162 3687 (11
188 3647 321 3690 putavit
338 3647 523 3689 ingenuum
542 3648 604 3681 del.
720 3652 762 3690 (2)
787 3649 939 3683 Fabiana
957 3657 988 3683 et
1007 3651 1058 3684 hic
1076 3659 1107 3684 et
1125 3651 1209 3683 alibi

124 3694 323 3725 scribendum
440 3695 481 3733 (3)
507 3691 560 3725 vel
572 3703 671 3735 quam
682 3694 781 3727 aliam
793 3694 944 3735 similem,
963 3695 1049 3727 forte
1063 3696 1205 3728 iniuria-

125 3747 271 3770 rumscr.
367 3746 406 3775 (4)
434 3738 567 3771 eritius.
583 3738 634 3770 F2
734 3742 775 3778 (5)
801 3740 837 3772 111
850 3742 910 3772 ins.
923 3739 978 3772 17⁷2
1076 3742 1119 3782 (6)
1145 3740 1207 3773 ali-

1191 98 1277 150 575

2073 103 2301 146 XXXVIII
2333 106 2356 145 5

1271 227 1327 263 vel
1351 226 1441 263 caeli
1465 227 1519 263 vel
1544 226 1639 272 quod
1662 227 1734 262 illic
1758 227 1931 264 educatus
1964 227 2011 264 sit
2032 228 2088 264 vel
2110 232 2277 274 parentes
2303 241 2356 265 se·

1272 273 1380 318 pulti,
1412 284 1458 308 an
1490 273 1620 308 debeat
1651 272 1766 307 audiri
1795 274 1916 308 volens
1948 284 2127 310 revocare.
2174 274 2238 310 sed
2260 276 2357 310 nullo

1272 322 1378 363 pacto
1403 319 1470 354 erit
1494 317 1711 353 audiendus:
1737 317 1836 353 fraus
1862 320 1953 353 enim
1977 319 2014 353 in
2038 319 2167 355 damno
2185 320 2359 365 accipitur

1275 368 1315 399 16
1361 364 1580 408 pecuniario.
1628 362 1699 398 Sed
1730 363 1762 398 si
1792 363 1885 398 forte
1914 367 1950 398 et
1979 375 2036 400 res
2059 365 2162 400 vilius
2187 365 2360 401 distracta

1272 409 1319 444 sit
1342 413 1379 443 et
1402 410 1556 453 pretium
1579 408 1640 443 alii
1664 408 1845 450 donatum,
1871 412 2022 453 uterque
2045 410 2203 446 Faviano
2227 411 2358 446 iudicio

1273 454 1502 489 convenietur
1526 458 1562 489 et
1585 453 1646 499 qui
1669 454 1728 488 vili
1752 454 1837 489 emit
1862 457 1897 488 et
1921 455 1981 497 qui
2004 456 2191 499 pecuniam
2220 456 2359 501 accepit

1271 499 1420 534 muneri.
1468 499 1498 535 is
1530 503 1649 534 tamen
1681 499 1741 544 qui
1773 499 1856 534 emit
1886 499 1916 533 si
1940 500 2039 534 malit
2062 512 2135 535 rem
2159 502 2358 543 restituere,

1271 556 1343 580 non
1367 545 1456 580 alias
1480 545 1656 586 restituet,
1683 554 1791 588 quam
1814 543 1846 579 si
1868 545 2021 588 pretium
2045 546 2140 590 quod
2164 548 2361 582 numeravit

1271 590 1432 634 recipiat.
1481 590 1566 634 quid
1598 599 1698 634 ergo,
1737 589 1769 625 si
1806 589 1989 632 delegatus
2025 594 2163 635 emptor
2192 592 2296 628 solvit
2328 593 2361 627 ei

1274 635 1332 670 cui
1361 635 1521 670 donabat
1551 635 1717 678 libertus,
1750 645 1797 669 an
1829 634 1939 669 nihilo
1971 635 2086 671 minus
2118 637 2361 681 reciperaret?

1272 684 1309 716 et
1331 681 1445 725 magis
1469 683 1539 724 est,
1565 684 1606 715 ut
1629 680 1832 733 reciperare
1856 679 2000 724 debeat,
2030 680 2114 716 licet
2137 683 2291 727 pretium
2315 683 2361 717 ad

1272 726 1406 760 alium⁶
1437 725 1617 770 pervenit,
1651 737 1712 771 qul
1743 724 1912 761 solvendo
1944 736 2016 761 non
2050 730 2121 761 est:
2154 738 2235 762 nam
2265 732 2301 763 et
2330 728 2361 764 si

1272 775 1461 816 acceptum
1499 771 1652 815 pretium
1692 771 1844 806 libertus
1883 770 2122 815 prodegisset,
2164 772 2361 808 diceremus

1272 816 1383 852 nihilo
1407 816 1524 851 minus
1549 826 1630 852 eum
1654 816 1715 860 qui
1738 816 1835 851 dedit
1859 816 2018 868 recipere
2043 816 2188 859 debere,
2218 818 2250 853 si
2278 819 2363 854 velit

1278 864 1314 896 17
1363 861 1410 897 ab
1447 861 1625 907 emptione
1661 861 1855 897 discedere.
1905 861 1943 896 S1
1977 866 2137 897 mutuam
2174 864 2362 907 pecuniam

1271 907 1423 943 libertus
1451 907 1490 942 in
1520 906 1684 942 fraudem
1714 907 1860 952 patroni
1891 916 1976 941 acce
2004 907 2089 949 erit,
2130 918 2176 943 an
2205 908 2362 944 Faviana

1272 953 1390 988 locum
1413 952 1557 995 habeat,
1582 952 1774 987 videamus.
1824 955 1860 987 et
1892 962 1962 996 quo
2016 953 2210 987 remedium
2233 954 2271 988 in
2294 955 2362 989 hoc

1273 998 1353 1033 est?
1385 998 1526 1042 accepit
1548 1002 1727 1032 mutuam:
1753 997 1783 1033 si
1807 997 1903 1042 quod
1927 998 2066 1043 accepit
2089 997 2251 1042 donavit,
2277 1010 2361 1034 con-

1272 1044 1369 1079 venit
1393 1054 1475 1078 eum
1497 1046 1673 1088 patronus
1699 1043 1758 1078 cui
1781 1042 1926 1078 donavit
1948 1042 2117 1078 libertus:
2143 1044 2206 1079 sed
2224 1045 2364 1089 accepit

1272 1092 1309 1124 et
1339 1088 1521 1133 prodegit:
1555 1099 1628 1124 non
1657 1088 1763 1123 debet
1792 1088 1941 1133 perdere
1972 1089 2032 1133 qui
2061 1092 2224 1123 mutuum
2255 1089 2362 1133 dedit,

1278 1137 1315 1169 18
1363 1145 1430 1169 1100
1454 1134 1486 1169 01
1508 1134 1689 1179 imputari,
1716 1144 1780 1168 cur
1799 1133 1906 1168 dedit.
1943 1133 2055 1168 Plane
2080 1134 2111 1169 si
2134 1145 2205 1170 non
2226 1136 2366 1179 accepit

1276 1182 1316 1214 19
1365 1182 1401 1214 et
1423 1179 1618 1224 spopondit
1641 1179 1686 1214 sti
1713 1179 1844 1221 ulanti,
1871 1178 1939 1214 erit
1962 1178 2142 1215 Favianae
2165 1180 2278 1215 locus.
2328 1181 2364 1215 Si

1272 1224 1448 1260 fideiussit
1476 1225 1574 1270 apud
1605 1235 1662 1260 me
1709 1224 1844 1260 'bertus
1876 1224 1932 1259 vel
1961 1235 2035 1259 rem
2064 1236 2166 1260 suam
2197 1237 2262 1270 pro
2296 1226 2364 1261 alio

1273 1271 1412 1315 pignori
1444 1270 1542 1305 dedit
1571 1270 1609 1305 in
1640 1280 1764 1306 necem
1792 1269 1952 1314 patroni,
1985 1280 2032 1304 011
2056 1270 2215 1305 Faviana
2247 1271 2363 1307 locum

1271 1317 1423 1359 habeat,
1448 1315 1647 1360 videamus,
1674 1319 1709 1351 et
1731 1315 1906 1360 numquid
1931 1326 2012 1350 cum
2036 1315 2165 1351 damno
2189 1327 2268 1352 meo
2293 1327 2363 1351 non

1273 1361 1402 1396 debeat
1431 1365 1585 1406 patrono
1618 1361 1816 1396 subveniri:
1854 1371 1970 1405 neque
2001 1361 2092 1395 enim
2123 1361 2271 1397 donavit
2301 1363 2363 1396 ali-

1273 1406 1358 1452 quid
1380 1407 1477 1449 mihi,
1502 1407 1534 1442 si
1557 1417 1623 1452 pro
1648 1406 1767 1459 aliquo
1792 1406 1992 1450 intervenit,
2024 1406 2084 1451 qui
2107 1418 2180 1442 non
2203 1407 2272 1442 fuit
2295 1409 2364 1442 sol-

1272 1452 1404 1487 vendo:
1432 1462 1544 1496 eoque
1567 1451 1645 1487 iure
1669 1456 1813 1486 utimur.
1850 1451 1959 1495 igitur
1976 1452 2132 1487 creditor
2146 1463 2217 1487 non
2233 1453 2365 1497 poterit

1272 1498 1433 1532 Faviana
1454 1497 1652 1533 conveniri:
1678 1497 1819 1532 debitor
1836 1497 1969 1541 poterit
1988 1497 2140 1541 quidem,
2165 1497 2228 1533 sed
2246 1501 2367 1542 potest

1274 1546 1309 1578 et
1322 1543 1501 1578 mandati:
1526 1543 1634 1588 plane
1647 1543 1678 1578 si
1697 1542 1842 1577 deficiat
1855 1542 2014 1577 mandati
2031 1543 2137 1587 actio,
2155 1544 2239 1588 quia
2254 1544 2364 1578 dona-

1273 1591 1316 1623 20
1363 1589 1470 1624 tionis
1497 1599 1607 1624 causa
1630 1587 1831 1630 intervenit,
1858 1587 1926 1622 erit
1942 1587 2122 1623 Favianae
2146 1588 2258 1624 locus.
2296 1588 2366 1624 Sed

1273 1638 1310 1669 et
1334 1634 1364 1669 si
1388 1634 1576 1669 mandator
1600 1634 1719 1668 extitit
1741 1643 1808 1677 pro
1833 1633 1952 1677 aliquo
1977 1633 2144 1676 libertus,
2175 1634 2270 1669 idem
2300 1634 2367 1669 erit

1274 1682 1312 1713 21
1364 1679 1600 1724 probandum.
1649 1678 1815 1722 Quamvis
1840 1682 1959 1713 autem
1981 1678 2020 1713 in
2042 1682 2181 1723 partem
2205 1679 2366 1714 Faviana

1274 1728 1464 1769 competat,
1489 1728 1646 1759 attamen
1670 1724 1708 1758 in
1731 1724 1786 1759 his
1812 1734 1903 1768 quae
1927 1723 2036 1758 dividi
2059 1735 2131 1759 non
2154 1729 2306 1769 possunt
2328 1725 2365 1760 in

1276 1773 1317 1804 22
1364 1770 1519 1805 solidum
1544 1769 1725 1814 competit,
1750 1774 1791 1804 ut
1814 1773 1904 1813 puta
1927 1769 1964 1803 in
1988 1770 2167 1805 servitute.
2208 1769 2245 1805 Si
2263 1781 2364 1806 servo

1273 1826 1350 1851 meo
1386 1816 1441 1850 vel
1476 1815 1550 1851 fflio
1585 1814 1739 1849 familias
1774 1814 1924 1849 libertus
1959 1815 1997 1849 in
2027 1814 2191 1850 fraudem
2222 1815 2365 1860 patroni

1274 1860 1360 1906 quid
1394 1860 1548 1904 dederit,
1584 1870 1631 1895 an
1667 1860 1837 1895 adversus
1872 1870 1929 1894 me
1962 1859 2135 1895 iudicium
2167 1860 2364 1896 Favianum

1275 1909 1475 1951 competat,
1510 1906 1704 1941 videamus.
1753 1909 1788 1940 et
1817 1905 1903 1939 mihi
1933 1904 2073 1940 videtur
2103 1905 2271 1942 sufficere
2302 1906 2364 1941 ad-

1273 1962 1397 1986 versus
1428 1962 1485 1987 me
1515 1951 1749 1996 patremque⁷
1781 1950 2003 1995 arbitrioque
2031 1950 2159 1986 iudicis
2193 1952 2366 1987 contineri

1272 2000 1347 2031 tam
1380 1996 1435 2039 id,
1474 1997 1569 2041 quod
1603 1997 1641 2031 in
1675 2006 1750 2031 rem
1784 2006 1927 2031 versum
1959 2000 2031 2040 est,
2069 1996 2327 2032 condemnandi
2341 1998 2364 2039 ⁸,

1274 2045 1315 2077 23
1364 2053 1471 2087 quam
1500 2041 1538 2077 id
1568 2041 1663 2086 quod
1691 2041 1729 2076 in
1758 2041 1911 2086 peculio.
1961 2041 2032 2076 Sed
2063 2042 2095 2077 si
2122 2042 2224 2077 iussu
2251 2043 2364 2087 patris

1274 2090 1501 2123 contractum
1537 2098 1618 2122 cum
1653 2086 1725 2122 filio
1761 2090 1835 2128 est,
1876 2090 1982 2131 pater
2013 2087 2138 2132 utique
2172 2088 2363 2123 tenebitur.

1274 2136 1318 2168 24
1365 2132 1402 2168 Si
1431 2143 1512 2168 cum
1542 2143 1643 2168 servo
1673 2133 1712 2167 in
1740 2131 1903 2167 fraudem
1931 2133 2076 2177 patroni
2106 2133 2255 2169 libertus
2281 2144 2364 2168 con-

1272 2178 1425 2213 traxerit
1447 2178 1549 2223 isque
1572 2177 1682 2213 fuerit
1705 2177 1963 2220 manumissus,
1989 2188 2036 2213 an
2060 2178 2219 2213 Faviana
2243 2182 2364 2214 tenea-

1273 2227 1344 2266 tur,
1369 2224 1565 2268 quaeritur.
1602 2227 1638 2258 et
1653 2234 1734 2258 cum
1749 2223 1941 2259 dixerimus
1959 2223 2079 2258 dolum
2093 2228 2234 2259 tantum
2248 2224 2365 2259 liberti

1274 2269 1521 2314 spectandum,
1546 2280 1618 2304 non
1634 2268 1740 2304 etiam
1755 2268 1831 2304 eius
1847 2279 1929 2303 cum
1944 2279 2013 2313 quo
2030 2269 2220 2313 contraxit,
2245 2273 2366 2314 potest

1275 2318 1316 2349 25
1365 2315 1604 2350 manumissus
1625 2314 1693 2349 iste
1709 2314 1873 2349 Fabiana
1888 2325 1960 2348 non
1977 2314 2101 2349 teneri.
2137 2315 2226 2350 Item
2241 2315 2365 2359 quaeri

1274 2364 1404 2405 potest,
1429 2360 1647 2395 manumisso
1671 2359 1727 2395 vel
1749 2363 1891 2394 mortuo
1916 2359 1969 2394 vel
1999 2359 2153 2395 alienato
2185 2370 2286 2395 servo
2319 2371 2365 2395 an

1273 2406 1369 2440 intra
1399 2416 1533 2440 annum
1562 2405 1738 2450 agendum
1771 2405 1827 2440 sit.
1877 2408 1913 2440 et
1942 2405 1993 2439 ait
2016 2405 2234 2450 Pomponius
2258 2416 2363 2450 agen-

1276 2455 1317 2486 26
1366 2450 1461 2486 (111111.
1507 2450 1607 2485 Ηο00
1632 2450 1726 2485 00110
1750 2450 1788 2484 111
1812 2460 2003 2495 personam
2027 2454 2097 2494 est,
2123 2461 2196 2485 non
2218 2451 2256 2485 in
2278 2461 2364 2492 rem,

1274 2500 1310 2532 et
1332 2496 1370 2531 in
1392 2495 1560 2531 heredem
1584 2495 1755 2540 competit
1777 2499 1813 2530 et
1835 2494 1874 2529 in
1898 2499 2035 2530 ceteros
2061 2506 2304 2540 successores,
2330 2502 2365 2531 et

1273 2541 1395 2577 heredi
1425 2546 1461 2577 et
1490 2541 1618 2576 ceteris
1650 2541 1918 2576 suecessoribus
1950 2541 2109 2584 patroni,
2142 2545 2178 2576 et
2209 2552 2281 2576 non
2311 2546 2366 2576 est

1273 2586 1508 2630 hereditaria,
1539 2586 1577 2622 id
1601 2590 1655 2621 est
1679 2596 1724 2621 ex
1746 2586 1851 2621 bonis
1874 2585 2011 2628 liberti,
2045 2586 2108 2621 sed
2130 2586 2277 2631 propria
2299 2597 2363 2632 pa-

1275 2636 1315 2666 27
1364 2632 1471 2667 troni.
1519 2632 1557 2667 Si
1592 2632 1743 2667 libertus
1779 2631 1817 2666 in
1852 2630 2016 2666 fraudem
2053 2632 2198 2676 patroni
2230 2632 2365 2676 aliquid

1275 2677 1427 2720 dederit,
1454 2677 1597 2719 deinde,
1623 2676 1792 2711 defuncto
1816 2679 1971 2720 patrono
1995 2676 2072 2711 vivo
2097 2677 2243 2719 liberto,
2268 2677 2364 2713 filius

1273 2723 1416 2768 patroni
1439 2722 1622 2767 acceperit
1640 2722 1816 2757 bonorum
1836 2721 2098 2766 possessionem
2117 2727 2242 2757 contra
2259 2723 2363 2758 tabu-

1273 2770 1327 2804 las
1352 2768 1490 2810 liberti,
1522 2778 1569 2803 an
1592 2767 1757 2802 Fabiana
1785 2766 1840 2801 uti
1868 2767 1983 2811 possit
2013 2767 2060 2803 ad
2088 2768 2294 2803 revocanda
2322 2778 2365 2803 ea

1275 2824 1366 2858 quae
1390 2817 1474 2849 sunt
1498 2813 1680 2848 alienata?
1705 2816 1740 2847 et
1755 2815 1811 2847 est
1826 2822 1957 2855 verum,
1983 2812 2078 2856 quod
2095 2816 2131 2848 et
2145 2813 2363 2858 Pomponius

1273 2859 1405 2903 probat
1423 2859 1516 2894 libro
1536 2858 1775 2902 octagensimo
1795 2857 1912 2899 tertio,
1936 2857 2022 2892 item
2036 2858 2253 2903 Papinianus
2273 2859 2363 2893 libro

1275 2908 1403 2948 quarto
1427 2903 1564 2938 decimo
1590 2902 1850 2948 quaestionum,
1877 2906 2078 2948 competere
2102 2904 2135 2939 ei
2150 2904 2361 2938 Favianam:

1275 2948 1442 2985 sufficere
1466 2949 1573 2991 enim,
1605 2948 1700 2993 quod
1729 2948 1766 2982 in
1796 2947 1959 2982 fraudem
1987 2952 2203 2993 patronatus
2228 2949 2362 2984 factum

1274 2995 1337 3030 sit:
1368 2994 1479 3038 magis
1509 2993 1602 3028 enim
1633 2993 1796 3028 fraudem
1827 2993 1895 3036 rei,
1927 3003 2001 3028 non
2029 3004 2205 3038 personae
2229 2994 2362 3038 accipi-

1275 3043 1317 3074 28
1364 3050 1455 3074 mus.
1502 3039 1546 3073 In
1574 3039 1668 3073 hanc
1699 3038 1877 3073 actionem
1907 3039 2015 3073 etiam
2044 3038 2182 3074 fructus
2207 3039 2362 3081 veniunt,

1275 3084 1335 3129 qui
1359 3087 1443 3120 sunt
1465 3088 1549 3129 post
1571 3084 1670 3119 litem
1695 3087 1934 3119 contestatam
1957 3085 2129 3129 percepti.

1321 3127 1346 3166 2
1371 3129 1607 3164 MARCIANUS
1629 3129 1719 3164 libro
1749 3130 1853 3164 tercio
1882 3129 2092 3175 reqularum
2141 3130 2181 3163 In
2205 3129 2362 3163 Faviana

1275 3181 1311 3210 et
1336 3174 1537 3210 Calvisiana
1560 3174 1701 3209 actione
1724 3177 1822 3210 recte
1846 3174 1985 3209 dicetur
2011 3174 2118 3209 etiam
2149 3174 2360 3218 praeteritos

1274 3220 1416 3255 fructus
1454 3220 1593 3262 venire,
1632 3223 1809 3263 quatenus
1843 3223 1990 3264 praetor
2025 3229 2163 3254 omnem
2199 3218 2359 3253 fraudem

1273 3266 1484 3301 libertorum
1508 3266 1582 3300 vult
1604 3265 1817 3300 rescindere.

1321 3308 1345 3348 3
1378 3309 1573 3346 ULPJANUS
1593 3310 1683 3345 libro
1709 3310 2012 3356 quadraqeusz'mo
2037 3313 2167 3354 quarto
2195 3308 2244 3342 ad
2266 3307 2358 3342 edic-

1276 3360 1349 3390 tum
1402 3354 1441 3390 Si
1469 3358 1644 3399 patronus
1675 3355 1778 3390 heres
1809 3356 1992 3390 institutus
2030 3364 2074 3388 ex
2106 3352 2224 3387 debita
2257 3356 2360 3395 parte

1275 3400 1402 3436 adierit
1437 3400 1691 3442 hereditatem,
1738 3400 1822 3435 dum
1859 3401 1999 3444 ignorat
2035 3398 2154 3442 aliqua
2194 3397 2359 3449 libertum

1273 3447 1311 3481 in
1341 3445 1504 3481 fraudem
1532 3456 1634 3481 suam
1663 3445 1855 3488 alienasse,
1890 3445 2089 3485 videamus,
2121 3453 2167 3476 an
2197 3452 2360 3477 succurri

1274 3491 1497 3536 ignorantiae
1521 3491 1596 3526 eius
1621 3491 1767 3533 debeat,
1793 3501 1838 3525 ne
1862 3489 2060 3533 decipiatur
2083 3488 2200 3523 liberti
2223 3487 2359 3521 fraudi-

1274 3537 1355 3572 bus.
1390 3539 1429 3572 et
1442 3535 1663 3582 Papinianus
1686 3536 1778 3571 libro
1804 3538 1931 3580 quarto
1957 3533 2092 3569 decimo
2113 3531 2359 3578 quaestionum

1275 3661 1373 3691 quem
1386 3650 1507 3694 Menqe
1577 3654 1619 3693 (τ)
1643 3623 1798 3683 adversus
1810 3659 1860 3680 me
1871 3650 2064 3690 patremque
2077 3647 2139 3678 del.
2210 3646 2254 3687 (8)
2278 3655 2356 3677 con-

1276 3695 1455 3728 demnandi
1467 3696 1529 3728 del.
