2528 3918
134 115 196 148 DE
225 115 563 148 DONAfHomBus

181 227 234 268 23
259 228 366 265 Imm
394 228 486 266 libro
517 228 642 276 quinto
672 227 809 262 decimo
838 236 1093 273 responsorum
1140 226 1221 262 Mo-

135 275 295 312 destinus
323 273 508 320 respondit
530 272 740 310 creditorem
764 270 877 307 futuri
892 272 1070 317 ‘temporis
1093 280 1222 308 usuras

135 324 172 357 et
194 319 374 356 remittere
403 323 439 355 et
467 318 624 354 minuere
654 320 762 363 pacto
819 326 900 353 osse
928 327 994 352 nec
1023 317 1061 352 in
1092 327 1136 353 ea
1158 316 1221 352 do-

135 366 282 402 natione
303 376 349 401 ex
371 373 508 401 summa
535 363 745 408 quantitatis
768 372 791 397 a
807 361 904 407 ’quid
926 362 1003 398 vitii
1027 362 1221 398 incurrere.

140 416 151 446 1
201 410 424 448 Modestinus
453 408 639 454 respondit
667 410 785 444 mente
817 410 962 452 captum
994 407 1128 444 donare
1151 416 1224 443 non

160 466 252 492 osse.

134 467 158 502 p
180 499 234 538 24
269 500 494 536 Iavomvvs
524 497 615 534 libro
658 501 789 544 quarto
833 497 970 534 decimo
1009 508 1060 534 ex
1102 497 1223 534 Cassio

134 544 351 582 Fideiussori
371 543 466 586 eius,
489 542 550 588 qui
566 542 768 579 donationis
789 553 900 579 causa
940 543 1101 579 ecuniam
1113 551 1224 588 supra

134 590 279 627 modum
299 589 388 634 legis
410 588 593 634 promisit,
619 588 782 634 exceptio
807 588 886 624 dari
936 589 1017 624 ebet
1040 588 1146 625 etiam
1167 587 1223 623 in-

133 637 204 672 vito
228 645 309 678 reo,
341 644 404 677 ne,
436 634 468 670 si
491 633 583 670 forte
606 644 690 670 reus
714 634 883 670 solvendo
906 644 980 670 non
1003 634 1128 678 fuerit,
1160 643 1222 679 pe-

133 680 273 717 cuniam
295 678 486 715 fideiussor
509 679 660 715 amittat.

178 723 230 763 25
255 724 364 760 IDEM
382 725 473 761 libro
498 728 604 760 sexto
628 724 866 771 epistularum
916 724 954 760 Si
977 723 1042 759 tibi
1066 721 1223 775 dederim

131 781 216 814 rem,
240 774 282 805 ut
293 769 390 806 Titio
414 780 493 806 meo
517 770 660 806 nomine
684 769 848 812 donares,
873 773 909 806 et
931 774 973 805 tu
996 773 1058 805 tuo
1082 778 1224 804 nomme

131 826 209 851 eam
232 815 266 851 ei
289 815 448 858 dederis,
480 826 528 850 an
550 815 684 851 factam
708 815 784 851 eius
807 816 939 860 putes?
971 813 1167 860 respondit,
1191 813 1224 849 si

129 872 203 899 rem
227 860 293 897 tibi
317 860 486 913 dederim,
511 864 552 896 ut
563 861 658 914 fritio
676 871 755 914 meo
776 861 919 896 nomine
938 860 1103 914 donares,
1127 869 1222 895 eam-

130 910 535 997 iissafflusscii‘ssffis
541 905 1010 988 fflfssi‘ie‘it’nqssifftgffitd
1021 915 1119 986 ἕὲἷέῗ
1128 915 1179 986 '310
1196 950 1222 1003 ·.‚

130 997 224 1042 garis
239 999 267 1032 ¹:
304 996 367 1033 sed
398 997 585 1043 benignius
611 1001 690 1040 est,
723 997 754 1033 si
777 1007 881 1042 agam
907 1001 1035 1033 contra
1059 1006 1139 1032 eum
1163 1006 1223 1041 qul

129 1053 204 1078 rem
227 1042 377 1089 accepit,
403 1043 614 1089 exceptione
637 1042 710 1078 doli
729 1042 817 1078 -mali
841 1053 897 1078 me
921 1041 1143 1079 summoveri.

176 1085 253 1125 262
276 1087 507 1124 Pomomos
526 1089 618 1125 libro
667 1091 774 1124 uarto
799 1088 850 1123 ad
871 1087 1042 1131 Quintum
1060 1086 1222 1123 Mucium

129 1133 237 1169 Nuda
267 1134 360 1169 ratio
389 1144 463 1170 non
498 1133 589 1169 facit
627 1144 650 1170 a
666 1134 781 1187 'quem
812 1133 1025 1170 debitorem:
1064 1135 1105 1168 ut
1133 1135 1224 1178 puta

132 1179 229 1224 quod
259 1178 394 1214 donare
424 1179 536 1215 libero
561 1179 696 1215 homini
724 1179 888 1215 volumus
917 1179 1002 1215 licet
1025 1178 1223 1214 referamus

128 1224 165 1259 in
188 1224 346 1304 rfitiones
371 1229 514 1261 nostras
538 1224 668 1261 debere
691 1235 775 1268 nos,
807 1228 930 1261 tamen
952 1224 1053 1260 nulla
1077 1223 1222 1260 donatio

128 1270 201 1305 inte
229 1280 249 1305 e
275 1269 356 1305 ‘tur.

174 1312 227 1352 27
249 1280 499 1351 {sumamus
518 1315 610 1351 libro
634 1316 826 1351 vicensimo
850 1326 946 1351 nono
971 1315 1220 1362 quaestionum

127 1360 293 1406 Aquilius
325 1359 485 1405 Regulus
517 1360 655 1396 iuvenis
687 1360 734 1396 ad
764 1360 1010 1397 Nicostratum
1041 1360 1221 1396 rhetorem

127 1405 179 1441 ita
199 1405 359 1451 scripsit:
385 1405 565 1451 ‘quoniam
584 1409 620 1442 et
641 1416 722 1441 cum
741 1410 846 1459 patre
865 1416 944 1442 meo
963 1416 1103 1451 semper
1122 1405 1222 1441 fuisti

128 1454 177 1486 ‘et
202 1461 262 1487 me
294 1451 497 1497 eloquentia
526 1455 563 1487 et
591 1451 774 1496 diligentia
803 1455 867 1487 tua
898 1451 1080 1488 meliorem
1103 1450 1221 1487 reddi-

128 1496 233 1539 visti,
258 1496 351 1532 dono
372 1500 413 1532 *et
434 1497 603 1541 permitto
626 1497 693 1532 tibi
716 1497 881 1533 habitare
903 1498 941 1533 in
962 1497 1024 1532 illo
1050 1497 1221 1532 cenaculo

129 1544 254 1587 ‘eoque
289 1542 366 1577 uti’.
414 1542 584 1578 defuncto
623 1542 761 1588 Regulo
800 1542 1080 1580 controversiam
1118 1542 1220 1577 habi-

127 1587 273 1623 tationis
312 1587 519 1633 patiebatur
554 1587 784 1624 Nicostratus
825 1592 861 1624 et
899 1599 982 1624 cum
1020 1587 1065 1624 de
1102 1598 1145 1623 ea
1178 1597 1222 1623 re

128 1640 266 1669 mecum
292 1633 526 1677 contulisset,
560 1632 635 1669 dixi
664 1643 772 1679 posse
802 1633 945 1669 defendi
975 1644 1055 1669 *non
1089 1643 1223 1669 meram

129 1678 358 1714 donationem
389 1688 487 1719 esse,
515 1689 640 1714 verum
677 1679 837 1715 officium
875 1679 1037 1725 magistri
1069 1678 1220 1724 quadam

128 1723 290 1760 mercede
321 1727 586 1759 remuneratum
617 1724 794 1769 Regulum
825 1724 979 1770 ideoque
1008 1734 1082 1760 non
1112 1723 1223 1760 videri

129 1769 356 1805 donationem
379 1770 559 1814 sequentis
582 1770 754 1815 temporis
777 1771 914 1806 irritam
936 1779 1028 1806 esse.
1072 1769 1169 1815 quod
1193 1770 1223 1805 si

129 1814 298 1860 expulsus
317 1814 547 1851 Nicostratus
563 1815 683 1850 veniat
702 1815 749 1851 ad
768 1816 934 1858 iudicem,
959 1815 1006 1851 ad
1021 1815 1223 1860 exemplum

128 1860 326 1903 interdicti,
387 1860 459 1895 uod
488 1860 686 1896 fructuario
711 1861 940 1906 proponitur,
977 1860 1221 1896 defendendus

128 1906 197 1940 erit
234 1905 337 1950 quasi
390 1915 456 1941 oco
488 1906 708 1951 possessoris
749 1907 984 1950 constitutus,
1025 1906 1087 1952 qui
1115 1916 1222 1941 usum

129 1950 290 1986 cenaculi
313 1950 466 1996 accepit.

175 1993 228 2033 28
260 1995 366 2030 IDEM
403 1996 494 2032 libro
533 1997 639 2032 tertio
670 2007 933 2044 >responsorum
979 1996 1223 2032 Hereditatem

128 2045 232 2087 pater
261 2041 330 2076 sibi
358 2041 520 2076 relictam
547 2041 644 2077 filiae
674 2042 731 2077 sui
760 2042 850 2079 iuris
880 2042 1029 2078 effectae
1060 2041 1220 2078 donavit:

129 2086 365 2122 creditoribus
395 2086 622 2123 hereditariis
653 2087 728 2122 filia
758 2087 970 2124 satisfacere
1001 2087 1124 2132 debet,
1155 2087 1222 2131 vel,

129 2132 159 2168 si
195 2131 264 2167 hoc
301 2132 445 2166 minime
478 2131 590 2167 faciat
625 2137 662 2168 et
699 2133 894 2169 creditores
928 2137 1055 2169 contra
1083 2136 1223 2179 patrem

128 2177 291 2219 veniant,
333 2177 529 2221 cogendam
566 2187 644 2212 eam
678 2188 743 2223 per
773 2178 957 2214 actionem
992 2178 1223 2224 praescriptis

129 2222 245 2258 verbis
268 2225 408 2266 patrem
431 2222 601 2258 adversus
625 2233 687 2259 eos
711 2223 913 2260 defendere.

176 2265 230 2305 29
242 2268 366 2305 ἿΒΕΜ
373 2268 465 2305 libro
477 2267 649 2305 decimo¹⁹
659 2278 920 2313 responsorum
936 2268 1075 2304 Donari
1084 2270 1108 2290 ³·
1126 2269 1221 2305 vide-

132 2316 148 2347 1
194 2316 267 2356 tur,
293 2312 390 2357 quod
413 2313 510 2347 nullo
534 2313 613 2348 iure
637 2317 788 2358 cogente
811 2314 1030 2350 conceditur.
1070 2314 1223 2359 Quidam

129 2358 167 2393 in
190 2357 269 2393 iure
287 2357 531 2410 interrogatus
555 2358 645 2393 nihil
673 2359 743 2395 sibi
765 2359 897 2396 debere
919 2360 1049 2396 tutoris
1071 2360 1222 2396 heredes

129 2402 323 2448 respondit.
375 2412 456 2438 eum
485 2403 663 2440 actionem
692 2404 793 2440 iure⁴
831 2405 994 2442 amisisse
1032 2405 1220 2452 respondi:

129 2449 215 2484 licet
244 2448 340 2484 enim
369 2458 444 2484 non
473 2449 771 2493 transactionem,
808 2451 872 2487 sed
904 2451 1107 2487 donationis
1130 2451 1222 2487 haec

130 2494 240 2529 verba
261 2503 342 2529 esse
364 2493 444 2539 quis
477 2494 651 2539 accipiat,
683 2499 843 2532 attamen
866 2507 966 2540 eum,
999 2496 1060 2542 qui
1082 2497 1121 2532 in
1143 2496 1222 2532 iure

130 2538 315 2575 confessus
333 2542 398 2583 est,
419 2549 521 2575 suam
541 2539 802 2576 confessionem
817 2541 998 2578 infirmare
1017 2552 1090 2578 non
1101 2552 1220 2588 posse.

129 2587 150 2619 2
197 2583 435 2620 Donationem
451 2584 592 2630 quidem
609 2585 723 2630 partis
743 2586 919 2623 bonorum
937 2588 1121 2632 proximae
1137 2597 1220 2632 cog-

129 2632 238 2665 natae
267 2630 417 2666 viventis
457 2630 593 2665 nullam
629 2630 741 2667 fuisse
774 2633 981 2668 constabat:
1021 2643 1146 2669 verum
1176 2633 1220 2676 ei,

130 2675 191 2720 qui
214 2674 359 2711 donavit
391 2684 436 2710 ac
466 2678 593 2721 postea
615 2675 693 2711 iure
715 2677 896 2722 praetorio
921 2678 1106 2722 successit,
1131 2688 1219 2723 quo-

130 2720 226 2755 niam
248 2720 418 2756 adversus
442 2720 557 2756 bonos
580 2731 696 2757 mores
726 2725 763 2757 et
785 2722 842 2759 ius
871 2724 1031 2769 gentium
1051 2723 1220 2760 festinas-

130 2765 391 2846 set,d1actiones
415 2765 651 2802 hereditarias
681 2767 720 2802 in
746 2771 863 2803 totum
895 2768 1121 2814 denegandas
1142 2779 1219 2806 res-

157 2821 204 2847 on
230 2810 273 2845 ·t:

130 2822 154 2857 p
176 2853 230 2894 30
254 2855 492 2892 MARclifflvs
508 2857 599 2893 libro
618 2857 802 2903 sinqulari
818 2858 863 2894 de
882 2858 1103 2896 delatoribus
1137 2870 1221 2895 nam

131 2901 165 2937 ei
187 2905 229 2937 ut
250 2901 396 2946 indigno
421 2900 587 2938 aufertur
609 2902 799 2939 hereditas.

177 2944 228 2984 31
243 2948 257 2968 ⁵
296 2946 542 2983 PAPINJANUS
583 2947 675 2983 libro
714 2948 924 2985 duodecimo
963 2959 1220 2996 responsorum

132 2991 354 3028 Donationes
389 2992 428 3027 in
464 2993 699 3028 concubinam
729 2993 879 3030 collatas
917 3005 990 3031 non
1022 3005 1130 3041 posse
1164 3006 1221 3032 re-

131 3037 251 3073 vocari
290 3037 455 3073 convenit
490 3048 576 3081 nec,
624 3038 655 3074 si
695 3039 959 3076 matrimonium
1003 3040 1097 3076 inter
1141 3051 1220 3077 eos-

133 3082 211 3118 dem
234 3086 361 3127 postea
382 3082 493 3119 fuerit
522 3086 764 3127 contractum,
795 3084 843 3120 ad
872 3085 1012 3121 irritum
1040 3086 1222 3123 reccidere

134 3127 229 3172 quod
253 3132 336 3163 ante
358 3128 437 3164 iure
460 3128 582 3164 valuit.
629 3138 677 3164 an
706 3133 826 3166 autem
844 3131 1023 3167 >maritalis
1046 3132 1164 3168 honor
1186 3135 1222 3168 et

133 3171 272 3224 affectio
301 3173 438 3225 pridem
466 3175 724 3219 praecesserit,
767 3176 953 3221 ‘’pei-sonis
992 3177 1220 3222 comparatis,

134 3220 227 3253 vitae
258 3219 530 3255 comunctione⁷
565 3219 791 3256 considerata
820 3221 1112 3267 perpendendum
1143 3233 1222 3258 esse

134 3262 318 3307 respondi:
352 3274 468 3309 neque
494 3264 592 3300 enim
622 3265 767 3301 tabulas
795 3265 916 3302 facere
944 3268 1221 3304 matrimonium.

138 3310 153 3342 1
203 3306 347 3352 Species
367 3313 471 3345 extra
494 3309 613 3346 dotem
635 3320 659 3345 a
679 3314 795 3347 matre
822 3311 919 3348 filiae
949 3313 1092 3348 nomine
1119 3313 1222 3349 viro⁸

135 3351 283 3405 traditas
316 3351 411 3390 filiae
443 3365 536 3407 quae
563 3365 735 3402 praesens
764 3355 835 3391 fuit
865 3356 1018 3394 donatas
1044 3362 1087 3394 ¹et
1107 3359 1155 3394 ab
1178 3368 1223 3394 ea

134 3407 209 3433 v1ro
238 3397 391 3434 traditas
421 3400 536 3437 videri
571 3401 745 3447 respondi
772 3412 840 3438 nec
864 3406 1017 3439 matrem
1048 3403 1222 3440 offensam

136 3513 175 3552 (ι)
200 3509 669 3555 obligeresF¹,ob1igerisF²
716 3516 758 3557 (2)
777 3515 1061 3558 cf.D.15,1,49,2
1110 3519 1153 3560 (a)
1178 3518 1226 3551 ad

136 3567 186 3600 pr.
198 3557 243 3600 qs.
257 3557 302 3589 D.
317 3558 434 3601 5o‚1*1,
445 3564 484 3591 82
550 3559 606 3601 (θ’)
630 3558 754 3593 donare
765 3560 800 3592 F
858 3562 899 3603 (4)
924 3561 1010 3605 iure]
1023 3562 1150 3596 tutelae
1159 3574 1222 3596 scr.

136 3601 178 3641 (s)
203 3602 246 3644 cf.
261 3600 337 3635 Vat.
354 3608 409 3635 253
420 3603 449 3634 ὸ.
462 3609 528 3636 254.
539 3610 605 3637 255.
619 3611 671 3638 257
726 3606 772 3647 (t)
798 3606 924 3639 litteras
935 3618 963 3640 e.
974 3607 1057 3641 XX
1071 3608 1125 3641 Ιιίο
1138 3609 1222 3642 desi-

137 3646 250 3679 derari
261 3646 427 3689 colliqitur
438 3658 478 3680 ex
489 3646 563 3681 Vae.
567 3649 620 3691 fr.
676 3651 721 3692 (7)
745 3650 980 3684 coniunctione
991 3652 1026 3684 F
1067 3653 1111 3694 (8)
1139 3653 1222 3696 [viro

139 3689 225 3723 filiae
236 3690 385 3733 BOJmine
399 3690 473 3724 ναί-
550 3695 594 3734 (9)
619 3711 803 3726 §tetensteten

138 3734 243 3769 decem
246 3752 364 3769 ·········
378 3736 522 3771 im.Vat.
575 3739 636 3781 (10)
651 3740 700 3773 sic
711 3741 739 3774 V
737 3749 792 3782 aa,
805 3740 1030 3783 depositamF
1073 3745 1131 3784 (11)
1145 3753 1220 3787 per-

1212 99 1294 147 609

2069 102 2324 146 XXXVIIII
2354 105 2378 144 5

1290 223 1539 269 repetitionem
1562 222 1696 259 habere
1716 223 1770 259 vel
1794 233 1856 260 eas
1879 227 1975 261 recte
1998 223 2190 268 vindicare,
2216 223 2313 270 quod
2329 223 2381 260 vir

1292 269 1446 305 cavisset
1483 272 1585 305 extra
1623 267 1742 303 dotem
1780 270 1903 305 usibus
1941 270 2080 315 puellae
2110 270 2180 307 sibi
2215 268 2380 312 traditas,

1292 325 1376 350 cum
1400 325 1442 350 ea
1466 313 1725 360 significatione
1749 324 1821 349 non
1845 315 1971 350 modus
1995 315 2198 352 donationis
2223 314 2381 351 declare-

1291 364 1351 395 tur
1376 370 1442 395 nec
1472 360 1519 396 ab
1550 369 1619 395 usu
1649 359 1852 404 proprietas
1876 365 2084 405 separetur,
2117 361 2181 397 sed
2203 360 2383 406 peculium

1291 416 1314 440 a
1338 405 1423 441 dote
1450 405 1592 451 puellae
1616 403 1902 449 distingueretur.
1949 405 2100 441 iudicem
2130 410 2250 442 tamen
2274 405 2382 442 aesti-

1292 454 1489 494 maturum,
1527 450 1560 486 si
1590 452 1705 485 mater
1742 449 1820 484 iure
1850 454 1976 485 eontra
2012 451 2122 486 filiam
2153 451 2291 487 offensa
2321 460 2382 486 eas

1290 506 1461 531 revocare
1492 495 1594 538 velit,
1634 498 1671 530 et
1705 494 1941 531 verecundiae
1974 500 2155 532 maternae
2190 506 2383 541 congruam

1291 541 1448 586 bonique
1477 540 1543 576 viri
1572 540 1721 576 arbitrio
1752 543 2010 585 competentem
2041 540 2135 577 ferre
2159 542 2382 578 sententiam.

1293 589 1312 622 2
1359 586 1480 629 Pater,
1506 586 1567 632 qui
1589 585 1704 629 filiae,
1729 595 1834 631 quam
1858 586 1984 622 habuit
2007 587 2043 624 in
2066 590 2260 631 potestate,
2282 597 2383 622 man-

1293 631 1387 678 cipia
1412 632 1558 667 donavit
1593 635 1629 667 et
1658 630 1840 677 peculium
1873 631 2117 676 emancipatae
2147 643 2219 668 non
2242 632 2384 675 ademit,

1294 678 1362 713 ⁹1ex
1397 681 1485 730 post
1529 676 1626 712 facto
1674 676 1904 712 donationem
1950 676 2136 712 videbatur
2177 677 2383 723 perfecisse.

1293 726 1312 758 3
1359 722 1549 758 Emsmodi
1577 723 1654 767 lege
1686 722 1850 767 deposita
1863 723 1890 742 ¹⁰
1915 721 1958 756 vin
1988 722 2075 757 aede
2106 732 2208 766 arca„
2242 727 2283 758 ut
2306 733 2385 759 eam

1291 768 1369 814 ipse
1393 767 1491 804 solus
1516 767 1577 812 qui
1601 768 1766 812 deposuit
1790 767 1933 803 tolleret
1954 771 2019 802 aut
2068 771 2125 803 ost
2146 772 2297 804 mortem
2321 768 2384 804 do-

1292 813 1378 848 mini
1400 813 1526 849 Aelius
1550 812 1735 858 Speratus,
1762 823 1834 848 non
1857 811 1972 848 videri
1996 823 2036 848 ce
2051 812 2246 848 ebratam¹¹
2273 814 2384 850 dona-

1292 862 1313 894 4
1359 859 1493 895 tionem
1515 857 1696 904 respondi.
1733 858 1849 893 Ratae
1870 857 2081 893 donationes
2105 868 2183 894 esse
2206 870 2279 895 non
2302 870 2385 905 pos-

1292 908 1376 940 sunt
1414 907 1498 950 post
1543 905 1677 939 crimen
1722 902 1977 949 perduellionis
2017 907 2258 947 contractum,
2305 915 2385 940 cum

1291 949 1458 1031 geredem
1483 960 1624 995 quoque
1647 952 1785 993 teneat,
1817 948 1884 985 etsi
1907 948 2064 985 nondum
2086 950 2289 995 postulatus
2315 950 2387 986 vita

1316 995 1497 1032 ecesserit.

1338 1038 1392 1079 32
1423 1040 1628 1077 ΒΟΑΕνοιΔ
1660 1039 1751 1076 libro
1785 1039 1911 1086 quinto
1943 1050 2198 1086 responsorum
2251 1039 2385 1075 Lucius

1292 1087 1407 1122 Titius
1420 1087 1447 1108 ¹²
1484 1085 1674 1131 epistulam
1714 1085 1823 1120 talem
1860 1084 1972 1121 misit:
2023 1084 2094 1120 ‘ille
2132 1085 2183 1120 illi
2223 1085 2386 1121 salutem.

1292 1132 1459 1178 ‘hospitio
1494 1132 1556 1168 illo
1594 1130 1764 1177 quamdiu
1800 1130 1956 1166 volueris
1994 1131 2108 1166 utaris
2143 1130 2387 1175 superioribus

1293 1178 1432 1214 ‘diaetis
1458 1177 1622 1213 omnibus
1645 1176 1820 1222 gratuito,
1844 1176 1951 1222 idque
1977 1179 2012 1211 te
2035 1185 2080 1211 ex
2103 1176 2286 1211 voluntate
2310 1186 2389 1212 mea

1292 1223 1424 1260 ‘facere
1454 1223 1524 1258 hac
1555 1222 1710 1268 epistula
1741 1225 1866 1258 notum
1904 1221 1971 1257 tibi
2006 1220 2132 1257 facio’:
2173 1231 2305 1266 quaero
2341 1232 2388 1257 an

1291 1268 1441 1305 heredes
1462 1268 1539 1305 eius
1557 1267 1780 1304 habitatione
1801 1277 1880 1303 eum
1900 1266 2091 1313 prohibere
2110 1272 2275 1312 possunt.
2311 1277 2387 1303 res-

1292 1314 1420 1360 pondit
1450 1314 1647 1350 secundum
1679 1323 1740 1356 ea,
1775 1323 1868 1359 quae
1898 1317 2203 1358 proponerentur,
2236 1313 2387 1349 heredes

1293 1360 1368 1396 eius
1392 1370 1500 1406 posse
1524 1363 1664 1395 mutare
1686 1359 1917 1394 voluntatem.

1340 1403 1393 1444 33
1417 1405 1768 1441 Hrffloassmmos
1788 1404 1879 1440 libro
1902 1406 2008 1440 sexto
2032 1404 2124 1439 iuris
2147 1404 2387 1451 epitomarum

1293 1451 1362 1496 Qui
1384 1450 1440 1495 id,
1465 1450 1562 1496 quod
1585 1461 1630 1486 ex
1653 1460 1766 1486 causa
1790 1449 1992 1486 donationis
2010 1449 2204 1495 stipulanti
2229 1459 2386 1495 spopon-

1293 1497 1414 1539 derat,
1443 1497 1534 1533 solvi
1565 1495 1767 1540 constituit,
1798 1495 1941 1532 actione
1973 1495 2189 1531 constitutae
2211 1495 2387 1540 pecuniae

1292 1553 1366 1578 non
1387 1542 1425 1578 in
1448 1541 1618 1585 solidum,
1650 1541 1714 1577 sed
1742 1542 1778 1576 in
1804 1544 1976 1586 quantum
2006 1540 2127 1576 facere
2156 1544 2278 1586 potest
2302 1551 2386 1577 con-

1291 1587 1450 1624 venitur:
1490 1598 1636 1624 causam
1667 1586 1761 1622 enim
1793 1592 1830 1622 et
1869 1586 2040 1632 originem
2072 1587 2289 1622 constitutae
2322 1597 2386 1632 pe-

1292 1633 1438 1676 cuniae,
1475 1644 1549 1669 non
1578 1632 1701 1668 iudicii
1735 1634 1954 1678 potestatem
1993 1632 2200 1677 praevalere
2235 1632 2384 1677 placuit.

1292 1679 1356 1715 sed
1385 1682 1422 1714 et
1454 1679 1714 1715 condemnatus
1745 1688 1790 1713 ex
1814 1688 1925 1714 causa
1958 1677 2161 1714 donationis
2184 1677 2222 1713 in
2245 1677 2387 1714 actione

1290 1724 1440 1760 iudicati
1460 1735 1536 1760 non
1558 1723 1695 1760 frustra
1719 1722 1899 1759 desiderat
1921 1724 1958 1758 in
1982 1727 2154 1768 quantum
2177 1722 2298 1759 facere
2320 1734 2385 1768 po-

1295 1773 1310 1805 1
1359 1773 1431 1806 test
1455 1769 1647 1805 conveniri.
1686 1769 1744 1804 Ea
1767 1768 1846 1814 lege
1869 1768 2072 1804 donationis
2098 1778 2210 1804 causa
2232 1768 2387 1815 pecunia

1293 1815 1388 1850 Titio
1405 1819 1604 1858 numerata,
1628 1818 1670 1850 ut
1693 1814 1813 1851 statim
1837 1813 2003 1850 donatori
2025 1817 2149 1850 mutuo
2174 1814 2289 1857 detur,
2313 1825 2387 1850 non

1292 1860 1484 1906 impeditur
1530 1860 1675 1897 dominii
1711 1859 1918 1896 translatio:
1963 1870 2006 1896 ac
2043 1863 2237 1912 propterea
2272 1860 2386 1896 isdem

1291 1907 1443 1943 nummis
1474 1906 1640 1942 donatori
1676 1905 1820 1942 creditis
1857 1916 1991 1941 novum
2025 1905 2221 1941 dominium
2254 1906 2292 1941 in
2329 1906 2386 1942 his

1293 1954 1313 1987 2
1360 1951 1557 1997 quaeritur.
1613 1952 1739 1987 Mutus
1768 1955 1804 1987 et
1833 1951 1962 1987 surdus
1995 1951 2130 1987 donare
2157 1961 2231 1987 non
2263 1952 2385 1996 prohi-

1293 2000 1312 2032 3
1360 1997 1492 2033 bentur
1504 1998 1542 2032 ¹³.
1579 1997 1628 2041 Si,
1653 2007 1734 2033 cum
1751 1996 1892 2032 Primus
1915 1996 1982 2032 tibi
2006 1996 2141 2032 donare
2159 1996 2265 2032 vellet
2288 2001 2324 2032 et
2345 2001 2386 2032 tu

1292 2042 1451 2078 donandi
1482 2041 1648 2078 Secundo
1679 2042 1899 2078 voluntatem
1936 2042 2109 2084 haberes,
2147 2042 2290 2078 Primus
2323 2042 2386 2078 Se-

1293 2087 1411 2123 cundo
1436 2099 1480 2123 ex
1499 2088 1683 2124 voluntate
1706 2092 1771 2123 tua
1793 2087 1980 2132 stipulanti
2002 2087 2218 2133 promiserit,
2244 2087 2385 2133 perfici-

1293 2137 1351 2168 tur
1383 2133 1528 2170 donatio
1559 2137 1613 2176 et,
1648 2133 1732 2179 quia
1763 2132 1853 2199 ¹²{hfl
1883 2132 2025 2168 Primus
2051 2132 2236 2176 Secundo,
2268 2143 2291 2168 a
2315 2144 2385 2179 quo

1431 2179 1439 2186 .
1659 2180 1664 2185 .
1778 2180 1786 2199 ¹
1881 2179 1888 2185 .
1998 2179 2006 2186 .
2115 2178 2122 2186 .
2351 2180 2358 2186 .

1289 2179 1824 2276 taetssffiact‘znfflaeton
1850 2178 2033 2259 33¹1?ssss
2057 2178 2386 2269 {Sssfflfisfflditt'}

1291 2272 1327 2305 et
1350 2280 1382 2305 s1
1405 2269 1592 2315 delegante
1617 2280 1676 2314 eo,
1708 2270 1769 2316 qui
1801 2269 2031 2306 donationem
2054 2273 2132 2305 erat
2155 2275 2384 2316 accepturus,

1292 2314 1460 2351 creditori
1483 2316 1561 2351 eius
1585 2315 1739 2351 donator
1767 2314 1990 2362 promiserit:
2027 2319 2064 2352 et
2085 2315 2155 2351 hoc
2179 2315 2273 2351 enim
2298 2326 2385 2352 casu

1292 2359 1449 2396 creditor
1471 2372 1578 2396 suum
1601 2361 1782 2406 negotium
1804 2361 1907 2406 gerit.

1337 2403 1392 2444 34
1405 2407 1432 2428 ¹⁵
1455 2406 1513 2441 ΡΑ
1521 2416 1616 2442 orvs
1643 2407 1735 2442 libro
1760 2408 1886 2452 quinto
1917 2407 2176 2442 sententiarum
2222 2405 2259 2441 Si
2281 2410 2385 2451 pater

1292 2451 1508 2497 emancipati
1537 2451 1602 2487 filii
1637 2451 1781 2487 nomine
1811 2451 2014 2487 donationis
2046 2452 2163 2487 animo
2193 2452 2384 2504 pecuniam

1290 2496 1489 2533 faeneravit
1520 2507 1670 2542 eamque
1697 2496 1792 2532 filius
1825 2497 2019 2541 stipulatus
2051 2499 2155 2540 estffl,
2194 2507 2275 2542 ipso
2305 2497 2384 2533 iure

1294 2545 1309 2577 1
1357 2542 1556 2587 perfectam
1580 2542 1809 2579 donationem
1829 2541 1961 2586 ambigi
1984 2553 2057 2577 non
2080 2545 2211 2587 potest.
2248 2542 2286 2578 Si
2304 2543 2384 2588 quis

1290 2587 1444 2632 aliquem
1468 2597 1491 2623 a
1513 2588 1726 2624 latrunculis
1757 2588 1814 2623 vel
1841 2587 2007 2624 hostibus
2031 2588 2163 2633 eripuit
2191 2590 2227 2623 et
2250 2588 2385 2632 aliquid

1289 2643 1356 2679 pro
1381 2643 1423 2669 eo
1447 2633 1494 2669 ab
1517 2633 1597 2679 ipso
1621 2633 1795 2679 accipiat,
1829 2633 1920 2669 haec
1955 2632 2101 2669 donatio
2133 2633 2383 2670 inrevocabilis

1290 2681 1363 2714 est:
1400 2689 1473 2714 non
1487 2680 1513 2700 ²⁷
1548 2689 1686 2715 merces
1732 2678 1852 2715 eximii
1888 2678 2023 2714 laboris
2064 2678 2279 2725 appellanda
2317 2684 2383 2723 est,

1290 2723 1386 2768 quod
1409 2724 1719 2805 ἑοηῑειιῑὲρωιὶοῃε
1756 2724 1884 2761 salutis
1924 2727 2022 2760 certo
2062 2725 2167 2761 modo
2202 2725 2384 2761 aestimari

1288 2779 1362 2805 non
1447 2770 1520 2806 cuit
1563 2797 1572 2806 .

1335 2780 1619 2853 35PSCAEV0M
1650 2815 1741 2851 libro
1774 2814 1983 2861 triqensimo
2040 2815 2132 2851 rimo
2161 2817 2382 2862 diqestorum

1289 2859 1348 2895 Ad
1371 2870 1463 2903 eum,
1489 2871 1594 2906 quem
1610 2860 1876 2904 manumiserat,
1902 2860 1994 2905 epist
2034 2871 2092 2895 am
2115 2861 2210 2897 misit
2230 2861 2269 2896 in
2292 2862 2382 2898 haec

1290 2905 1414 2941 verba:
1446 2905 1576 2942 ‘Titius
1601 2906 1739 2942 Sticho.
1755 2906 1884 2943 liberto
1915 2916 1981 2943 suo
2013 2907 2178 2942 salutem.
2227 2906 2316 2942 Cum
2345 2911 2382 2943 te

1291 2951 1585 2994 ‘munumina-im,
1617 2951 1798 2996 peculium
1850 2961 1969 2998 uoque
1998 2955 2100 2987 tuum
2123 2962 2245 2995 omne,
2278 2952 2380 2997 quid-

1290 2996 1389 3048 ‘quid
1411 2997 1522 3049 habes
1546 3001 1619 3032 tam
1642 2997 1681 3031 in
1697 2997 1831 3032 nomini
1856 3008 1900 3051 us
1924 3007 2031 3044 quam
2053 2997 2091 3032 in
2113 2998 2220 3034 rebus
2238 3008 2379 3050 moven-

1291 3042 1399 3077 ‘tibus
1418 3052 1492 3077 sive
1505 3053 1543 3077 in
1556 3045 1755 3086 numerato,
1776 3052 1833 3078 me
1848 3043 1916 3079 tibi
1928 3042 2124 3079 concedere
2140 3044 2209 3078 hac
2226 3043 2380 3087 epistula

1292 3089 1410 3122 ‘manu
1430 3097 1513 3123 mea
1536 3087 1672 3132 scripta
1694 3091 1819 3123 notum
1842 3089 1909 3125 tibi
1931 3088 2051 3124 facio'.
2100 3088 2250 3124 eundem
2272 3088 2378 3123 liber-

1290 3134 1368 3167 tum
1390 3135 1604 3168 testamento
1636 3143 1679 3168 ex
1702 3133 1806 3170 besse
1838 3134 1983 3179 scripsit
2006 3133 2186 3177 heredem,
2212 3133 2377 3178 Sempro-

1290 3177 1390 3212 nium
1420 3187 1466 3213 ex
1494 3178 1642 3214 triente:
1682 3189 1749 3214 nec
1781 3179 1963 3225 peculium
1996 3178 2118 3214 Sticho
2155 3178 2285 3222 legavit
2313 3188 2378 3213 nec

1291 3222 1450 3258 actiones
1481 3223 1660 3268 praestari
1690 3224 1805 3260 iussit.
1854 3224 2054 3271 quaesitum
2085 3227 2156 3266 est,
2190 3228 2310 3258 utrum
2339 3223 2376 3258 in

1290 3277 1408 3303 assem
1430 3267 1553 3305 Sticho
1585 3269 1678 3305 actio
1708 3269 1816 3305 detur
1838 3270 2031 3306 eorundem
2054 3269 2252 3312 nominum,
2285 3278 2377 3313 quae

1289 3313 1328 3348 in
1350 3313 1490 3358 peculio
1515 3314 1659 3357 habuit,
1684 3325 1731 3350 an
1753 3315 1915 3360 utrisque
1938 3314 2127 3350 heredibus
2151 3324 2216 3358 pro
2240 3313 2375 3358 portio-

1290 3357 1396 3393 nibus
1437 3358 1675 3396 hereditariis.
1730 3361 1915 3406 respondit
1958 3359 2152 3395 secundum
2198 3368 2240 3394 ea
2284 3369 2377 3403 quae

1290 3408 1574 3449 proponerentur
1610 3406 1772 3452 utrisque
1810 3405 2001 3442 heredibus
2046 3414 2112 3449 pro
2152 3403 2375 3440 hereditariis

1293 3517 1412 3550 sectam
1421 3519 1494 3551 Vat.
1543 3519 1588 3559 (12
1592 3526 1601 3558 )
1618 3519 1687 3552 tius
1695 3521 1730 3552 F
1769 3521 1825 3560 ⁴13)
1839 3519 2035 3561 prohibetur
2043 3519 2095 3550 F²
2141 3521 2200 3561 (14)
2214 3520 2259 3563 et]
2268 3520 2299 3554 ei
2309 3534 2365 3555 scr

1287 3562 1346 3604 (1⁵)
1359 3563 1434 3602 ads
1449 3570 1464 3597 1
1476 3565 1520 3606 cf.
1539 3563 1666 3597 Paulus
1679 3565 1710 3605 5,
1723 3571 1764 3606 11,
1777 3571 1794 3597 e
1830 3564 1890 3603 (16)
1903 3565 1936 3595 et
1949 3564 1983 3595 F
2006 3564 2065 3603 (ιτ)
2077 3573 2154 3595 nam
2169 3564 2218 3596 Ρ*
2246 3567 2306 3605 (18)
2320 3566 2375 3608 Ei,

1287 3607 1347 3649 qui
1359 3606 1504 3650 aliquem
1517 3618 1539 3642 a
1550 3608 1752 3642 latrunculis
1763 3608 1816 3641 vel
1832 3608 1984 3641 hostibus
2001 3608 2135 3650 eripuit,
2152 3608 2188 3641 in
2205 3609 2374 3644 infinitum

1286 3652 1410 3686 donare
1420 3663 1490 3686 non
1501 3653 1699 3697 prohibetur
1711 3654 1752 3694 (si
1769 3655 1879 3685 tamen
1897 3653 2033 3685 donatio
2047 3656 2079 3685 et
2092 3664 2159 3685 non
2171 3664 2294 3687 merces
2306 3656 2374 3688 exi-

807 3696 1091 3738 .····..·cipationis
1106 3697 1223 3738 ‚pfflta
1285 3697 1347 3730 mii
1368 3697 1499 3732 labores
1516 3698 1716 3742 appellanda
1733 3700 1806 3739 est),
1832 3697 1911 3739 quia
1928 3697 2239 3740 contemplationem
2256 3699 2374 3734 salutis

1286 3745 1378 3776 certo
1389 3744 1487 3777 modo
1499 3743 1669 3778 aestimari
1683 3753 1751 3775 non
1762 3742 1891 3785 placuit
1903 3743 2029 3776 Paulus
2064 3746 2124 3785 (19)
2133 3743 2327 3778 duodecimo
2340 3746 2372 3778 F

2058 3798 2073 3827 7
2080 3798 2098 3828 7
