2528 3918
203 117 299 159 X3

199 235 238 266 ut
249 235 286 266 et
297 231 333 266 in
350 230 418 266 hac
434 229 555 275 specie
570 237 747 274 expensae
762 226 994 263 retineantur.
1032 236 1124 272 quae
1141 237 1222 262 cum
1237 226 1290 262 ita

197 277 278 319 sint,
295 275 490 311 rectissime
501 274 632 310 dicitur
643 273 751 309 etiam
769 272 1027 319 impendiorum
1044 271 1186 306 nomine
1202 272 1290 307 utile

196 321 365 356 iudicium
381 320 458 355 dari
475 319 604 355 debere
619 318 706 354 mihi
720 318 758 354 in
774 318 911 354 socium
932 318 1037 354 etiam
1056 320 1223 352 manente
1237 317 1289 352 rei

197 366 472 402 communione.¹
517 364 694 400 diversum
717 367 772 400 est
794 363 898 406 enim,
924 374 1004 398 cum
1028 362 1131 407 quasi
1154 362 1191 397 in
1214 372 1288 397 rem

196 421 310 446 meam
326 410 502 463 impendo,
523 419 616 455 quae
627 410 675 444 sit
687 409 805 445 aliena
816 413 880 443 aut
893 407 1100 443 communis:
1113 407 1182 442 hoc
1195 406 1288 442 enim

197 466 295 498 casu,
320 456 381 491 ub1
397 456 500 501 quasi
514 455 552 490 in
575 464 651 490 rem
675 464 790 489 meam
808 453 986 498 impendo,
1011 456 1151 487 tantum
1170 456 1287 487 reten-

195 502 326 536 tionem
339 500 466 543 habeo,
479 500 563 546 quia
573 500 748 535 neminem
759 499 845 534 mihi
857 499 1013 542 obligare
1025 497 1130 532 volui.
1157 501 1195 532 at
1207 508 1289 532 cum

195 551 283 591 puto
299 556 374 581 rem
387 546 473 581 Titii
486 555 577 588 esse,
593 555 687 590 quae
705 545 752 580 sit
763 544 904 585 Maevii‚
923 547 986 578 aut
999 552 1077 578 esse
1089 542 1174 577 mihi
1192 553 1287 578 com-

196 601 336 627 munem
355 601 436 626 cum
455 591 525 627 alio
543 601 650 636 quam
667 594 733 632 est,
757 589 795 624 id
812 599 890 633 ag0,
911 592 952 623 ut
969 588 1078 622 alium
1097 587 1182 622 mihi
1199 587 1288 622 obli-

195 647 285 681 gem,
303 639 339 671 et
354 636 447 672 sicut
463 636 685 689 negotiorum
702 638 881 680 gestorum
893 633 987 668 actio
1001 632 1108 667 datur
1119 632 1288 668 adversus

197 692 276 717 eum
293 681 395 717 cuius
411 685 553 727 negotia
563 681 694 722 curavi,
713 690 793 715 cum
804 683 969 724 putarem
982 678 1127 713 alterius
1141 688 1184 713 ea
1196 688 1287 719 esse,

196 727 245 762 ita
261 730 298 762 et
319 727 356 762 in
371 727 568 772 proposito.
601 727 708 779 igitur
724 729 760 760 et
777 725 808 759 si
823 724 1069 759 abalienavero
1091 723 1288 776 praedium,

219 772 281 807 uia
305 771 343 807 in
371 781 416 808 ea
444 782 556 808 causa
581 771 685 813 fu1t2,
720 774 761 805 ut
786 769 872 804 mihi
900 769 994 804 actio
1023 768 1101 803 dari
1133 768 1289 809 deberet,

269 817 316 853 da
329 817 414 852 mihi
434 818 511 859 erit,
532 821 572 853 ut
584 817 742 852 Iulianus
758 824 899 867 quoque
915 814 1051 855 scribit,
1067 814 1289 859 negotiorum

196 865 217 898 2
263 866 443 908 gestorum
467 863 561 898 actio
573 863 598 897 ³.
645 862 683 896 Si
707 862 903 900 convemat,
926 869 972 894 ne
996 859 1138 894 omnino
1164 859 1288 894 divisio

195 907 270 950 fiat,
294 908 497 943 huiusmodi
514 911 658 953 pactum
682 906 795 940 nullas
813 905 905 939 vires
923 904 1055 939 habere
1074 904 1288 939 manifestis-

196 952 323 988 simum
340 957 411 988 est:
427 953 483 988 sin
501 957 620 988 autem
634 952 730 986 intra
746 955 881 985 certum
897 953 1049 994 tempus,
1068 949 1164 995 quod
1180 949 1287 985 etiam

196 1001 217 1033 3
263 998 376 1043 ipsius
401 998 451 1033 rei
468 997 631 1043 qualitati
655 995 814 1041 prodest,
838 995 942 1030 valet.
992 994 1030 1030 Si
1052 995 1146 1030 inter
1169 995 1287 1030 socios

196 1043 430 1086 convenisset,
455 1054 500 1078 ne
515 1044 609 1078 intra
633 1045 768 1077 certum
785 1045 925 1085 tempus
948 1040 1101 1075 societas
1118 1039 1287 1075 dividere-

193 1092 264 1131 tur,
290 1089 375 1134 quin
398 1088 549 1124 vendere
573 1088 678 1122 liceat
702 1086 744 1126 ei.
770 1085 831 1130 qui
854 1085 917 1120 tali
936 1086 1171 1121 conventione
1188 1089 1286 1120 tene·

194 1138 263 1175 tur,
288 1144 360 1169 non
385 1137 440 1169 est
463 1133 627 1169 dubium:
653 1141 764 1176 quare
789 1134 929 1175 emptor
949 1141 1092 1176 quoque
1110 1130 1288 1166 communi

194 1178 383 1214 dividundo
417 1178 553 1224 agendo
590 1177 713 1213 eadem
753 1176 963 1221 exceptione
997 1176 1287 1218 summovebitur,

193 1227 214 1258 4
261 1234 333 1269 qua
356 1228 483 1259 auctor
506 1223 582 1258 eius
606 1225 895 1258 summoveretur.
936 1220 973 1256 Si
1023 1221 1204 1256 aciscatur
1227 1231 1287 1256 so-

193 1269 281 1309 cius,
306 1278 351 1303 ne
374 1272 512 1314 partem
536 1278 638 1303 suam
661 1270 772 1312 petat,
805 1266 934 1301 effectu
958 1270 994 1301 to
1022 1267 1095 1301 itur
1117 1267 1286 1302 societas.

245 1313 295 1350 15
320 1313 428 1349 IDEM
446 1313 535 1349 libro
559 1313 685 1358 quinto
709 1311 759 1346 ad
780 1310 965 1347 Plautium
1011 1311 1049 1346 Si
1061 1313 1178 1346 socius
1190 1312 1282 1347 servi

197 1359 391 1395 communis
415 1357 556 1393 nomine
574 1360 767 1392 conventus
788 1359 823 1390 et
842 1356 1098 1392 condemnatus
1118 1357 1175 1398 sit,
1201 1361 1282 1402 aget

196 1404 372 1440 communi
396 1402 587 1438 dividundo
612 1405 647 1436 et
670 1405 861 1446 antequam
883 1405 1059 1447 praestet:
1085 1412 1168 1437 nam
1193 1406 1229 1437 et
1251 1402 1281 1437 si

195 1449 315 1484 noxali
338 1448 467 1483 iudicio
493 1458 573 1482 cum
596 1457 669 1482 uno
693 1450 814 1482 actum
837 1447 902 1489 sit,
934 1447 1054 1482 statim
1086 1451 1167 1492 aget
1201 1457 1281 1482 cum

195 1494 305 1535 socio,
330 1498 371 1528 ut
394 1493 426 1528 ei
449 1503 534 1538 pars
557 1492 775 1534 traderetur,
801 1492 1027 1528 cautionibus
1050 1492 1280 1538 interpositis,

195 1543 245 1581 ut,
271 1539 301 1574 si
324 1549 397 1574 non
421 1538 567 1578 dederit,
592 1537 753 1572 reddat⁴.

243 1582 294 1620 16
318 1583 425 1618 loru
444 1583 535 1618 libro
558 1586 664 1617 sexto
688 1582 738 1617 ad
756 1581 940 1617 Plautium
975 1581 1064 1616 Cum
1084 1583 1173 1618 socii
1194 1582 1279 1618 divi-

194 1629 308 1664 dunt⁶
331 1628 556 1669 societatem,
590 1627 633 1662 de
664 1637 725 1669 eo,
758 1625 855 1672 quod
885 1626 951 1662 sub
986 1627 1195 1663 condicione
1218 1627 1279 1663 de-

195 1675 348 1715 beretur,
374 1673 559 1708 cautiones
583 1671 795 1708 intervenire
817 1671 944 1707 solent.

242 1717 290 1755 17
318 1717 572 1754 Monam-vs
591 1717 682 1753 libro
705 1728 801 1752 nono
823 1716 1033 1763 reqularum
1079 1716 1148 1761 Qui
1173 1718 1278 1753 cohe-

193 1764 296 1799 redes
316 1763 435 1805 habet,
460 1762 490 1798 si
508 1762 659 1798 fundum
678 1762 818 1807 pignori
837 1762 959 1797 datum
979 1772 1003 1797 a
1022 1766 1193 1798 testatore
1213 1773 1278 1798 suo

194 1808 451 1854 comparaverit
480 1818 503 1843 a
534 1807 726 1849 creditore,
758 1817 831 1842 non
863 1806 969 1842 debet
999 1817 1022 1842 a
1045 1807 1278 1843 coheredibus

192 1854 322 1890 iudicio
347 1853 525 1888 communi
549 1852 739 1888 dividundo
764 1851 953 1887 conveniri.

242 1896 291 1936 18
317 1898 361 1934 IA
371 1907 542 1933 VOLENUS
561 1897 652 1934 libro
675 1898 832 1933 secundo
855 1897 1091 1943 epistularum
1124 1897 1174 1933 Ut
1195 1898 1277 1932 fun-

193 1945 259 1980 dus
273 1943 506 1979 hereditarius
525 1942 637 1978 fundo
657 1953 729 1978 non
750 1942 961 1978 hereditario
983 1942 1124 1984 serviat,
1144 1943 1279 1978 arbiter

194 1990 247 2024 dis
274 1999 381 2024 onere
404 1999 476 2024 non
499 1991 629 2033 potest,
654 1988 738 2033 quia
760 1988 855 2022 ultra
876 1987 914 2022 id
938 1987 1034 2033 quod
1052 1988 1090 2023 in
1107 1987 1277 2023 iudicium

193 2034 216 2069 d
262 2039 382 2069 uctum
406 2037 461 2069 est
485 2033 656 2068 excedere
680 2037 840 2078 potestas
862 2032 989 2068 iudicis
1015 2043 1087 2068 non
1110 2037 1240 2078 potest.

242 2077 292 2116 19
317 2079 372 2114 ΡΑ
381 2088 475 2114 ULUS
502 2079 592 2114 libro
616 2082 722 2113 sexto
746 2078 796 2113 ad
817 2077 990 2114 Sabinum
1036 2078 1156 2113 Arbor
1187 2088 1278 2123 quae

193 2124 228 2159 in
253 2124 406 2159 confinio
438 2127 524 2158 nata
556 2127 627 2166 est,
661 2123 745 2158 item
776 2123 867 2168 lapis
900 2123 960 2168 qui
992 2133 1057 2168 per
1086 2127 1277 2169 utrumque

193 2169 341 2204 fundum
365 2168 568 2204 extenditur
593 2168 759 2214 quamdiu
793 2168 984 2203 cohaeret⁶
1006 2168 1137 2211 fundo,
1170 2178 1190 2203 e
1220 2179 1275 2204 re-

216 2215 295 2250 ‘one
316 2214 486 2259 cuiusque
507 2213 630 2248 finium
648 2213 834 2258 utriusque
854 2216 938 2248 sunt
956 2223 1023 2248 nec
1041 2213 1078 2248 in
1098 2214 1276 2248 communi

217 2259 384 2294 ividundo
407 2259 577 2294 iudicium
599 2259 764 2293 veniunt:
798 2257 861 2293 sed
893 2260 973 2293 cu'm
1004 2262 1068 2293 aut
1098 2258 1190 2303 lapis
1215 2269 1275 2294 ex-

192 2309 331 2349 emptus
355 2308 419 2339 aut
449 2304 557 2339 arbor
587 2307 689 2339 eruta
718 2303 774 2339 vel
804 2303 946 2338 succisa
977 2307 1048 2345 est,
1082 2304 1276 2339 communis

215 2360 255 2385 ro
288 2349 435 2384 indiviso
467 2349 530 2384 fiet
552 2352 589 2384 et
610 2349 728 2384 veniet
749 2348 786 2383 in
811 2348 987 2383 communi
1011 2348 1202 2384 dividundo
1221 2349 1275 2384 iu·

215 2395 339 2430 icium:
372 2405 454 2429 nam
479 2394 574 2439 quod
597 2399 675 2429 erat
697 2393 807 2428 finitis
830 2393 1015 2445 partibus,
1039 2404 1163 2429 rursus
1189 2404 1274 2429 con-

190 2439 360 2474 funditur.
398 2449 469 2484 qua
492 2440 555 2474 re⁷
579 2438 719 2474 duabus
737 2448 863 2473 massrs
885 2438 1035 2473 duorum
1055 2438 1275 2474 dominorum

192 2484 355 2519 conflatis
378 2489 457 2519 tota
476 2494 596 2519 massa
616 2484 810 2519 communis
831 2487 896 2525 est,
921 2483 1058 2519 etiamsi
1077 2484 1211 2528 aliquid
1232 2494 1275 2519 ex

191 2531 306 2574 prima
328 2530 446 2574 specie
470 2532 673 2574 separatum
704 2531 864 2564 maneat:
896 2528 949 2563 ita
979 2529 1087 2564 arbor
1119 2534 1155 2564 et
1183 2529 1219 2564 la
1244 2530 1274 2564 is

195 2578 208 2608 1
259 2578 444 2619 separatus
487 2584 509 2609 a
549 2574 661 2609 fundo
698 2573 885 2609 confundit
917 2574 974 2608 ius
1010 2573 1164 2609 dominii.
1256 2585 1275 2609 e

191 2619 361 2654 vestibulo
386 2619 562 2654 communi
586 2620 749 2654 binarum
773 2618 914 2654 aedium
937 2619 1072 2654 arbiter
1096 2620 1274 2654 communi

192 2663 380 2699 dividundo
404 2665 511 2699 invito
536 2664 705 2700 utrolibet
734 2664 812 2699 dari
842 2674 914 2699 non
945 2663 1070 2706 debet,
1102 2664 1186 2710 quia
1215 2665 1274 2709 qui

194 2708 236 2743 de
258 2709 430 2744 vestibulo
454 2709 553 2744 liceri
578 2714 743 2754 cogatur,
775 2718 922 2744 necesse
945 2709 1077 2744 habeat
1098 2709 1274 2744 interdum

191 2757 346 2788 totarum
370 2754 510 2788 aedium
533 2755 683 2798 pretium
706 2754 843 2796 facere,
876 2754 907 2790 si
930 2754 1019 2789 alias
1044 2754 1179 2789 aditum
1202 2765 1274 2790 non

191 2801 212 2833 2
258 2798 399 2833 habeat.
448 2798 485 2833 Si
507 2809 570 2843 per
594 2799 744 2835 eundem
762 2800 880 2835 locum
899 2799 957 2834 via
976 2799 1080 2834 nobis
1101 2799 1275 2835 debeatur

190 2846 228 2878 et
250 2843 287 2877 in
310 2853 387 2878 eam
418 2843 579 2888 impensa
607 2844 706 2879 facta
735 2844 799 2886 sit,
832 2844 953 2879 durius
983 2845 1035 2879 ait
1057 2844 1273 2890 Pomponius

191 2888 368 2923 communi
404 2888 591 2923 dividundo
626 2889 680 2924 vel
711 2900 775 2934 pro
809 2890 907 2925 socio
938 2889 995 2934 agi
1026 2900 1149 2935 posse:
1182 2899 1274 2935 quae

191 2933 284 2968 enim
305 2934 501 2968 communio
520 2934 606 2968 iuris
627 2935 841 2979 separatim⁸
864 2934 1017 2979 intellegi
1035 2935 1179 2980 potest?
1211 2934 1273 2970 sed

190 2980 212 3013 3
258 2979 477 3022 negotiorum
507 2983 686 3022 gestorum
717 2979 902 3024 agendum.
950 2979 1062 3014 Iudex
1098 2980 1273 3015 communi

190 3021 399 3059 dividundo.
423 3023 506 3057 item
530 3023 683 3059 familiae
707 3024 938 3060 erciscundae
961 3024 1005 3060 de
1028 3035 1128 3060 servo
1153 3025 1214 3070 qui
1237 3025 1273 3060 in

189 3066 275 3113 fuga
306 3071 361 3103 est
382 3067 504 3102 iubere
527 3068 632 3103 debet
654 3069 751 3104 liceri
776 3080 836 3105 eos
860 3070 953 3104 inter
976 3080 1065 3114 quos
1089 3070 1195 3105 iudex
1219 3073 1274 3105 est

190 3116 227 3148 et
256 3116 343 3165 tunc
374 3122 453 3148 eum
485 3112 730 3164 adiudicare&
761 3125 870 3159 penes
901 3125 1006 3159 quem
1036 3115 1184 3150 licitatio
1216 3125 1272 3150 re-

189 3161 337 3192 mansit:
368 3167 435 3192 nec
467 3161 533 3192 erit
555 3158 768 3202 periculum,
801 3170 847 3194 ne
871 3170 915 3194 ex
937 3164 1083 3195 senatus
1107 3160 1272 3195 consulto

189 3205 211 3238 4
256 3212 374 3255 poena
406 3202 491 3247 legis
523 3201 658 3238 Fabiae
693 3204 943 3239 committatur.
991 3205 1174 3250 Aquarum
1204 3205 1273 3239 iter

188 3246 226 3282 in
259 3247 428 3282 iudicium
462 3248 638 3282 communi
670 3248 858 3284 dividundo
894 3260 967 3284 non
998 3250 1117 3285 venire
1147 3250 1270 3285 Labeo

188 3292 259 3327 ait:
294 3302 377 3327 nam
407 3295 472 3327 aut
499 3291 611 3337 ipsius
643 3291 742 3327 fundi
774 3298 828 3328 est
858 3298 894 3329 et
924 3294 1005 3330 ideo
1035 3295 1072 3329 in
1102 3294 1271 3329 iudicium

188 3347 260 3373 non
291 3337 406 3379 venit,
435 3339 500 3372 aut
527 3342 731 3381 separatum
763 3348 785 3372 a
814 3337 946 3382 fundo,
979 3339 1128 3375 divisum
1151 3343 1269 3375 tamen

189 3450 229 3492 (1)
254 3449 355 3482 etiam
371 3460 439 3483 non
457 3450 536 3491 (non
547 3450 624 3483 add.
638 3449 802 3492 Cuiacius)
812 3455 966 3485 manente
976 3452 1024 3485 rei
1034 3452 1268 3485 communione

188 3506 251 3528 scr.
265 3502 296 3529 ει
307 3495 424 3529 deinde
435 3496 494 3529 ins.
507 3494 690 3539 taliasere:
710 3495 797 3528 idem
811 3496 988 3529 dicendum
1001 3500 1061 3537 est,
1081 3497 1139 3530 nbi
1159 3497 1267 3529 erravi

187 3539 224 3573 in
237 3549 380 3582 persona
392 3540 475 3573 socii
590 3540 633 3581 (2)
658 3539 708 3572 fui
717 3552 777 3573 scr.
918 3543 959 3582 (3)
986 3543 1068 3575 talia
1067 3544 1145 3586 sere
1160 3549 1270 3575 secuta

187 3585 339 3619 nidenan·
352 3596 441 3619 oue.-
458 3584 488 3618 εἰ
505 3584 639 3628 quidem
655 3585 740 3617 socii
757 3586 896 3627 negotia
917 3587 1023 3628 gessi:
1051 3590 1095 3627 at,
1122 3585 1182 3619 ubi
1201 3597 1269 3619 non

187 3629 272 3662 socii
284 3629 421 3672 negotis
432 3629 532 3672 gessi,
545 3629 602 3662 sed
614 3629 783 3673 propriam
794 3640 861 3663 rem
871 3630 978 3662 tuitus
991 3642 1073 3671 sum,
1084 3631 1168 3664 utile
1177 3642 1268 3664 com-

187 3675 282 3707 muni
302 3674 488 3708 dividundo
507 3675 673 3708 indicium
692 3674 837 3707 dandum
857 3675 923 3708 erit
1044 3679 1087 3717 (⁴)
1112 3676 1275 3709 reddetF

188 3720 233 3765 (ι)
257 3719 422 3752 dirimunt
430 3732 494 3755 cer.
620 3721 665 3762 (ο)
689 3719 868 3753 cohaerent
879 3720 958 3754 Hal.
1075 3722 1118 3762 (τ)
1142 3731 1209 3764 qua
1220 3723 1268 3762 re]

1275 105 1353 152 146

1935 118 2143 150 commum
2169 119 2425 153 mvmmmo

1349 233 1412 265 aut
1434 239 1600 266 mensura
1622 233 1685 266 aut
1707 232 1935 276 temporibus.
1969 231 2032 267 sed
2054 234 2206 277 possunt
2222 231 2303 267 iura
2321 232 2426 269 inter-

1349 275 1430 310 dum
1463 278 1499 310 et
1529 280 1694 321 separata
1725 286 1747 311 a
1777 277 1888 313 fundo
1921 287 1998 312 esse
2029 281 2065 312 et
2086 286 2153 312 nec
2176 286 2341 313 mensura
2363 288 2428 315 nec

1347 320 1567 365 temporibus
1592 320 1713 364 divisa,
1737 322 1845 358 veluti
1869 332 1950 358 cum
1972 322 2003 357 is
2027 322 2129 357 cuius
2147 321 2292 357 fuerunt
2310 322 2428 367 plures

1349 365 1496 401 heredes
1518 365 1675 418 reliquit:
1724 367 1796 402 uod
1816 378 1896 403 cum
1915 366 2055 409 accidit,
2081 370 2358 402 consentaneum
2376 371 2429 403 est

1349 413 1386 445 et
1409 419 1452 445 ea
1474 410 1511 445 in
1534 411 1681 446 arbitrio
1721 412 1860 448 amiliae
1884 411 2114 447 erciscundae
2136 412 2266 454 venire,
2290 422 2357 447 nec
2379 413 2427 448 vi·

1350 455 1433 490 dere
1448 456 1475 476 ¹⁰
1497 455 1611 500 inquit
1633 455 1721 491 Pom
1748 457 1870 500 onius,
1905 467 2015 502 quare
2047 457 2163 492 minus
2194 456 2231 491 in
2256 458 2430 492 communi

1350 499 1541 536 dividundo
1577 511 1683 545 quam
1734 503 1872 537 amiliae
1906 502 2136 537 erciscundae
2170 501 2339 536 iudicium
2372 512 2429 538 ve-

1349 545 1502 580 niant¹¹.
1535 545 1548 580 i
1572 545 1642 580 'tur
1664 546 1701 580 in
1724 547 1925 583 huiusmodi
1949 547 2135 592 speciebus
2154 546 2260 581 etiam
2279 546 2317 581 in
2336 557 2429 582 com-

1348 590 1446 624 muni
1470 589 1539 625 divi
1566 590 1661 626 undo
1691 591 1820 628 iudicio
1851 593 1963 633 venit,
1996 596 2036 626 ut
2066 591 2229 636 praefata
2259 591 2339 626 iura
2369 596 2430 627 aut

1349 645 1517 670 mensura
1540 639 1602 670 aut
1625 637 1841 681 temporibus
1866 637 2077 672 dividantur.

1395 677 1448 717 20
1474 679 1703 716 Pomomcss
1722 681 1814 717 libro
1838 683 1942 717 tertio
1962 681 2099 717 decimo
2119 681 2169 716 ad
2188 680 2360 717 Sabinum
2395 681 2431 717 Si

1348 724 1389 765 is,
1415 735 1496 760 cum
1515 736 1585 770 quo
1603 725 1752 761 fundum
1775 737 1994 762 communem
2014 726 2135 768 habes,
2161 726 2206 761 ad
2226 726 2391 762 delictum
2404 727 2431 748 ¹²

1349 780 1422 805 non
1455 769 1639 815 respondit
1670 775 1705 806 et
1728 772 1773 807 ob
1798 772 1835 806 id
1858 776 1956 807 motu
1979 771 2106 806 iudicis
2129 771 2214 806 villa
2237 771 2355 806 diruta
2379 775 2430 807 est

1349 818 1414 850 aut
1436 815 1583 850 arbusta
1605 816 1747 852 succisa
1770 821 1864 858 sunt,
1890 817 2130 861 praestabitur
2152 816 2218 851 tibi
2242 815 2428 851 detrimen-

1348 863 1425 895 tum
1442 860 1573 896 iudicio
1594 862 1771 896 communi
1791 861 1998 896 dividundo:
2023 860 2195 906 quidquid
2213 861 2307 896 enim
2328 861 2431 906 culpa

1349 905 1437 940 socii
1461 906 1628 941 amissum
1651 910 1715 947 est,
1741 916 1783 942 eo
1806 906 1937 942 iudicio
1962 906 2174 942 continetur.

1395 947 1444 986 21
1481 950 1674 986 ULPJANUS
1701 951 1791 987 libro
1817 953 2022 998 triqensimo
2046 952 2096 986 ad
2118 949 2290 987 Sabinum
2336 951 2430 986 Iudi-

1350 1005 1426 1030 cem
1449 995 1485 1030 in
1509 995 1660 1041 praediis
1685 996 1881 1032 dividundis
1905 996 2000 1042 quod
2023 995 2184 1032 omnibus
2208 996 2430 1031 utilissimum
2498 1022 2507 1046 5

1350 1044 1405 1076 est
1427 1040 1482 1075 vel
1506 1041 1601 1086 quod
1624 1041 1749 1075 malint
1771 1041 1965 1087 litigatores
1990 1041 2089 1086 sequi
2113 1041 2286 1076 convenit.

1395 1083 1448 1122 22
1473 1085 1701 1121 Pomomvs
1721 1087 1812 1122 libro
1837 1087 2044 1134 triqensimo
2065 1087 2169 1121 tertio
2190 1086 2240 1121 ad
2258 1085 2430 1122 Sabinum

1349 1129 1388 1165 Si
1410 1141 1488 1166 meo
1512 1134 1548 1166 et
1570 1131 1676 1166 vicini
1698 1132 1840 1167 nomine
1863 1132 2034 1177 parietem
2058 1130 2239 1167 aedificem
2258 1131 2312 1166 vel
2331 1142 2431 1176 repe-

1348 1176 1479 1211 titurus
1504 1176 1549 1210 ab
1575 1187 1615 1211 eo
1639 1187 1705 1221 pro
1724 1181 1827 1222 parte
1845 1177 2040 1222 impensam
2058 1177 2114 1211 vel
2132 1175 2332 1212 donationis
2351 1186 2430 1222 gra-

1348 1221 1409 1260 tia,
1435 1221 1630 1256 communis
1654 1221 1717 1257 fiet
1738 1222 1867 1267 paries.

1395 1263 1448 1303 23
1481 1266 1675 1302 ULPIANUS
1711 1267 1801 1302 libro
1833 1267 2040 1313 triqensz‘mo
2070 1265 2228 1302 secundo
2261 1266 2311 1301 ad
2339 1266 2430 1302 edic-

1350 1314 1424 1346 tum
1470 1310 1508 1346 Si
1532 1311 1734 1346 convenerit
1757 1312 1849 1347 inter
1871 1317 1907 1347 te
1931 1316 1967 1347 et
1990 1311 2126 1347 socium
2156 1315 2275 1354 tuum,
2309 1315 2350 1346 ut
2380 1311 2431 1346 al-

1349 1356 1458 1392 ternis
1482 1357 1584 1391 annis
1607 1356 1764 1392 fructum
1787 1357 2035 1402 perciperetis,
2061 1360 2097 1391 et
2119 1366 2191 1391 non
2214 1356 2373 1401 patiatur
2395 1361 2432 1391 te

1349 1402 1466 1437 socius
1489 1402 1543 1436 tui
1568 1402 1651 1436 anm'
1673 1401 1831 1437 fructum
1854 1403 2055 1448 percipere,
2080 1401 2288 1444 videndum,
2312 1405 2431 1436 utrum

1349 1457 1393 1481 ex
1424 1446 1600 1482 conducto
1632 1447 1679 1482 sit
1709 1447 1802 1483 actio
1834 1457 1881 1482 an
1911 1457 1994 1482 vero
2028 1447 2204 1482 communi
2228 1446 2429 1482 dividundo.

1349 1491 1472 1527 eadem
1497 1491 1656 1537 quaestio
1681 1496 1736 1527 est
1760 1497 1796 1528 et
1819 1493 1849 1528 si
1872 1493 2008 1535 socius,
2043 1492 2104 1537 qui
2128 1496 2360 1534 convenerat,
2392 1495 2432 1526 ut

1349 1537 1494 1572 alternis
1519 1537 1620 1572 annis
1643 1537 1839 1580 frueretur,
1863 1548 1973 1583 pecus
1997 1537 2141 1572 immisit
2164 1540 2200 1572 et
2223 1537 2358 1579 effecit,
2392 1541 2432 1571 ut

1348 1581 1460 1616 futuri
1484 1582 1568 1617 anni
1590 1582 1752 1625 fructus,
1784 1594 1874 1628 quos
1898 1583 2035 1618 socium
2057 1581 2240 1627 percipere
2263 1581 2431 1627 oportuit,

1350 1631 1672 1672 corrumperentur.
1709 1631 1746 1662 et
1769 1632 1857 1673 puto
1889 1628 2000 1673 magis
2033 1627 2210 1662 communi
2240 1626 2431 1662 dividundo

1348 1672 1518 1707 iudicium
1538 1683 1642 1717 quam
1662 1683 1706 1708 ex
1726 1673 1902 1708 conducto
1924 1673 2042 1709 locum
2060 1672 2195 1707 habere
2214 1675 2320 1717 (quae
2339 1672 2431 1708 enim

1348 1717 1478 1752 locatio
1515 1722 1587 1759 est,
1626 1728 1706 1752 cum
1719 1719 1748 1738 ¹³
1782 1728 1917 1753 merces
1951 1728 2025 1753 non
2057 1718 2333 1761 intercesserit?)
2370 1721 2432 1752 aut

1349 1766 1446 1797 certe
1469 1763 1646 1798 actionem
1668 1763 1795 1798 incerti
1820 1764 1954 1798 civilem
1977 1762 2204 1798 reddendam.

1394 1805 1448 1844 24
1471 1807 1665 1843 IULIANUS
1691 1808 1781 1844 libro
1813 1812 1938 1844 octavo
1962 1809 2182 1854 diqestomm
2229 1806 2430 1843 Communis

1347 1862 1468 1888 servus
1492 1853 1522 1888 si
1547 1863 1590 1888 ex
1612 1863 1653 1888 re
1671 1853 1816 1888 alterius
1837 1853 2059 1889 dominorum
2078 1852 2296 1905 adquisierit,
2320 1852 2430 1888 nihilo

1346 1898 1463 1933 minus
1488 1908 1673 1934 commune
1695 1898 1733 1933 id
1756 1899 1841 1934 erit:
1868 1898 1931 1934 sed
1954 1899 1996 1942 is,
2022 1909 2065 1934 ex
2090 1908 2190 1933 cums
2214 1907 2252 1933 re
2275 1897 2429 1943 adquisi-

1345 1946 1422 1978 tum
1443 1943 1562 1986 fuerit,
1588 1944 1766 1979 communi
1789 1943 1979 1979 dividundo
2003 1943 2134 1979 iudicio
2159 1953 2237 1978 eam
2260 1953 2430 1978 summam

1346 1989 1529 2034 percipere
1542 1990 1569 2010 ¹⁴
1580 1992 1710 2033 potest,
1733 1989 1817 2034 quia
1834 1989 1917 2024 fidei
1934 1989 2050 2025 bonae
2070 1988 2243 2030 convenit,
2263 1991 2304 2023 ut
2322 1998 2430 2023 unus-

1346 2034 1423 2078 quis
1449 2043 1495 2068 ue
1517 2034 1750 2079 praecipuum
1772 2034 1923 2077 habeat,
1955 2034 2050 2079 quod
2081 2043 2125 2068 ex
2147 2043 2187 2068 re
2211 2033 2285 2068 eius
2310 2043 2431 2068 servus

1543 2079 1550 2086 '
1828 2089 1887 2114 ere
1905 2083 2024 2114 tecum
2045 2078 2221 2114 communi
2241 2077 2431 2113 dividundo

1839 2125 1902 2159 itio
1926 2124 2105 2159 tradidisti
2128 2123 2288 2158 mutandi
2311 2123 2431 2158 iudicii

1346 2178 1474 2204 causa:
1499 2169 1630 2204 teneris
1654 2170 1739 2204 mihi
1787 2170 1943 2204 raetoria
1967 2170 2127 2211 actione,
2152 2168 2246 2214 quod
2269 2167 2429 2210 fecisses,

1345 2223 1390 2249 ne
1412 2217 1531 2249 tecum
1556 2215 1732 2249 communi
1783 2214 1947 2250 'vidundo
1972 2217 2146 2258 ageretur.

1391 2256 1444 2296 25
1470 2258 1576 2294 IDEM
1604 2259 1695 2295 libro
1728 2259 1936 2295 duodecimo
1960 2259 2178 2306 diqestorum
2225 2257 2262 2293 Si
2287 2257 2430 2292 Stichus

1345 2305 1540 2339 communis
1571 2314 1670 2339 meus
1702 2308 1738 2339 et
1769 2307 1852 2339 tuus
1876 2314 1998 2340 servus
2021 2303 2185 2339 habuerit
2207 2303 2430 2347 Pamphilum

1343 2349 1514 2384 vicarium
1526 2359 1714 2384 aureorum
1735 2349 1856 2384 decem
1876 2354 1912 2384 et
1929 2360 2069 2385 mecum
2088 2353 2208 2384 actum
2227 2347 2270 2382 de
2289 2348 2428 2393 peculio

1343 2393 1451 2429 fuerit
1485 2394 1738 2430 condemnatus
1763 2405 1809 2429 ue
1842 2395 1965 2430 decem
1999 2394 2227 2439 praestitero:
2270 2393 2429 2438 quamvis

1343 2443 1469 2484 postea
1503 2439 1710 2484 Pamphilus
1771 2440 1956 2482 ecesserit,
1991 2439 2100 2474 nihilo
2135 2438 2250 2473 minus
2287 2438 2429 2473 actione

1344 2485 1521 2519 communi
1556 2484 1746 2519 dividundo
1780 2485 1835 2520 vel
1869 2496 1934 2530 pro
1970 2485 2066 2520 socio
2126 2483 2259 2529 uinque
2293 2482 2429 2518 milia¹⁵

1342 2533 1526 2609 praestare
1550 2529 1705 2571 debebis,
1730 2530 1814 2575 quia
1837 2533 1873 2565 te
1896 2531 1965 2565 hoc
1990 2539 2072 2565 aere
2095 2495 2209 2564 ssieno
2229 2528 2375 2563 liberavi
2390 2528 2427 2562 ¹⁸.

1356 2584 1445 2619 onge
1468 2575 1579 2619 magis
1603 2585 1811 2620 consequar,
1836 2575 1867 2610 si
1887 2574 2030 2610 Stichus
2053 2578 2136 2619 post
2153 2577 2302 2609 mortem
2322 2572 2427 2608 Pam-

1342 2619 1430 2664 phili
1454 2620 1563 2655 alium
1586 2620 1757 2655 vicarium
1781 2619 2008 2665 adquisierat.

1389 2662 1443 2702 26
1467 2665 1649 2700 ALFENUS
1670 2664 1801 2700 VARUS
1809 2665 1900 2701 libro
1911 2664 2067 2701 secundo
2080 2663 2298 2710 diqestorum
2323 2663 2426 2698 Com-

1342 2710 1459 2744 munis
1483 2719 1606 2745 servus
1630 2721 1710 2745 cum
1733 2710 1830 2755 apud
1854 2710 2004 2745 alterum
2027 2713 2132 2749 esset.
2157 2718 2239 2743 crus
2261 2708 2368 2754 fregit
2390 2707 2426 2743 in

1342 2765 1468 2800 opere:
1488 2755 1734 2799 quaerebatur,
1755 2755 1846 2791 alter
1865 2755 2026 2790 dominus
2047 2753 2132 2799 quid
2151 2763 2232 2788 cum
2243 2763 2297 2796 eo,
2317 2762 2426 2798 penes

1343 2810 1447 2845 quem
1469 2799 1607 2843 fuisset,
1632 2804 1760 2845 ageret.
1797 2800 1975 2845 respondi,
1999 2799 2030 2835 si
2053 2798 2138 2844 quid
2152 2799 2178 2820 ¹⁷
2204 2798 2310 2844 culpa
2332 2798 2427 2833 illius

1342 2845 1453 2897 magis
1478 2855 1584 2890 quam
1609 2856 1696 2880 casu
1719 2855 1776 2880 res
1801 2845 1997 2881 communis
2021 2844 2141 2879 damni
2165 2843 2336 2888 cepisset,
2361 2853 2425 2888 per

1343 2890 1515 2925 arb1trum
1539 2891 1714 2926 communi
1738 2889 1927 2925 dividundo
1951 2899 2058 2943 posse
2080 2888 2322 2934 reciperari¹⁸.

1389 2932 1442 2971 27
1466 2934 1522 2970 ΡΑ
1531 2945 1627 2970 Utus
1653 2935 1745 2971 libro
1768 2936 1872 2970 tertio
1897 2939 2135 2981 epitomarum
2158 2934 2288 2979 Alfeni
2308 2933 2427 2979 dae'yes-

1343 2983 1459 3015 torum
1505 2979 1560 3015 De
1584 2979 1762 3016 communi
1784 2990 1885 3016 servo
1909 2990 2002 3015 unus
2036 2989 2079 3015 ex
2109 2978 2215 3014 sociis
2246 2978 2424 3023 quaestio-

1341 3034 1422 3060 nem
1452 3025 1584 3060 habere
1619 3025 1687 3060 nisi
1718 3025 1914 3060 communis
1945 3025 2075 3070 negotii
2105 3033 2216 3059 causa
2245 3023 2323 3058 iure
2353 3033 2423 3058 non

1367 3074 1473 3105 otest.

1341 3080 1365 3114 p
1387 3112 1440 3152 28
1465 3114 1712 3150 ΡΔΡιΝιΔΝσε
1738 3114 1828 3151 libro
1851 3116 2002 3161 septimo
2026 3114 2274 3160 quaestionum
2321 3111 2424 3147 Sabi»

1341 3170 1407 3195 nus
1431 3159 1484 3195 ait
1494 3160 1523 3181 ¹⁹
1545 3159 1582 3194 in
1613 3170 1653 3195 re
1684 3160 1861 3195 communi
1893 3160 2066 3195 neminem
2097 3158 2318 3193 dominorum
2349 3157 2425 3192 iure

1339 3204 1460 3241 facere
1491 3204 1681 3284 qnic‘ffiam
1710 3205 1820 3240 invito
1844 3204 1955 3240 altero
1978 3213 2095 3250 posse.
2131 3202 2226 3255 unde
2255 3201 2423 3254 manifes-

1340 3253 1414 3284 tum
1439 3253 1494 3286 est
1516 3260 1582 3295 pro
1611 3249 1727 3285 ’bendi
1748 3249 1803 3285 ius
1828 3259 1922 3285 esse:
1954 3249 1991 3284 in
2022 3259 2061 3284 re
2092 3258 2183 3283 emm
2206 3257 2286 3293 pari
2307 3251 2423 3292 potio-

1339 3305 1413 3330 rem
1449 3305 1594 3330 causam
1627 3305 1704 3331 esse
1734 3294 1955 3340 prohibentis
1988 3297 2141 3329 constat.
2189 3292 2252 3328 sed
2287 3291 2353 3327 etsi
2387 3291 2423 3326 in

1340 3340 1518 3375 communi
1541 3340 1720 3385 prohiberi
1743 3339 1862 3376 socius
1885 3349 1908 3375 a
1926 3339 2023 3375 socio
2044 3348 2089 3374 ne
2111 3337 2196 3383 quid
2213 3337 2326 3373 faciat
2360 3345 2425 3381 po-

1348 2082 1362 2113 1
1413 2089 1435 2113 a
1461 2079 1631 2124 quisierit.
1674 2079 1762 2114 Cum

1345 2123 1489 2166 vellem,
1522 2127 1662 2169 partem
1684 2127 1783 2159 tuam

1338 3462 1403 3494 qua
1423 3453 1556 3485 ratione
1574 3465 1637 3486 ecr-
1657 3465 1718 3487 sec.
1741 3453 1789 3486 D.
1806 3452 1941 3491 17‚2,e³
2121 3453 2165 3493 (8)
2190 3450 2338 3494 separati
2358 3461 2420 3483 sec.

1341 3496 1486 3531 Graecos
1497 3509 1561 3531 scr.
1710 3499 1755 3540 (9)
1779 3497 1809 3530 ei
1827 3497 1887 3530 ine.
1902 3496 1976 3529 dett.
2125 3496 2184 3538 (10)
2209 3505 2244 3528 se
2265 3496 2325 3528 ins.
2338 3494 2422 3527 Hal.

1337 3543 1393 3583 (1¹)
1418 3542 1510 3574 venti
1524 3541 1563 3585 F,
1578 3543 1672 3575 venit
1686 3542 1717 3576 S
1804 3543 1862 3584 (12)
1887 3540 2050 3574 delectum
2069 3541 2168 3575 Taur.
2262 3540 2320 3582 (13)
2345 3549 2420 3572 cum

1337 3586 1411 3627 NS,
1425 3587 1542 3620 sumF
1650 3588 1709 3629 (14)
1732 3587 1926 3630 praecipere
1942 3585 2023 3619 HaL
2139 3586 2197 3626 (15)
2220 3584 2317 3617 milia
2328 3583 2420 3624 FN,

1338 3631 1400 3665 del.
1418 3630 1474 3673 F'2,
1488 3631 1571 3664 mihi
1587 3631 1758 3676 Schultn'nq
1903 3633 1963 3672 (16)
1986 3629 2145 3663 liberavit
2159 3630 2203 3672 N,
2217 3628 2378 3662 liberabit
2391 3627 2422 3662 S

1339 3678 1396 3718 (17)
1421 3676 1503 3718 qnid
1512 3675 1608 3718 F'N,
1622 3677 1756 3719 quidem
1768 3677 1803 3710 F
1809 3677 1819 3697 ¹
1954 3678 2014 3718 (18)
2038 3677 2087 3710 εἰσ
2098 3675 2143 3719 N,
2160 3675 2347 3718 reciperare
2362 3672 2421 3706 ΓΕ

1338 3722 1398 3762 (19)
1423 3721 1527 3762 aitN,
1540 3721 1669 3755 orn-FS

2473 68 2528 159 ‘a

2501 162 2528 194 ²25--

2508 1285 2528 1450 Ξ

2506 1451 2528 1526 3

2506 2306 2528 2423 Ξ

2509 2424 2528 2470 Ξ

2510 2572 2528 2614 Ξῖ

2508 2615 2528 2648 ζ’,ὶ
