2528 3918
180 117 474 161 XXXXVIIII
508 119 572 160 15.
600 119 650 159 16

182 239 237 274 vel
262 239 371 274 filiam
393 239 636 284 procreaverit
667 248 710 274 ac
740 242 827 274 tunc
858 237 1074 283 postliminio
1099 247 1186 272 avus
1210 247 1265 273 re-

181 294 305 319 versus
335 283 461 319 fuerit:
500 284 619 319 omnia
649 284 729 318 iura
767 283 906 335 nepotis
943 283 1085 334 nomine
1120 281 1267 327 perinde

182 329 310 399 capiet,
334 339 378 364 ac
402 329 432 364 si
455 329 549 364 filius
573 331 703 365 natus¹
727 328 765 363 in
788 327 931 364 civitate
953 328 1092 363 fuisset.

229 373 281 410 24
321 373 515 409 ULPJANUS
548 374 639 410 libro
670 374 794 419 primo
827 373 1087 408 institutionum
1135 371 1266 407 Hostes

182 424 282 462 suut,
317 418 445 463 quibus
475 418 607 454 bellum
638 418 782 463 publice
811 417 965 463 populus
997 417 1180 452 Romanus
1205 416 1266 451 de-

183 464 293 499 cmvit
315 463 370 498 vel
399 464 470 509 ipsi
520 464 627 510 opulo
651 463 832 499 Romano:
865 463 973 498 ceteri
997 461 1189 497 latrunculi
1212 461 1267 496 vel

181 508 380 554 praedones
400 474 639 554 appeflantur.
675 512 712 544 et
731 508 811 544 ideo
832 508 893 553 qui
917 518 939 542 a
961 507 1167 560 latronibus·
1182 517 1267 559 cap-

181 561 239 589 tus
264 557 335 596 est,
366 563 491 589 servus
515 554 694 590 latronum
717 564 790 590 non
821 558 893 597 est,
925 563 992 588 nec
1014 552 1268 597 posthmimum

180 599 233 634 illi
263 599 505 635 necessarium
534 602 608 635 est:
641 599 688 635 ab
717 598 880 635 hostibus
913 602 1033 632 autem
1057 607 1100 632 ca
1126 601 1204 639 tus,
1227 600 1269 632 ut

180 648 270 689 puta
301 653 324 679 a
355 643 541 680 Germanis
575 648 611 679 et
633 643 793 685 Parthis,
827 648 863 679 et
887 653 1010 678 servus
1034 646 1090 678 est
1139 642 1268 678 ostium

182 693 218 725 et
265 688 457 725 ostliminio
480 692 614 725 statum
636 689 826 735 pristinum
849 691 1048 732 recuperat.

227 699 305 771 {³5²
327 733 564 770 Mane-unos
584 734 676 771 libro
695 739 826 780 quarto
844 733 980 769 decimo
1006 732 1267 767 institutionum

181 778 263 814 Divi
295 778 447 815 Severus
485 782 522 815 et
551 779 757 815 Antoninus
794 777 1075 822 rescripserunt,
1116 776 1147 812 si
1177 787 1268 813 uxor

181 835 260 859 cum
291 824 420 860 marito
451 825 498 860 ab
529 824 692 860 hostibus
725 828 832 869 capta
862 823 972 858 fuerit
1002 826 1040 858 et
1068 821 1200 858 ibidem
1224 832 1269 857 ex

181 870 309 904 marito
341 869 447 904 enixa
477 870 540 905 sit:
575 870 606 905 si
636 870 768 905 reversi
798 868 951 910 fuerint,
984 867 1100 903 iustos
1130 877 1210 903 esse
1233 871 1269 902 et

180 917 403 995 iffi&
417 914 989 1005 ξιῗῗῧίεἳῖῑὲῗηῗιέἳέιὲᾎῗῗὲ
1000 912 1125 1003 {2⁶3¹}
1132 923 1269 994 3⁰31?ss

180 1007 294 1040 matre
317 1004 396 1040 sola
418 1009 628 1048 revertatur,
653 1005 756 1050 quasi
779 1004 855 1039 sine
878 1003 1005 1039 marito
1027 1007 1158 1046 natus,
1183 1013 1267 1049 spu-

180 1049 256 1085 rius
278 1049 470 1086 habebitur
478 1051 504 1086 ⁴.

226 1091 281 1132 26
304 1094 582 1131 Fronmmvs
610 1095 700 1131 libro
731 1098 836 1130 sexto
861 1095 1124 1130 institutionum
1170 1092 1269 1144 Nihil

179 1139 345 1184 interest,
376 1140 554 1185 quomodo
584 1150 627 1175 ca
653 1140 746 1175 tivus
768 1150 933 1175 reversus
963 1142 1036 1181 est,
1072 1141 1192 1173 utrum
1216 1137 1267 1173 di-

179 1185 311 1221 missus
341 1195 389 1220 an
419 1185 454 1221 vi
481 1185 540 1220 vel
572 1185 717 1220 salacia
747 1188 961 1230 potestatem
997 1184 1156 1220 hostium
1187 1193 1268 1218 eva·

180 1229 277 1274 serit,
301 1230 353 1265 ita
375 1235 512 1272 tamen,
538 1230 568 1265 si
591 1241 635 1266 ea
658 1234 775 1265 mente
798 1230 944 1272 venerit,
968 1233 1010 1265 ut
1031 1240 1104 1264 non
1125 1228 1188 1263 illo
1212 1238 1268 1263 re-

179 1279 392 1311 verteretur:
427 1286 493 1310 nec
516 1276 610 1311 enim
635 1275 722 1311 satis
747 1278 802 1311 est
825 1285 975 1320 corpore
998 1275 1141 1310 domum
1166 1284 1270 1318 quem

179 1320 333 1364 redisse,
371 1321 403 1356 si
439 1325 557 1356 mente
595 1321 733 1356 alienus
771 1325 837 1356 est.
893 1321 957 1356 sed
992 1324 1028 1355 et
1066 1319 1128 1364 qui
1168 1319 1270 1354 victis

179 1365 343 1402 hostibus
384 1369 645 1411 recuperantur
654 1367 677 1409 ⁵,
717 1366 935 1410 postliminio
974 1365 1111 1401 redisse
1147 1364 1269 1400 existi-

178 1414 332 1446 mantur.

225 1453 278 1493 27
311 1455 357 1491 IA
367 1466 537 1491 VOLENUS
571 1456 663 1492 libro
695 1466 791 1490 nono
827 1467 878 1491 ex
901 1456 1169 1503 posterioribus
1199 1454 1270 1490 La-

180 1502 302 1538 beonis
347 1501 525 1537 Latrones
553 1500 620 1537 tibi
650 1511 791 1537 servum
821 1501 1045 1546 eripuerant:
1109 1503 1211 1536 ostea
1239 1500 1270 1535 is

180 1557 303 1582 servus
326 1546 373 1581 ad
397 1546 598 1582 Germanos
622 1549 850 1599 pervenerat:
883 1546 967 1582 inde
989 1547 1027 1581 in
1048 1546 1143 1582 belo
1166 1545 1269 1581 victis

180 1591 368 1627 Germanis
399 1602 523 1628 servus
560 1594 718 1627 vemerat
727 1592 752 1626 ⁶.
807 1595 939 1636 negant
974 1602 1081 1637 posse
1119 1590 1271 1635 usucapi

179 1648 261 1673 eum
292 1637 338 1672 ab
371 1640 530 1682 emptore
553 1636 676 1672 Labeo
701 1636 827 1672 Ofilius
851 1637 1062 1679 Trebatius,
1098 1636 1183 1681 quia
1210 1646 1269 1671 ve-

178 1693 259 1718 rum
291 1686 386 1717 esset
415 1692 497 1717 eum
529 1682 739 1727 subreptum
771 1692 865 1724 esse,
898 1693 965 1717 nec
995 1681 1091 1728 quod
1113 1682 1270 1717 hostium

178 1727 309 1763 fuisset
338 1731 403 1762 aut
433 1727 650 1772 postliminio
674 1727 844 1770 redisset,
876 1727 909 1763 ei
937 1728 990 1763 rei
1017 1727 1269 1772 impedimento

179 1783 280 1855 “3³8
305 1817 438 1853 LABEO
466 1817 558 1853 libro
588 1821 720 1863 quarto
744 1816 928 1863 pithanon
958 1829 981 1852 a
1007 1817 1124 1853 Paulo
1154 1817 1268 1864 epito-

179 1867 357 1899 matorum
405 1862 444 1898 Si
467 1862 553 1908 quid
576 1862 671 1898 bello
695 1864 864 1908 captum⁷
889 1865 960 1905 est,
985 1863 1023 1898 in
1046 1862 1181 1908 praeda
1205 1866 1269 1904 est,

179 1919 253 1944 non
283 1907 502 1954 postliminio
533 1907 637 1943 redit.
685 1907 743 1943 ΡΑ
751 1917 794 1943 υι
802 1918 853 1943 vs.
901 1908 1007 1943 immo
1039 1908 1069 1943 si
1107 1908 1146 1942 in
1174 1907 1269 1944 bello

108 1983 113 1987 .
180 1964 224 1989 ca
249 1957 308 1989 tus
331 1963 422 1999 pace
444 1952 544 1988 facta
567 1952 736 1988 domum⁸
768 1953 847 1988 refu
874 1953 915 1996 ·t‚
949 1953 1076 1989 deinde
1098 1956 1269 1989 renovato

178 1965 272 2035 beflo
298 1999 449 2044 capitur,
473 1998 691 2043 postliminio
716 1998 808 2033 redit
827 2009 849 2033 a
897 2009 988 2041 eum,
1012 2009 1034 2033 a
1054 2009 1125 2043 quo
1149 1998 1269 2044 priore

180 2044 274 2080 bello
300 2046 429 2089 eaptus
453 2047 549 2086 erat,
581 2043 614 2081 si
643 2043 749 2079 modo
773 2054 845 2079 non
870 2044 1076 2080 convenerit
1098 2043 1136 2079 in
1167 2053 1269 2089 pace,

179 2093 221 2125 ut
243 2089 375 2134 captivi
397 2088 644 2124 redderentur.

226 2132 280 2172 29
304 2134 412 2170 loru
439 2134 531 2170 libro
554 2137 660 2170 sexto
684 2133 870 2180 pithanon
900 2147 924 2170 a
947 2135 1066 2170 Paulo
1096 2135 1269 2180 epitoma-

180 2184 300 2216 torum
347 2179 385 2215 Si
407 2179 626 2225 postliminio
649 2179 792 2222 redisti,
817 2180 920 2223 nihil,
945 2180 1030 2215 dum
1052 2179 1091 2214 in
1113 2180 1270 2215 hostium

179 2228 359 2270 potestate
381 2224 484 2260 fuisti
493 2225 518 2268 ⁹,
543 2234 743 2270 usucapere
765 2225 923 2270 potuisti.
972 2225 1137 2260 Paows.
1162 2225 1271 2260 immo

180 2270 210 2305 si
235 2269 321 2315 quid
343 2280 467 2305 servus
490 2273 576 2305 tuus
593 2270 731 2350 <fecum
754 2270 912 2313 nomine,
938 2270 1022 2305 dum
1044 2270 1082 2305 in
1106 2281 1147 2306 eo
1172 2274 1270 2305 statu

180 2326 297 2356 esses,
329 2315 547 2361 possederit,
579 2315 591 2350 i
641 2325 683 2350 eo
716 2325 858 2360 quoque
887 2320 1048 2361 tempore
1071 2325 1271 2361 usucapere

179 2361 332 2406 poteris,
364 2360 532 2405 quoniam
555 2370 616 2396 eas
640 2370 699 2395 res
723 2360 830 2395 etiam
853 2361 1046 2397 inscientes
1070 2371 1270 2406 usucapere

180 2405 346 2441 solemus.
396 2409 432 2441 et
464 2416 507 2441 eo
538 2405 644 2441 modo
669 2406 773 2441 etiam
798 2406 978 2442 hereditas
1002 2406 1161 2442 nondum
1185 2411 1270 2441 nato

180 2455 347 2496 postumo
372 2453 437 2486 aut
459 2450 617 2486 nondum
648 2450 746 2486 adita
770 2451 893 2496 augeri
916 2463 981 2497 per
1004 2462 1144 2488 servum
1167 2451 1269 2487 here-

180 2496 349 2531 ditarium
372 2495 475 2532 solet.

226 2538 279 2579 30
304 2541 411 2576 IDEM
438 2541 529 2577 libro
554 2545 679 2577 octavo
699 2540 881 2588 pithanon
906 2553 929 2576 a
953 2540 1071 2577 Paulo
1097 2543 1269 2589 epitoma-

180 2590 298 2621 torum
345 2586 384 2622 Si
414 2586 466 2629 id,
500 2585 596 2631 quod
627 2590 788 2622 nostrum
817 2586 939 2622 hostes
972 2591 1161 2632 ceperunt,
1194 2587 1270 2623 eius

178 2631 318 2676 generis
342 2635 407 2674 est,
432 2633 474 2666 ut
495 2631 715 2683 postliminio
739 2631 855 2667 redire
878 2632 1007 2712 possit:
1032 2632 1138 2668 simul
1162 2635 1271 2678 atque

180 2675 227 2711 ad
250 2687 316 2712 nos
338 2676 511 2712 redeund1
535 2687 647 2712 causa
677 2676 836 2722 profugit
858 2687 881 2711 a
929 2676 1094 2713 hostibus
1118 2681 1154 2714 et
1177 2678 1271 2713 intra

179 2721 269 2757 fines
299 2721 439 2767 imperii
470 2721 585 2757 nostri
615 2732 695 2758 esse
726 2722 862 2775 coepit,
894 2722 1112 2767 postliminio
1136 2723 1270 2759 redisse

180 2766 456 2802 existimandum
481 2771 545 2802 est.
595 2766 762 2802 Patmos.
797 2777 904 2802 immo
930 2778 1011 2802 cum
1035 2778 1158 2804 servus
1184 2768 1270 2804 civis

180 2811 296 2846 nostri
319 2812 365 2846 ab
389 2811 554 2847 hostibus
575 2815 702 2857 captus
726 2811 807 2847 inde
830 2811 970 2858 aufugit
994 2816 1030 2848 et
1047 2814 1101 2848 vel
1124 2813 1162 2848 in
1179 2814 1269 2849 urbe

180 2856 297 2892 Roma
324 2856 375 2891 ita
406 2860 477 2899 est,
510 2860 550 2892 ut
579 2867 694 2902 neque
718 2857 755 2892 in
786 2857 919 2893 domiui
943 2858 999 2893 sui
1022 2862 1199 2904 potestate
1223 2859 1270 2895 sit

181 2912 295 2982 nequg
318 2901 382 2937 ulli
406 2902 548 2982 serviat,
572 2902 731 2938 nondum
754 2902 970 2948 postliminio
990 2903 1125 2940 redisse
1148 2904 1268 2940 existi-

180 2957 264 2982 man
289 2957 350 2983 um
373 2957 411 2983 es
431 2973 439 2981 .

654 3085 748 3124 XVI
760 3085 799 3123 ¹⁰.

528 3150 591 3183 DE
614 3150 675 3183 RE
700 3151 924 3184 MILITARI.

231 3213 248 3251 1
284 3215 479 3252 Utmuos
508 3216 599 3252 libro
629 3219 736 3252 sexto
768 3217 817 3251 ad
845 3217 998 3253 edictum
1053 3218 1175 3262 Miles,
1207 3219 1269 3263 qui

182 3261 227 3340 hb
243 3262 481 3297 commeatu¹¹
514 3261 604 3306 agit,
638 3272 709 3297 non
731 3261 872 3297 videtur
894 3262 946 3298 rei
969 3263 1135 3309 publicae
1159 3274 1269 3300 causa

182 3316 204 3340 a
231 3316 320 3341 esse.

228 3348 253 3386 2
289 3351 439 3386 Aemus
466 3350 688 3386 MENANDER
718 3351 810 3388 libro
834 3353 959 3398 primo
983 3353 1028 3389 de
1051 3364 1092 3388 re
1120 3354 1271 3390 militari

182 3395 334 3430 Militum
367 3395 497 3431 delicta
527 3396 601 3431 sive
632 3395 790 3432 admissa
820 3401 884 3432 aut
913 3398 1061 3443 propria
1090 3402 1176 3434 sunt
1206 3403 1270 3435 aut

182 3450 262 3474 cum
289 3440 416 3475 ceteris
440 3441 656 3477 communiat
690 3441 784 3478 unde
807 3445 845 3477 et
866 3444 1068 3487 persecutio
1099 3448 1163 3479 aut
1185 3455 1268 3490 pro-

181 3484 261 3529 pria
292 3488 355 3519 aut
387 3485 581 3522 communis
611 3490 678 3523 est.
731 3487 916 3533 proprium
947 3488 1099 3525 militare
1130 3493 1186 3525 est
1208 3489 1269 3526 de-

182 3599 220 3636 (1)
246 3595 316 3648 mi?
328 3599 408 3630 nato
419 3596 522 3633 Ianus
535 3611 557 3632 α
572 3599 669 3633 Costa
715 3602 759 3643 (²)
780 3602 824 3645 qs.
838 3601 860 3635 l.
874 3608 892 3636 8
905 3602 936 3635 Ιι.
950 3608 971 3636 1.
986 3608 1017 3635 et
1026 3602 1072 3635 D.
1087 3604 1198 3647 38‚1·1‚
1210 3611 1237 3647 1,
1249 3610 1267 3639 ³

182 3642 225 3682 (³)
249 3650 309 3683 qm
322 3643 381 3675 ins.
464 3644 508 3685 (4)
534 3644 657 3678 hiatum
669 3645 796 3680 indicat
807 3646 844 3680 F

181 3686 226 3724 (ο)
250 3686 435 3720 venerat?
478 3689 523 3729 (7)
541 3690 842 3725 etminumbeuo
852 3693 1023 3737 receptum
1034 3693 1095 3727 im.
1142 3694 1189 3736 (s)
1209 3693 1265 3727 de-

182 3739 272 3762 mum
286 3732 320 3763 F
402 3734 448 3773 (ο)
472 3732 553 3766 nuti
565 3734 599 3767 F

1255 112 1341 161 836
1548 134 1552 163 <

919 3646 965 3689 (t)
987 3651 1228 3690 recuperentur
1240 3649 1277 3683 F

1490 71 1493 84 ⁴
1499 83 1559 107 ”N

2034 130 2099 161 DE
2127 130 2186 161 RE
2215 130 2417 162 MILITARI

1339 241 1351 271 1
1402 236 1546 280 lictum,
1579 237 1675 282 quod
1705 238 1784 283 quis
1815 238 1869 274 uti
1899 239 1999 275 miles
2031 238 2196 275 admittit.
2251 239 2349 277 Dare
2379 251 2418 277 se

1334 281 1497 325 militem,
1535 283 1594 317 cui
1623 293 1694 318 non
1730 283 1830 327 licet,
1870 294 1976 329 grave
2007 284 2141 320 crimen
2176 285 2347 321 habetur:
2384 293 2420 322 et

1335 330 1496 407 aufflfflig,
1521 331 1563 362 ut
1586 327 1623 362 in
1647 328 1773 364 ceteris
1797 329 1945 372 delictis,
1971 329 2142 374 dignitate
2164 329 2277 375 gradu
2300 332 2419 377 specie

1336 382 1370 406 m
1397 382 1409 406 1
1486 399 1494 407 .

1381 413 1405 454 3
1439 415 1695 452 Mona-smus
1723 416 1814 453 libro
1847 422 1978 464 quarto
2002 419 2047 454 de
2075 420 2205 466 poenis
2250 419 2417 457 Deserto-

1335 471 1410 496 rem
1421 462 1449 483 ¹²
1478 461 1639 497 auditum
1669 461 1717 497 ad
1746 472 1850 498 suum
1879 463 2007 499 ducem
2031 474 2112 499 cum
2135 464 2190 500 elo
2217 464 2250 501 ‘o
2273 474 2419 510 praeses

1336 507 1470 550 mittet,
1499 511 1753 560 praeterquam
1783 507 1813 542 si
1844 508 1928 553 quid
1949 509 2092 554 gravius
2115 509 2175 544 ille
2222 514 2359 546 esertor
2382 510 2420 546 in

1335 561 1380 587 ea
1407 551 1610 596 provmcia,
1647 562 1685 586 m
1722 562 1795 597 qua
1828 563 1868 588 re
1895 558 1992 590 ertus
2024 558 2096 596 est,
2134 554 2331 590 admiserit:
2370 555 2420 591 ibi

1335 596 1429 632 enim
1458 607 1539 632 eum
1594 597 1678 632 lecti
1705 607 1824 642 poena
1878 598 2000 641 ebere,
2034 599 2095 634 ubi
2110 599 2266 635 ·facinus
2289 599 2418 636 admis-

1336 652 1415 677 sum
1450 646 1521 684 est,
1557 608 1628 677 ‹iivi
1657 641 1808 678 Severus
1843 646 1879 678 et
1911 644 2115 680 Antoninus
2150 645 2417 690 rescripserunt.

1339 691 1353 721 1
1404 687 1546 722 Poenae
1569 686 1721 722 militum
1743 687 1987 724 huiuscemodi
2010 694 2111 724 sunt:
2137 690 2334 734 castigatio,
2357 701 2419 735 pe·

1336 732 1499 767 cuniaria
1522 732 1654 774 multa,
1686 742 1872 768 munerum
1895 733 2060 778 indictio,
2088 734 2235 770 militiae
2257 735 2419 778 mutatio,

1334 776 1467 856 gradus
1492 777 1661 821 deiectio,
1694 778 1927 822 ignominiosa
1950 778 2083 814 missio.
2131 790 2213 815 nam
2234 780 2273 815 in
2296 780 2420 815 metal-

1350 833 1410 857 um
1434 826 1498 857 aut
1519 822 1558 857 in
1581 832 1671 867 opus
1695 822 1831 858 metalli
1854 834 1926 859 non
1955 823 2136 860 dabuntur
2163 834 2230 860 nec
2253 829 2421 870 torquen-

1337 870 1356 902 2
1403 872 1475 902 tur.
1522 867 1701 903 Emansor
1732 872 1804 910 est,
1845 868 1907 914 qui
1944 868 2006 904 diu
2041 873 2190 915 vagatus
2221 869 2267 905 ad
2303 874 2423 906 castra

1337 915 1357 947 3
1404 912 1615 958 regreditur.
1662 912 1835 948 Desertor
1858 917 1928 956 est,
1960 914 2021 959 qui
2044 921 2110 960 per
2157 914 2309 950 rolixum
2333 920 2421 951 tem·

1337 961 1357 992 4
1404 968 1472 1003 pus
1495 962 1645 1002 vagatus
1669 957 1864 993 reducitur.
1901 958 1949 1001 Is,
1974 959 2035 1004 qui
2059 969 2127 1005 exp
2142 959 2303 996 oratione
2327 970 2422 995 ema-

1337 1006 1400 1038 net
1422 1002 1586 1038 hostibus
1617 1003 1864 1039 insistentibus
1894 1007 1959 1039 aut
1988 1004 2050 1049 qui
2072 1014 2095 1040 a
2117 1004 2254 1041 fossato
2277 1005 2422 1049 recedit,

1338 1051 1357 1082 5
1406 1048 1524 1093 capite
1554 1048 1756 1094 puniendus
1789 1052 1855 1084 est.
1912 1048 1981 1093 Qui
2012 1049 2177 1085 stationis
2205 1061 2335 1086 munus
2366 1061 2422 1085 re-

1336 1092 1483 1145 linquit,
1515 1093 1597 1138 plus
1628 1103 1735 1137 quam
1768 1103 1934 1130 emansor
1963 1098 2032 1130 est:
2071 1095 2192 1147 itaque
2219 1106 2287 1141 pro
2317 1095 2422 1131 modo

1337 1137 1456 1174 delicti
1491 1142 1555 1173 aut
1596 1138 1791 1183 castigatur
1825 1142 1889 1174 aut
1927 1139 2041 1184 gradu
2072 1140 2218 1175 mihtiae
2261 1140 2421 1176 deicitur.

1338 1187 1358 1218 6
1406 1183 1445 1218 Si
1463 1183 1638 1228 praesidis
1657 1184 1713 1219 vel
1733 1184 1887 1220 cuiusvis
1906 1185 2103 1230 praepositi
2121 1185 2167 1220 ab
2189 1185 2423 1221 excubatione

1338 1232 1356 1262 7
1406 1228 1485 1273 quis
1510 1228 1669 1272 desistat,
1694 1233 1880 1274 peccatum
1904 1229 2115 1265 desertionis
2138 1230 2283 1266 subibit.
2321 1230 2359 1266 Si
2377 1231 2424 1266 ad

1338 1273 1431 1309 diem
1463 1278 1681 1309 commeatus
1713 1275 1791 1319 quis
1822 1285 1895 1310 non
1932 1275 2068 1317 veniat,
2099 1275 2245 1320 perinde
2274 1275 2312 1310 in
2343 1286 2424 1311 eum

1338 1319 1566 1354 statuendum
1585 1323 1651 1361 est,
1677 1329 1720 1355 ac
1744 1320 1775 1355 si
1799 1321 2008 1355 emansisset
2031 1320 2087 1356 vel
2105 1320 2332 1364 deseruisset,
2357 1332 2423 1366 pro

1336 1374 1485 1399 numero
1517 1364 1704 1409 temporis,
1743 1365 1843 1400 facta
1899 1365 1973 1400 rius
2005 1365 2110 1410 copia
2140 1365 2308 1410 docendi,
2338 1376 2423 1401 num

1337 1409 1431 1445 forte
1463 1410 1607 1445 casibus
1631 1409 1845 1454 quibusdam
1895 1413 2035 1446 etentus
2059 1410 2123 1452 sit,
2154 1414 2303 1456 propter
2333 1422 2422 1456 quos

1339 1457 1358 1489 8
1406 1455 1510 1490 venia
1541 1454 1668 1499 dignus
1707 1455 1880 1490 videatur.
1934 1455 2004 1499 Qui
2034 1456 2180 1491 militiae
2216 1460 2355 1502 tempus
2386 1456 2423 1491 in

1338 1502 1359 1534 9
1408 1499 1610 1536 desertione
1639 1499 1815 1544 implevit,
1846 1501 1994 1536 emerito
2018 1500 2189 1546 privatur.
2239 1501 2278 1537 Si
2299 1502 2420 1547 plures

1338 1544 1445 1580 simul
1466 1545 1581 1590 primo
1605 1545 1836 1587 deseruerint,
1862 1545 1988 1581 deinde
2011 1546 2107 1581 intra
2127 1550 2263 1582 certum
2283 1550 2422 1592 tempus

1338 1590 1471 1626 reversi
1495 1590 1584 1632 sint,
1608 1590 1722 1634 gradu
1744 1591 1840 1635 pulsi
1862 1591 1899 1626 in
1923 1590 2064 1626 diversa
2086 1591 2168 1627 loca
2191 1591 2424 1628 distribuendi

1340 1639 1434 1670 sunt.
1482 1635 1546 1671 sed
1574 1635 1752 1671 tironibus
1783 1636 2003 1681 parcendum
2035 1640 2108 1672 est:
2174 1637 2210 1672 ui
2232 1637 2264 1672 si
2295 1637 2424 1673 iterato

1345 1684 1383 1715 10
1429 1680 1499 1716 hoc
1516 1680 1732 1724 admiserint,
1757 1691 1875 1725 poena
1890 1682 2105 1726 competenti
2121 1647 2348 1717 adficiuntur.
2376 1682 2423 1723 Is,

1339 1726 1400 1771 qui
1436 1726 1483 1761 ad
1519 1726 1659 1762 hostem
1697 1725 1858 1771 confugit
1891 1730 1927 1761 et
1961 1726 2083 1768 rediit,
2122 1726 2347 1771 torquebitur
2377 1727 2421 1764 ad

1339 1771 1544 1816 bestiasque
1567 1771 1623 1806 vel
1645 1772 1683 1806 in
1705 1771 1844 1806 furcam
1875 1771 2119 1815 damnabitur,
2152 1772 2311 1817 quamvis
2333 1772 2425 1807 mili-

1342 1820 1379 1851 11
1430 1820 1485 1852 tes
1516 1816 1605 1851 nihil
1635 1826 1760 1851 eorum
1816 1817 1988 1852 atiantur.
2042 1816 2093 1852 Et
2121 1817 2169 1861 is,
2209 1818 2271 1862 qui
2302 1818 2418 1854 volem

1342 1865 1382 1896 12
1430 1861 1653 1906 transfugere
1673 1861 1784 1907 adpre
1811 1872 1917 1898 ensus
1938 1865 2003 1903 est,
2029 1863 2147 1907 capite
2164 1862 2324 1908 punitur.
2355 1863 2422 1902 Sed

1339 1906 1370 1942 si
1401 1917 1446 1942 ex
1474 1907 1684 1952 improviso,
1725 1907 1809 1942 dum
1839 1907 1909 1942 iter
1945 1907 2024 1952 quis
2055 1907 2162 1948 facit,
2200 1907 2344 1953 capitur
2378 1908 2424 1943 ab

1338 1952 1520 1994 hostibus,
1543 1952 1706 1997 inspecto
1730 1952 1823 1988 vitae
1847 1953 1923 1988 eius
1947 1952 2195 1998 praecedentis
2218 1957 2302 1988 actu
2323 1953 2426 1989 venia

1339 1997 1372 2032 ei
1396 1997 1550 2041 dabitur,
1576 2002 1622 2039 et,
1646 1997 1679 2033 si
1702 1997 1843 2042 expleto
1866 2002 2027 2043 tempore
2050 1997 2198 2033 militiae
2219 1998 2360 2040 redeat,
2385 2003 2425 2033 ut

1342 2046 1382 2078 13
1429 2046 1617 2078 veteranus
1640 2043 1849 2079 restituetur
1872 2045 1910 2078 et
1937 2042 2085 2078 emerita
2108 2043 2269 2088 accipiet.
2307 2043 2423 2085 Miles,

1339 2087 1402 2132 qui
1431 2089 1470 2123 in
1498 2088 1592 2123 bello
1622 2098 1723 2123 arma
1746 2088 1866 2124 amisit
1888 2088 1944 2124 vel
1967 2088 2147 2132 alienavit,
2180 2088 2298 2142 capite
2319 2088 2424 2134 puni·

1341 2136 1383 2168 14
1429 2137 1507 2169 tur:
1539 2133 1694 2169 humane
1722 2133 1883 2168 militiam
1913 2137 2039 2168 mutat.
2088 2133 2156 2178 Qui
2187 2134 2303 2170 ahena
2326 2144 2426 2170 arma

1343 2182 1398 2230 15·
1430 2178 1620 2224 subripuit,
1643 2178 1759 2223 gradu
1781 2179 1927 2215 militiae
1946 2179 2135 2258 pellendus
2159 2182 2225 2215 est.
2265 2179 2308 2214 In
2330 2179 2425 2215 bello

1339 2234 1401 2268 qui
1429 2234 1504 2259 rem
1528 2234 1550 2259 a
1579 2224 1670 2259 duce
1699 2224 1917 2269 prohibitam
1963 2227 2033 2260 ec1t
2063 2227 2128 2259 aut
2155 2224 2325 2260 mandata
2353 2235 2425 2260 non

1339 2269 1510 2311 servavit,
1541 2269 1660 2321 capite
1688 2269 1853 2314 punitur,
1887 2269 2026 2305 etiamsi
2053 2280 2111 2305 res
2140 2269 2231 2305 bene
2263 2269 2423 2350 gesserit.

1342 2318 1383 2349 16
1430 2313 1501 2349 Sed
1532 2325 1592 2359 qm
1621 2324 1748 2359 agmen
1778 2315 1948 2356 excessit,
1983 2324 2028 2350 ex
2057 2324 2168 2350 causa
2189 2314 2246 2350 vel
2284 2314 2425 2351 ustibus

1342 2362 1381 2394 17
1431 2359 1593 2394 caeditur
1614 2359 1671 2395 vel
1693 2363 1833 2395 mutare
1855 2360 2017 2395 militiam
2041 2360 2143 2395 solet.
2191 2359 2269 2396 Nec
2293 2370 2365 2396 non
2388 2363 2425 2395 et

1338 2404 1369 2440 si
1391 2404 1524 2440 vallum
1555 2404 1634 2450 quis
1662 2404 1896 2440 transcendat
1908 2406 1937 2426 ¹³
1959 2408 2024 2440 aut
2049 2415 2119 2457 per
2142 2415 2283 2440 murum
2305 2409 2426 2441 castra

1341 2452 1382 2485 18
1427 2449 1660 2495 ingrediatur,
1685 2450 1802 2494 capite
1823 2450 1984 2495 punitur.
2021 2449 2060 2484 Sl
2081 2460 2165 2486 vero
2189 2450 2268 2495 quis
2291 2449 2425 2487 fossam

1342 2497 1385 2530 19
1430 2494 1623 2539 transiluit,
1647 2495 1773 2530 militia
1795 2495 1953 2530 reicitur.
2001 2494 2070 2539 Qui
2092 2494 2302 2531 seditionem
2325 2498 2424 2531 atro—

1339 2543 1382 2575 20
1429 2549 1506 2575 cem
1527 2540 1679 2576 militum
1703 2540 1904 2584 concitavit,
1929 2550 1971 2576 ca
1997 2539 2047 2575 ite
2070 2540 2234 2586 punitur:
2267 2539 2306 2576 Si
2328 2540 2425 2576 intra

1338 2584 1629 2621 vociferationem
1653 2590 1717 2621 aut
1739 2586 1850 2621 levem
1873 2595 1981 2631 quere
2009 2595 2066 2620 am
2086 2585 2213 2621 seditio
2236 2589 2335 2621 mota
2357 2589 2423 2628 est,

1339 2633 1378 2665 21
1427 2634 1515 2666 tunc
1537 2630 1650 2684 gradu
1672 2631 1818 2667 militiae
1849 2631 2010 2667 deicitur.
2057 2630 2108 2666 Et
2132 2641 2213 2666 cum
2235 2631 2338 2667 multi
2359 2632 2423 2666 mi-

1337 2676 1418 2711 lites
1441 2676 1479 2711 in
1501 2676 1648 2721 aliquod
1670 2675 1843 2722 flagitium
1868 2676 2073 2721 conspirent
2102 2676 2159 2712 vel
2187 2676 2217 2712 si
2247 2676 2338 2722 legio
2363 2676 2423 2712 de-

1338 2724 1381 2756 22
1427 2720 1535 2764 ficiat,
1560 2722 1705 2757 avocari
1727 2721 1852 2757 militia
1874 2721 1991 2758 solent
2003 2721 2040 2755 ¹⁴.
2088 2720 2158 2766 Qui
2179 2721 2424 2767 praepositum

1338 2777 1442 2803 suum
1465 2770 1654 2812 protegere
1676 2767 1869 2803 noluerunt
1890 2767 1945 2802 vel
1968 2766 2213 2810 deseruerunt,
2237 2766 2356 2804 occiso
2381 2777 2423 2803 eo

1338 2812 1456 2857 capite
1478 2812 1689 2857 puniuntur.

1384 2856 1410 2894 4
1443 2857 1598 2892 Amilos
1617 2856 1840 2892 MENANDER
1871 2856 1962 2892 libro
1987 2857 2111 2904 primo
2140 2856 2185 2892 de
2212 2868 2253 2892 rc
2275 2857 2427 2893 militari

1338 2902 1407 2947 Qui
1436 2912 1518 2938 cum
1546 2912 1619 2938 uno
1644 2901 1810 2938 testiculo
1841 2907 1947 2937 natus
1970 2905 2027 2938 est
2049 2902 2156 2947 quive
2178 2902 2313 2945 amisit,
2346 2902 2424 2938 iure

1337 2947 1503 2984 militabit
1526 2947 1721 2983 secundum
1753 2947 1823 2982 divi
1846 2947 1993 2983 Traiani
2015 2947 2246 2993 rescriptum:
2282 2957 2364 2983 nam
2389 2951 2424 2983 et

1338 2993 1448 3029 duces
1480 2992 1581 3028 Sulla
1611 2996 1648 3028 et
1676 2992 1783 3028 Cotta
1810 2996 2054 3028 memorantur
2084 3002 2127 3028 eo
2156 2992 2282 3028 habitu
2311 2992 2423 3029 fuisse

1341 3042 1356 3073 1
1404 3041 1568 3073 naturae.
1614 3037 1671 3072 Ad
1695 3037 1830 3073 bestias
1855 3037 1961 3074 datus
1986 3037 2016 3073 si
2037 3037 2197 3083 profugit
2220 3041 2256 3073 et
2277 3037 2423 3073 militiae

1337 3093 1376 3119 se
1403 3082 1519 3126 dedit,
1552 3082 1766 3163 quandogue
1797 3083 1959 3118 inventus
1984 3083 2101 3128 capite
2123 3082 2326 3128 puniendus
2348 3086 2420 3118 est:

1335 3128 1500 3174 idemque
1523 3128 1698 3164 obser-van
1723 3138 1783 3163 um
1808 3132 1863 3164 est
1893 3127 1931 3162 in
1954 3138 2015 3171 eo,
2047 3127 2110 3174 qui
2138 3127 2208 3181 legi
2230 3138 2270 3164 se
2292 3138 2422 3174 passus

1337 3177 1357 3209 2
1405 3177 1470 3209 est.
1516 3172 1560 3208 In
1588 3172 1743 3208 insulam
1773 3173 1982 3219 deportatus
2013 3173 2044 3209 si
2073 3172 2244 3218 effugiens
2275 3172 2422 3209 militiae

1336 3229 1375 3255 se
1395 3218 1494 3255 dedit
1510 3217 1668 3254 lectusve
1681 3219 1708 3239 ¹³
1731 3217 1975 3260 dissimulavit,
2000 3218 2118 3263 capite
2134 3217 2336 3263 puniendus
2355 3222 2420 3254 est.

1340 3267 1359 3298 3
1405 3263 1676 3309 Temporarium
1689 3264 1717 3285 ¹⁶
1746 3263 1891 3299 exilium
1918 3263 2119 3299 voluntario
2151 3262 2254 3298 militi
2281 3263 2421 3300 insulae

1337 3308 1589 3362 relegationem
1612 3308 1788 3353 adsignat,
1818 3308 2087 3345 ¹⁷dissimulatio
2111 3312 2324 3354 perpetuum
2346 3308 2421 3344 exi·

1337 3358 1359 3389 4
1403 3354 1501 3390 hum.
1547 3353 1607 3389 Ad
1630 3357 1771 3399 tempus
1802 3353 1979 3399 relegatus
2003 3353 2035 3389 si
2058 3353 2199 3398 expleto
2223 3353 2340 3399 spatio
2363 3354 2418 3389 fu-

1335 3409 1402 3445 gae
1424 3398 1570 3434 militem
1594 3408 1633 3435 se
1663 3398 1776 3443 dedit,
1808 3409 1919 3434 causa
1948 3398 2185 3434 damnationis
2216 3398 2420 3444 quaerenda

1338 3447 1411 3489 est,
1434 3446 1495 3487 ut,
1518 3443 1550 3480 si
1574 3444 1756 3480 contineat
1777 3443 1959 3480 infamiam
1980 3446 2208 3489 perpetuam,
2236 3443 2332 3480 idem
2353 3444 2418 3481 ob-

1338 3492 1518 3532 servetur,
1552 3489 1585 3525 si
1606 3492 1829 3526 transactum
1852 3488 1897 3526 de
1924 3487 2045 3524 futuro
2069 3488 2117 3524 sit
2138 3493 2176 3525 et
2196 3488 2236 3525 in
2259 3488 2418 3526 ordinem

1382 3604 1444 3645 (ιο)
1467 3601 1532 3636 Ed.
1546 3610 1631 3642 ι...·ι;
1655 3602 1739 3637 Sab-
1752 3610 1854 3642 emm
1879 3602 1966 3646 Pap.
1979 3610 2081 3637 15-10.
2098 3619 2145 3628 -
2165 3602 2354 3644 Bonam.
2371 3619 2420 3628 —

1340 3649 1391 3693 (2ss
1407 3647 1605 3689 Cod.12,so
1675 3650 1731 3690 (u)
1754 3649 1986 3682 communeatu
1999 3647 2036 3681 Γ
2089 3648 2150 3690 (12)
2173 3646 2377 3681 desertorum
2390 3646 2424 3680 P

1335 3694 1395 3736 (ιο)
1418 3691 1607 3726 medat
1624 3692 1662 3727 F
2108 3692 2167 3735 (ιε)
2190 3691 2297 3726 lectu·
2314 3690 2367 3725 vel
2388 3692 2420 3725 F

1336 3739 1399 3783 (ιο)
1422 3737 1623 3781 temporium
1638 3738 1674 3771 F

1760 3691 1997 3781 ‹523›er
