2528 3918
125 147 303 182 coum
330 146 529 182 'rannus
542 165 546 179 1

125 261 244 296 amoto
265 256 341 294 filio
363 258 479 303 possit
501 258 662 304 optinere
685 258 929 302 hereditatem,
953 259 1048 295 filius
1068 268 1211 305 quoque

124 307 220 341 recte
242 303 406 339 videatur
426 307 549 348 petere
572 303 748 339 bonorum
770 304 1044 348 possessionem,
1072 305 1104 340 si
1126 313 1209 340 vero

122 349 202 431 ille:l
213 359 287 430 nd?
314 348 430 394 possit
459 348 620 394 optinere
650 348 903 392 hereditatem,
940 349 1035 386 filius
1067 358 1210 396 quoque

122 404 168 432 ex
202 404 227 428 u
275 397 345 430 tur.

171 436 222 477 13
236 442 248 461 ²
282 438 476 474 IULIANUS
508 438 600 474 libro
637 439 803 475 vicesimo
840 440 945 476 tertio
986 440 1210 486 digestorum

124 483 213 520 Cum
236 484 479 529 emancipatus
502 483 680 519 bonorum
701 485 963 529 possessionem
995 489 1123 521 contra
1153 487 1210 519 ta-

123 529 226 568 bulas
249 528 397 574 accipit,
429 529 583 574 scriptus
613 529 717 565 heres
750 529 783 565 ei
811 529 1045 566 hereditatem
1074 528 1211 575 petenti

123 574 301 621 cogendus
326 577 381 610 est
411 577 447 609 et
468 573 617 619 praedia
640 578 676 609 et
698 584 820 610 servos
842 574 1080 612 hereditarios
1102 585 1208 620 prae-

123 624 237 656 stare:
271 629 375 656 omne
399 619 491 654 enim
524 619 580 654 ius
609 619 797 655 transferri
824 629 979 665 aequum
1009 625 1083 662 est,
1113 618 1211 672 quod

122 675 187 711 per
210 674 357 701 causam
378 664 629 700 hereditariam
654 665 810 709 scriptus
840 665 945 701 heres
976 666 1209 707 nanciscitur,

126 714 140 746 1
190 710 237 746 ad
254 720 345 752 eum,
370 719 473 755 quem
516 713 637 745 raetor
653 709 793 746 heredis
812 710 893 746 loco
914 711 1110 746 constituit.
1142 709 1211 754 Qui

123 754 212 791 duos
235 752 328 790 filios
352 758 388 790 et
411 765 456 790 ex
514 758 591 790 tero
610 765 734 791 eorum
752 759 918 800 nepotem
935 756 1103 798 habebat,
1129 765 1210 791 eum

121 801 159 836 in
190 799 416 845 adoptionem
445 799 543 835 dedit
572 803 608 835 et
635 799 800 835 heredem
830 801 986 836 instituit
1015 800 1208 846 praeterito

123 846 236 882 altero
267 844 358 881 filio:
397 845 596 890 quaeritur,
632 845 719 890 quid
751 845 787 880 in
818 846 875 882 his
905 847 1039 882 servari
1070 846 1208 888 debeat,

121 895 243 926 utrum
278 891 317 925 in
350 894 491 935 partem
523 890 637 935 patris
669 891 725 926 sui
756 890 966 926 admittatur
997 902 1044 927 an
1073 891 1210 926 virilem

121 936 320 982 portionem
352 936 494 971 habeat.
549 935 736 981 respondi:
774 936 812 971 in
843 937 1071 982 adoptionem
1102 935 1209 971 datus

122 991 233 1026 nepos
257 985 294 1016 et
315 981 420 1016 heres
444 981 617 1026 scriptus,
648 981 817 1026 quamdiu
844 987 950 1027 pater
980 982 1056 1018 eius
1086 984 1151 1016 aut
1171 980 1211 1015 in

121 1029 299 1072 potestate
330 1030 394 1061 aut
424 1027 670 1071 emancipatus
703 1030 758 1062 est
767 1028 793 1070 ²,
829 1038 902 1063 non
932 1031 1053 1072 potest
1085 1029 1210 1062 contra

121 1071 265 1107 tabulas
297 1071 475 1107 bonorum
503 1072 767 1116 possessionem
797 1073 981 1117 accipere:
1019 1071 1082 1108 sed
1113 1074 1150 1107 et
1180 1071 1211 1106 si

121 1120 224 1162 pater
255 1116 348 1159 eius,
388 1121 578 1162 antequam
614 1117 791 1153 bonorum
822 1118 1085 1163 possessionem
1115 1116 1209 1152 acci-

121 1166 239 1208 peret,
270 1161 480 1205 decesserit,
512 1173 585 1198 non
607 1162 808 1198 admittitur
829 1174 941 1208 nepos
966 1163 1012 1198 ad
1035 1163 1210 1198 bonorum

122 1210 142 1243 2
189 1207 462 1253 possessionem.
499 1207 537 1242 Si
554 1211 658 1252 pater
679 1209 902 1253 emancipato
920 1208 995 1243 filio
1014 1207 1209 1253 praeterito

121 1252 271 1293 heredes
308 1252 398 1287 duos
429 1252 632 1297 scripserit,
668 1252 781 1289 filium
817 1264 921 1298 quem
958 1254 996 1288 in
1030 1255 1210 1297 potestate

122 1298 279 1334 habebat
302 1301 338 1333 et
361 1298 512 1334 alterum
535 1308 640 1343 quem
663 1298 700 1333 in
723 1299 952 1343 adoptionem
977 1299 1140 1340 dederat,
1167 1307 1210 1332 ex

122 1354 192 1389 quo
217 1342 307 1378 duos
331 1346 478 1387 nepotes
501 1342 538 1378 in
561 1343 697 1378 familia
718 1344 914 1388 reliquerat
923 1345 949 1387 ³,
982 1344 1043 1389 qui
1075 1347 1112 1378 et
1141 1342 1211 1387 ipsi

122 1391 333 1424 testamento
351 1387 536 1433 praeteriti
555 1389 646 1424 sint:
671 1389 847 1425 bonorum
860 1388 1125 1434 possessionem
1140 1399 1209 1441 pro

120 1437 224 1479 parte
254 1432 361 1468 tertia
389 1433 654 1478 emancipatus,
683 1445 749 1479 pro
778 1438 883 1480 parte
905 1435 1011 1470 tertia
1034 1434 1065 1469 is
1090 1445 1152 1479 qui
1174 1434 1212 1469 in

121 1481 298 1524 potestate
320 1478 509 1522 remansit,
565 1489 607 1515 ro
637 1483 741 1532 parte
771 1480 878 1515 tertia
901 1480 962 1525 qui
984 1479 1022 1515 in
1047 1479 1210 1525 adoptio-

122 1534 202 1559 nem
231 1523 336 1559 datus
367 1527 423 1559 est
457 1527 492 1559 et
564 1524 584 1531 ““
619 1534 695 1560 01110
727 1525 832 1561 01111111
863 1525 1064 1567 1101101111111,
1095 1525 1150 1559 ita
1171 1527 1213 1559 ut

122 1572 141 1604 3
189 1572 336 1605 sextans
358 1569 470 1614 patri,
499 1573 645 1605 sextans
668 1571 859 1615 nepotibus
884 1570 999 1606 cedat.
1048 1570 1086 1605 Si
1109 1571 1212 1615 pater

121 1625 165 1650 ex
194 1614 335 1650 duobus
363 1613 445 1650 filiis
475 1614 627 1650 alterum
660 1614 851 1651 habentem
881 1615 975 1651 filios
1007 1615 1210 1659 emancipa-

121 1660 211 1696 verit
239 1663 275 1696 et
303 1670 415 1695 unum
443 1669 488 1695 ex
516 1660 726 1706 nepotibus,
759 1671 864 1706 quem
894 1665 977 1697 ante
1007 1661 1210 1705 emancipa-

122 1708 238 1747 verat,
269 1705 307 1740 in
337 1704 457 1740 locum
486 1704 551 1740 fflii
581 1705 822 1751 adoptaverit,
855 1707 1050 1752 praeterito
1082 1706 1211 1741 deinde

122 1750 259 1786 emanci
285 1755 344 1785 ato
377 1750 587 1794 decesserit,
626 1752 773 1797 aequius
805 1752 874 1788 erit
904 1752 1042 1797 nepoti,
1083 1751 1143 1796 qui
1173 1751 1212 1785 in

121 1795 250 1831 locum'
276 1795 327 1830 'lii
349 1795 499 1835 venerit,
525 1797 685 1832 succurri
708 1801 745 1832 et
767 1798 806 1832 in
827 1801 901 1834 tres
923 1802 1046 1842 partes
1070 1796 1210 1832 heredi-

120 1845 232 1876 tatem
263 1840 400 1884 diduci,
433 1845 474 1876 ut
500 1851 610 1877 unam
639 1842 773 1878 habeat
801 1843 863 1888 qui
891 1843 929 1878 in
951 1846 1131 1888 potestate
1154 1851 1209 1876 re-

122 1886 309 1929 manserit,
345 1886 494 1921 alteram
529 1897 641 1932 nepos
677 1887 870 1933 adoptatus
908 1888 946 1922 in
982 1888 1102 1923 locum
1135 1886 1211 1929 filii,

121 1932 264 1967 tertiam
288 1931 533 1977 emancipatus
558 1943 638 1967 oum
661 1932 736 1969 filio
760 1943 844 1976 suo,
875 1933 937 1978 qui
965 1933 1106 1978 nepotis
1130 1933 1210 1967 loco

121 1977 240 2012 fuerit.
287 1977 351 2012 sed
381 1977 448 2012 etsi
479 1981 620 2013 mortuo
650 1977 724 2013 filio
758 1978 849 2014 alter
880 1989 926 2014 ex
954 1979 1145 2023 nepotibus
1175 1978 1212 2012 in

121 2023 240 2058 locum
258 2021 325 2056 filii
344 2022 537 2067 adoptatus
555 2022 676 2065 fuerit,
700 2027 774 2058 tres
794 2027 916 2069 partes
933 2024 971 2058 in
990 2023 1093 2059 bonis
1111 2023 1210 2064 fient,

123 2079 204 2103 cum
233 2068 280 2103 sit
310 2067 458 2112 aequius
490 2078 587 2110 eum,
620 2068 681 2113 qui
710 2069 749 2103 in
777 2069 896 2104 locum
925 2068 989 2104 filii
1017 2069 1211 2114 adoptatus

122 2117 192 2156 est,
217 2123 290 2148 non
313 2113 429 2148 minus
453 2113 601 2157 habere,
627 2124 733 2158 quam
758 2114 788 2149 si
810 2125 884 2149 non
908 2124 954 2150 ex
976 2125 1124 2150 numero
1148 2123 1210 2149 ne-

122 2162 258 2204 potum,
282 2157 346 2194 sed
368 2163 560 2194 extraneus
584 2158 778 2204 adoptatus
803 2164 908 2195 esset.

171 2202 222 2241 14
247 2204 472 2239 AFRICANUS
487 2203 579 2240 libro
622 2208 728 2239 uarto
750 2205 1001 2250 quaestionum
1035 2203 1097 2239 81*
1121 2203 1210 2238 (1110-

122 2249 190 2284 bus
214 2248 294 2284 filiis
319 2248 551 2294 emancipatis
576 2259 597 2284 a
611 2253 666 2285 ter
688 2250 792 2285 heres
815 2250 1001 2285 institutus
1026 2249 1089 2291 sit,
1120 2248 1212 2284 alter

122 2295 348 2340 praeteritus,
373 2294 403 2329 si
422 2294 606 2330 institutus
627 2294 764 2339 adierit,
789 2296 948 2340 quamvis
967 2294 1084 2330 verbis
1105 2293 1212 2329 edicti

124 2350 249 2385 parum
273 2349 477 2384 expressum
502 2340 564 2381 sit,
596 2343 715 2375 tamen
744 2351 817 2376 non
846 2351 954 2386 posse
986 2350 1066 2375 eum
1088 2343 1212 2385 petere

123 2386 298 2421 bonorum
317 2385 578 2429 possessionem
594 2386 788 2431 respondit,
810 2386 895 2430 quia
910 2386 1081 2421 iudicium
1096 2384 1211 2429 patris

124 2435 267 2466 secutus
291 2430 354 2465 sit:
387 2440 454 2465 nec
479 2431 570 2466 enim
594 2431 875 2476 emancipatum,
907 2432 938 2467 si
965 2431 1123 2475 legatum
1150 2440 1210 2464 00-

124 2475 276 2520 ceperit,
309 2474 447 2510 admitti
478 2475 525 2510 ad
548 2476 724 2511 bonorum
746 2476 1028 2529 possessionem,
1061 2476 1134 2511 sive
1165 2475 1211 2510 ab

123 2521 312 2556 heredibus
342 2520 514 2556 institutis
545 2522 617 2556 sive
649 2522 695 2557 ab
724 2522 799 2564 his,
833 2522 894 2567 qui
918 2525 1045 2557 contra
1067 2521 1211 2555 tabulas

124 2566 299 2610 petierint,
324 2566 514 2611 acceperit.
550 2566 613 2601 sed
635 2566 723 2602 illud
746 2567 1018 2610 observandum,
1043 2571 1084 2601 ut
1106 2576 1211 2611 prae-

124 2616 182 2646 tor
205 2622 296 2654 eum,
321 2611 381 2656 qui
404 2611 507 2646 heres
531 2612 713 2647 institutus
740 2613 876 2656 adierit,
908 2613 946 2647 in
970 2623 1048 2648 eam
1072 2615 1211 2656 partem

125 2666 196 2702 qua
224 2656 378 2701 scriptus
409 2656 455 2691 sit
486 2658 577 2692 tueri
609 2657 755 2699 debeat,
788 2658 872 2692 dum
895 2662 1016 2692 tamen
1039 2668 1112 2692 non
1137 2667 1211 2691 am—

125 2702 295 2747 pliorem,
327 2711 433 2746 quam
456 2702 643 2737 habiturus
668 2707 780 2744 esset,
814 2703 845 2738 si
868 2703 1044 2739 bonorum
1067 2712 1210 2747 posses-

124 2747 258 2782 sionem
290 2747 506 2792 accepisset:
544 2752 586 2781 ut
616 2748 790 2783 hactenus
823 2748 1034 2783 deteriorem
1066 2758 1211 2782 causam

125 2802 224 2828 suam
248 2791 384 2834 fecerit,
410 2792 514 2837 quod,
541 2793 571 2828 si
594 2803 638 2828 ex
662 2793 796 2828 minore
819 2798 923 2838 parte
946 2793 993 2828 sit
1016 2792 1211 2835 institutus,

127 2847 206 2872 eam
231 2837 418 2872 dumtaxat
440 2838 592 2873 retinere
615 2838 731 2883 possit
754 2843 790 2873 et
808 2838 905 2883 quod
924 2838 1102 2872 extraneis
1123 2848 1211 2882 quo-

126 2893 195 2928 que
218 2882 334 2927 legata
382 2887 540 2918 raestare
565 2887 725 2928 cogatur.
773 2883 869 2928 quod
894 2883 925 2919 si
947 2884 977 2918 is
1003 2883 1064 2927 qui
1087 2883 1124 2917 in
1147 2893 1211 2927 po-

125 2932 255 2964 testate
278 2931 333 2963 est
353 2894 455 2963 fieres
480 2928 663 2963 institutus
692 2929 757 2970 sit,
790 2929 959 2973 quoniam
989 2928 1212 2963 necessarius

126 2974 228 3008 heres
251 2973 303 3014 fit,
327 2983 401 3008 non
424 2973 523 3008 aliud
541 2973 612 3008 dici
631 2984 748 3019 posse,
774 2984 882 3018 quam
901 2977 936 3008 et
955 2974 1072 3019 ipsum
1090 2977 1212 3018 petere

126 3028 232 3063 posse
254 3018 429 3053 bonorum
452 3019 729 3063 possessionem,
760 3020 789 3054 si
815 3019 920 3055 modo
952 3018 1143 3054 hereditati
1174 3028 1213 3054 se

126 3074 198 3099 non
212 3063 446 3098 inmiscuerit:
471 3067 558 3099 tunc
574 3064 677 3106 enim,
696 3065 780 3109 quia
796 3065 968 3099 iudicium
983 3063 1098 3109 patris
1115 3074 1211 3099 com-

127 3108 299 3153 probasse
328 3107 486 3151 videtur,
520 3109 558 3143 in
590 3108 714 3144 eodem
744 3110 824 3145 loco
855 3120 926 3163 quo
950 3109 1212 3154 emancipatum

133 3157 145 3187 1
193 3153 320 3189 haberi
350 3153 490 3189 debere.
538 3153 651 3190 Filius
682 3154 721 3189 in
752 3154 919 3199 adoptiva
942 3155 1078 3190 familia
1101 3163 1213 3189 uxore

130 3198 236 3233 ducta
251 3197 361 3233 filium
378 3199 523 3234 sustulit
540 3210 690 3244 eumque
705 3204 789 3244 post
803 3204 953 3235 mortem
969 3201 1082 3245 patris
1100 3198 1212 3244 adop-

130 3242 191 3277 tivi
221 3243 472 3288 emancipavitz
508 3244 605 3279 hunc
634 3249 799 3290 nepotem
829 3249 955 3280 contra
982 3245 1125 3280 tabulas
1156 3244 1213 3279 avi

130 3288 300 3323 naturalis
324 3288 465 3324 decreto
488 3300 595 3342 posse
618 3294 740 3335 petere
759 3291 934 3325 bonorum
951 3290 1213 3335 possessionem

130 3332 323 3377 respondit.
365 3333 450 3368 item
473 3344 504 3369 si
526 3334 620 3370 filius
645 3335 890 3380 emancipatus
914 3336 1055 3371 subiato
1079 3334 1153 3370 filio
1178 3337 1215 3369 et

131 3377 353 3422 emancipato
383 3378 625 3423 adrogandum
656 3390 695 3415 se
719 3379 856 3415 dederit
879 3384 914 3416 et
936 3384 1076 3416 mortuo
1101 3380 1213 3424 adop-

130 3424 200 3458 tivo
250 3426 326 3458 atre
350 3422 558 3467 decesserit,
590 3429 627 3460 et
658 3429 784 3461 contra
810 3426 924 3470 patris
949 3429 985 3461 et
1009 3429 1135 3461 contra
1158 3425 1214 3459 avi

130 3467 191 3503 tab
231 3477 271 3503 as
295 3477 339 3502 ex
360 3467 501 3504 decreto
523 3470 620 3505 hun'c
644 3470 783 3505 admitti
806 3471 948 3506 minime
971 3470 1129 3506 dubitari
1152 3469 1213 3504 de-

131 3513 224 3556 bere,
249 3523 294 3547 ne
317 3512 475 3557 alioquin
496 3514 543 3549 ab
566 3515 722 3550 omnium
745 3515 849 3550 bonis
874 3516 1134 3551 excluderetur.

131 3629 170 3664 (1)
195 3627 270 3665 ad5
285 3633 302 3660 3
320 3627 361 3669 cs.
375 3626 421 3659 D.
435 3627 490 3668 37,
503 3632 572 3669 ομ,
586 3633 614 3661 e.
635 3628 690 3670 37,
703 3635 770 3670 8,1,
783 3635 800 3662 9
879 3628 922 3669 (2)
947 3627 1007 3670 est]
1020 3630 1119 3671 quasi
1132 3635 1215 3661 esset

131 3674 278 3714 superest
289 3678 414 3705 vertunt
428 3670 552 3705 Graeci
666 3675 708 3714 (3)
732 3673 918 3706 retinuerat
929 3685 990 3705 scr.
1105 3675 1147 3715 (4)
1171 3673 1211 3715 si]

133 3726 172 3748 ex
185 3717 219 3749 F
220 3716 236 3736 ²
322 3719 364 3757 (5)
389 3726 429 3748 ex
440 3717 635 3749 testamento
646 3718 804 3751 similiave
817 3719 1004 3751 exciderunt
1087 3720 1130 3758 (6)
1154 3729 1212 3760 pa-

134 3762 202 3794 tere
215 3762 250 3794 F
299 3763 341 3802 (7)
367 3761 431 3803 eos]
444 3760 566 3794 liberos
577 3774 641 3795 scr.
700 3763 746 3804 (8)
769 3762 826 3795 sed
839 3762 890 3795 F²
948 3764 992 3805 (9)
1016 3762 1138 3796 liberta
1151 3763 1211 3805 F1,

1200 130 1286 180 547

2103 135 2314 180 XXXVII
2347 141 2368 179 4

1328 256 1378 295 15
1400 257 1639 295 MARGJANUS
1651 257 1743 294 libro
1760 260 1885 305 quinto
1900 260 2110 307 reqularum
2141 260 2180 296 Si
2220 264 2351 296 1001011

1278 306 1337 339 1110
1360 303 1455 338 filius
1479 303 1748 347 emancipatus⁵
1776 306 2021 350 exceptionem
2047 305 2121 342 doli
2143 271 2229 341 1110ῗί
2250 305 2369 351 agenti

1277 348 1401 384 heredi
1418 349 1532 393 patris
1553 348 1763 393 opposuerit
1781 349 1826 384 de
1845 360 1887 385 eo
1908 351 2005 395 quod
2023 352 2120 396 patri
2137 351 2272 395 debuit,
2295 361 2370 387 non

1278 404 1385 439 posse
1408 404 1490 429 eum
1514 396 1643 429 contra
1664 393 1809 429 tabulas
1832 394 2008 430 bonorum
2025 397 2287 441 possessionem
2305 406 2369 441 pe·

1277 439 1378 474 tere⁶
1400 439 1583 475 existimo:
1607 448 1692 474 nam
1714 438 1784 474 hoc
1807 439 1885 484 ipso
1910 442 2013 485 quasi
2035 442 2235 486 repudiavit
2255 442 2368 477 bono-

1278 495 1357 519 rum
1388 484 1663 528 possessionem.
1721 484 1817 528 quod
1846 485 1897 519 ita
1926 486 2199 530 intellegendum
2230 490 2301 530 est,
2338 486 2370 521 si

1277 529 1444 564 heredem
1463 532 1644 574 petentem
1664 528 1823 564 debitum
1842 530 1997 565 noluerit
2012 531 2105 566 filius
2121 532 2291 577 repellere
2308 531 2370 567 illa

1279 574 1490 619 exceptione
1514 575 1557 610 ‘si
1579 584 1654 609 non
1677 578 1804 610 contra
1826 575 1971 610 tabulas
1995 576 2170 611 bonorum
2187 578 2368 622 possessio

1280 619 1363 654 ‘filio
1389 619 1466 654 dari
1487 620 1631 665 potest’,
1657 619 1722 655 sed
1743 619 1856 664 magis
1877 619 1950 655 doli
1968 622 2177 665 exceptione
2196 632 2284 657 usus
2303 626 2367 657 est.

1328 661 1379 701 16
1405 664 1635 699 POMPONIUS
1650 664 1740 700 libro
1761 668 1893 710 quarto
1915 665 1965 700 ad
1980 664 2153 701 Sabinum
2193 667 2231 702 Si
2247 677 2368 702 eman-

1281 709 1421 754 cipatus
1439 709 1533 745 filius
1553 709 1676 754 nepoti
1694 709 1733 744 in
1750 713 1932 755 potestate
1951 710 2008 745 avi
2031 711 2154 746 relicto
2180 712 2225 746 ab
2250 716 2369 747 extra-

1279 765 1346 790 neo
1371 754 1502 789 herede
1524 754 1834 790 fideicommissam
1856 755 2108 798 hereditatem,
2138 756 2169 791 si
2197 757 2369 792 liberatus

1279 800 1336 835 avi
1366 804 1546 845 potestate
1575 799 1722 842 fuisset,
1754 800 1974 845 reliquisset:
2008 801 2039 835 si
2068 806 2256 846 suspectus
2281 813 2370 837 avus

1279 845 1326 880 sit
1381 845 1462 880 uasi
1494 849 1773 889 consumpturus
1803 846 1900 881 bona
1929 846 2087 891 nepotis,
2127 857 2198 882 non
2230 857 2309 883 esse
2338 847 2371 883 ei

1280 890 1351 925 dan
1378 900 1436 924 am
1459 890 1638 925 bonorum
1659 891 1934 935 possessionem.

1327 932 1377 972 17
1411 934 1607 971 mmmm
1635 935 1727 970 libro
1760 937 1945 982 triqesimo
1970 938 2095 982 quinto
2124 937 2174 972 ad
2196 936 2370 973 Sabinum

1279 980 1318 1016 Si
1339 984 1444 1026 pater
1467 990 1507 1016 se
1531 980 1668 1015 dederit
1690 980 1728 1015 in
1751 981 1981 1026 adoptionem
2004 992 2071 1017 nec
2095 986 2266 1026 sequatur
2290 993 2370 1017 eum

1278 1025 1374 1061 filius
1406 1025 1654 1070 emancipatus
1682 1026 1729 1061 ab
1753 1036 1795 1061 eo
1820 1030 1928 1062 antea
1950 1027 2088 1069 factus,
2121 1027 2205 1072 quia
2234 1027 2272 1062 in
2300 1028 2372 1062 alia

1277 1071 1415 1106 familia
1438 1071 1485 1106 sit
1501 1075 1616 1115 pater,
1640 1071 1678 1106 in
1692 1071 1764 1106 alia
1782 1071 1890 1112 filius,
1915 1073 2091 1108 bonorum
2107 1073 2371 1116 possessionem

1279 1120 1408 1152 contra
1437 1116 1581 1152 tabulas
1613 1127 1687 1152 non
1709 1120 1830 1161 potest
1853 1117 1947 1152 filius
1971 1117 2046 1153 eius
2070 1118 2221 1153 habere:
2257 1121 2293 1152 et
2320 1118 2373 1152 ita

1278 1162 1441 1197 Iulianus
1466 1161 1620 1206 scripsit.
1667 1162 1863 1198 Marcellus
1895 1166 2016 1198 autem
2047 1163 2098 1197 ait
2120 1163 2280 1207 iniquum
2303 1162 2372 1197 sibi

1278 1206 1390 1242 videri
1411 1206 1554 1242 excludi
1569 1217 1631 1242 eos
1641 1207 1656 1229 ⁷
1679 1217 1702 1242 a
1718 1208 1894 1243 bonorum
1909 1209 2147 1254 possessione,
2172 1219 2254 1243 cum
2270 1211 2374 1252 pater

1279 1263 1318 1288 se
1342 1251 1440 1288 dedit
1461 1252 1501 1287 in
1523 1252 1770 1297 adoptionem:
1795 1253 1860 1289 ubi
1883 1253 1976 1289 enim
1999 1253 2094 1288 filius
2117 1264 2191 1288 non
2212 1253 2320 1288 datur
2336 1253 2372 1287 in

1282 1298 1527 1342 adoptionem,
1560 1298 1624 1332 at⁸
1652 1302 1758 1343 pater
1788 1309 1828 1334 se
1858 1298 1939 1341 dat,
1972 1298 2110 1334 nullum
2136 1302 2276 1343 patrem
2298 1298 2371 1333 filio

1279 1343 1326 1378 ad
1346 1345 1358 1377 i
1383 1347 1465 1378 nat:
1490 1353 1583 1388 quae
1607 1344 1785 1379 sententia
1807 1354 1882 1379 non
1906 1347 1962 1379 est
1985 1345 2062 1380 sine
2085 1345 2235 1379 ratione.

1329 1353 1382 1426 15
1404 1388 1752 1424 HERMOGENIANUS
1772 1389 1863 1424 libro
1889 1391 1993 1425 tertio
2017 1390 2110 1424 iuris
2133 1390 2372 1434 epitomarum

1279 1433 1354 1470 Sub
1379 1433 1589 1469 condicione
1612 1434 1852 1469 exheredatus
1880 1438 2007 1470 contra
2030 1434 2173 1469 tabulas
2197 1434 2373 1470 bonorum

1276 1479 1542 1525 possessionem
1563 1482 1681 1523 petet,
1710 1479 1795 1515 licet
1819 1480 1886 1515 sub
1911 1480 2119 1515 condicione
2141 1479 2246 1517 heres
2269 1479 2373 1514 insti-

1278 1529 1379 1560 tutus
1411 1534 1434 1560 a
1465 1527 1593 1559 contra
1623 1524 1766 1560 tabulas
1795 1525 1971 1561 bonorum
1999 1525 2228 1571 possessione
2250 1524 2371 1560 exclu-

1279 1569 1404 1605 datur:
1438 1573 1536 1605 certo
1566 1570 1660 1604 enim
1690 1570 1821 1605 iudicio
1853 1570 1956 1606 liberi
1986 1571 2035 1606 a⁹
2063 1570 2266 1616 parentium
2290 1580 2372 1605 suc-

1283 1618 1297 1650 1
1349 1615 1511 1651 cessione
1533 1615 1737 1650 removendi
1760 1619 1856 1651 sunt.
1904 1616 1969 1658 Ei,
1995 1616 2056 1661 qui
2079 1619 2206 1651 contra
2228 1615 2372 1650 tabulas

1278 1661 1456 1696 bonorum
1474 1660 1737 1705 possessionem
1758 1661 1908 1706 accepit,
1929 1665 2004 1696 tam
2022 1661 2129 1706 legati
2147 1671 2255 1706 quam
2271 1660 2371 1695 fidei-

1280 1706 1460 1741 commissi
1491 1705 1650 1748 exactio,
1691 1706 1756 1741 sed
1795 1710 1832 1742 et
1870 1706 1995 1742 mortis
2028 1716 2139 1742 causa
2170 1706 2372 1741 donationis

1279 1751 1430 1787 retentio
1464 1751 1678 1795 denegatur:
1710 1761 1777 1787 nec
1806 1752 1973 1795 interest,
2005 1763 2071 1797 per
2098 1756 2210 1787 semet
2231 1751 2331 1797 ipsos
2344 1752 2374 1772 ¹⁰

1280 1807 1328 1832 an
1377 1807 1416 1831 er
1439 1796 1547 1831 alium
1571 1800 1777 1841 quaeratur.

1330 1807 1380 1879 lg
1408 1841 1688 1877 TRYPHONJNUS
1715 1842 1806 1877 libro
1864 1843 1965 1878 uinto
1998 1841 2134 1878 dem’mo
2159 1843 2372 1889 disputatio-

1281 1898 1367 1922 num
1415 1886 1518 1931 Quod
1541 1886 1644 1931 volgo
1669 1886 1801 1922 dicitur
1818 1888 1843 1922 li
1872 1888 1940 1923 eris
1959 1887 2080 1923 datam
2097 1888 2273 1923 bonorum
2288 1898 2372 1932 pos-

1281 1932 1476 1968 sessionem
1501 1936 1628 1967 contra
1651 1932 1784 1976 lignum
1814 1943 1893 1968 esse
1921 1933 1974 1968 sic
2002 1933 2275 1978 intellegendum
2307 1937 2372 1975 est,

1280 1981 1321 2013 ut
1352 1977 1511 2013 sufficiat
1542 1977 1721 2013 exstitisse
1750 1979 1894 2014 tabulas
1917 1979 2042 2014 mortis
2065 1983 2225 2024 tempore
2247 1978 2372 2024 patris,

1281 2034 1326 2058 ex
1349 2022 1479 2067 quibus
1502 2022 1559 2057 vel
1582 2022 1672 2057 adiri
1694 2023 1876 2059 hereditas
1904 2023 1961 2059 vel
1992 2024 2188 2059 secundum
2217 2034 2278 2059 eas
2308 2024 2372 2059 bo-

1280 2079 1410 2103 norum
1431 2068 1611 2112 possessio
1635 2068 1710 2113 peti
1732 2069 1860 2113 potuit,
1886 2069 2044 2113 quamvis
2065 2073 2231 2104 neutrum
2251 2079 2373 2110 eorum

1278 2117 1407 2158 postea
1439 2116 1602 2148 secutum
1634 2113 1681 2148 sit
1709 2114 1765 2149 vel
1781 2116 1808 2136 ¹¹
1841 2115 1943 2159 sequi
1973 2115 2108 2159 potuit:
2141 2124 2226 2149 nam
2256 2114 2288 2150 si
2318 2114 2374 2149 vel

1280 2168 1402 2194 omnes
1425 2158 1581 2193 instituti
1607 2159 1863 2204 substitutique
1895 2163 1980 2195 ante
2009 2163 2218 2195 testatorem
2250 2159 2373 2195 deces-

1280 2204 1392 2239 serint
1414 2203 1469 2238 vel
1492 2203 1523 2238 is
1548 2204 1704 2248 scriptus
1729 2204 1834 2240 heres
1856 2204 1945 2247 fuit,
1970 2215 2051 2240 cum
2075 2215 2146 2250 quo
2169 2204 2374 2240 testamenti

1280 2249 1391 2285 factio
1415 2259 1489 2284 non
1511 2248 1598 2292 fuit,
1629 2249 1706 2294 peti
1729 2254 1856 2285 contra
1878 2250 2023 2286 tabulas
2046 2250 2153 2285 inane
2177 2254 2248 2293 est,
2281 2259 2374 2295 quae

1280 2295 1357 2330 sine
1381 2293 1516 2329 effectu
1533 2294 1653 2329 forent
1665 2295 1705 2329 ¹2.

1327 2337 1380 2377 20
1405 2339 1512 2375 IDEM
1533 2339 1624 2374 libro
1643 2350 1740 2375 nono
1761 2340 1897 2375 decimo
1923 2341 2205 2386 disputationum
2239 2340 2372 2374 Filium

1282 2396 1387 2429 quem
1418 2384 1456 2419 in
1487 2388 1667 2429 potestate
1698 2385 1857 2420 habebat
1887 2385 2133 2427 exheredavit,
2170 2386 2371 2430 emancipa-

1281 2435 1357 2464 tum
1380 2429 1579 2474 praeteriit:
1606 2431 1807 2475 quaesitum
1831 2434 1901 2472 est,
1927 2434 2102 2475 quatenus
2127 2430 2371 2475 emancipatus

1280 2477 1456 2511 bonorum
1478 2476 1741 2519 possessionem
1763 2476 1954 2511 habiturus
1978 2475 2036 2510 sit.
2084 2475 2167 2519 dixi,
2192 2476 2223 2510 si
2247 2475 2372 2521 scripti

1280 2520 1429 2556 heredes
1462 2521 1623 2555 extranei
1656 2520 1810 2555 adierint
1838 2520 2088 2562 hereditatem,
2128 2531 2167 2556 re
2194 2520 2372 2556 ellendum

1281 2576 1359 2602 esse
1382 2566 1512 2607 filium,
1546 2566 1606 2610 qui
1630 2566 1760 2600 mansit
1782 2566 1820 2600 in
1842 2570 2031 2610 potestate.
2081 2577 2150 2611 quo
2201 2566 2231 2601 si
2254 2565 2292 2600 hi
2314 2576 2371 2601 re-

1280 2611 1507 2656 pudiaverint
1537 2611 1770 2646 hereditatem
1808 2611 1916 2656 (quod
1930 2612 1957 2632 ¹³
1987 2611 2095 2646 facile
2125 2615 2210 2646 sunt
2239 2610 2372 2647 facturi

1281 2657 1368 2691 nihil
1400 2656 1507 2691 laturi
1540 2666 1583 2690 ex
1614 2655 1811 2691 hereditate
1839 2660 1988 2700 propter
2017 2667 2115 2699 eum,
2155 2656 2216 2701 qui
2245 2661 2373 2692 contra

1281 2702 1425 2737 tabulas
1449 2701 1590 2746 accepit
1614 2701 1790 2736 bonorum
1812 2702 2099 2746 possessionem),
2125 2701 2220 2737 filius
2245 2702 2291 2737 ab
2316 2702 2370 2736 in-

1280 2751 1411 2782 testato
1443 2747 1600 2791 11011101Δ
1632 2757 1717 2782 suus
1749 2747 1851 2781 heres
1882 2746 2183 2791 deprehendeturz
2216 2747 2371 2782 emanci-

1281 2797 1387 2836 patus
1412 2796 1532 2826 autem
1555 2795 1680 2837 petens
1712 2796 1838 2826 contra
1860 2792 2003 2827 tabulas
2027 2793 2204 2827 bonorum
2227 2802 2369 2838 posses-

1281 2838 1416 2873 sionem
1454 2837 1551 2872 solus
1587 2837 1733 2871 habebit
1768 2837 1942 2872 bonorum
1976 2838 2251 2882 possessionem.
2307 2837 2371 2873 sed

1283 2893 1364 2917 cum
1387 2882 1615 2917 exheredatio
1640 2893 1713 2916 non
1737 2882 1835 2916 adita
1859 2882 2057 2918 hereditate
2087 2893 2131 2918 ex
2156 2887 2369 2919 testamento

1282 2927 1414 2962 nullius
1446 2927 1492 2962 sit
1525 2927 1694 2962 momenti
1725 2926 1888 2972 (ideoque
1919 2938 1993 2963 non
2024 2928 2168 2964 obstare
2197 2938 2275 2964 eam
2305 2938 2369 2963 nec

1282 2983 1352 3016 quo
1375 2972 1492 3007 minus
1517 2976 1644 3007 contra
1666 2972 1811 3007 tabulas
1834 2972 2045 3008 libertorum
2075 2973 2189 3018 patris
2217 2973 2371 3017 accipiat

1282 3018 1456 3052 bonorum
1478 3018 1757 3061 possessionem,
1789 3017 1950 3054 Iulianus
1973 3022 2072 3054 recte
2094 3018 2295 3063 respondit,
2324 3027 2371 3052 ne

1281 3066 1533 3097 testamentum
1556 3073 1621 3107 per
1645 3062 1764 3097 omnia
1786 3062 1925 3098 irritum
1949 3063 1996 3098 ad
2021 3068 2142 3099 notam
2174 3062 2368 3099 exhereda—

1281 3108 1387 3142 tionis
1408 3108 1519 3143 solam
1565 3107 1735 3143 rofecisse
1753 3107 1942 3151 videatur),
1962 3108 2056 3144 redit
2072 3119 2129 3143 res
2148 3108 2195 3142 ad
2211 3106 2370 3142 intestati

1282 3153 1425 3194 exitum,
1451 3156 1491 3187 ut
1511 3163 1532 3187 a
1559 3163 1680 3188 versus
1700 3153 1812 3187 filium
1836 3164 1938 3188 suum
1963 3164 2007 3189 ex
2031 3164 2111 3189 asse
2134 3152 2297 3188 heredem
2321 3151 2367 3186 ab

1280 3199 1450 3232 intestato
1474 3197 1570 3242 patri
1584 3199 1610 3218 ¹⁵
1635 3199 1895 3243 emancipatum
1919 3203 2064 3244 praetor
2087 3198 2123 3232 in
2146 3202 2248 3242 parte
2268 3196 2368 3231 dimi-

1281 3243 1341 3277 dia
1362 3246 1518 3277 tueatur.
1567 3243 1635 3278 erit
1658 3253 1741 3288 ergo
1766 3244 1889 3279 venale
1914 3244 2123 3279 beneficium
2153 3242 2276 3286 scripti
2305 3241 2366 3276 he-

1280 3288 1375 3323 redis
1399 3288 1570 3330 extranei,
1595 3292 1646 3330 ut,
1677 3299 1758 3323 cum
1781 3289 1859 3334 ipse
1882 3290 1958 3324 iure
1981 3287 2187 3323 hereditatis
2211 3286 2298 3321 nihil
2322 3286 2368 3321 sit

1283 3338 1551 3376 consecuturus,
1577 3333 1740 3369 adeundo
1760 3334 1910 3379 repellat
1931 3333 2039 3368 filium
2058 3333 2093 3367 in
2113 3336 2290 3376 potestate
2310 3340 2367 3365 re-

1281 3379 1405 3413 lictum
1421 3382 1650 3423 praestetque
1669 3389 1784 3414 assem
1803 3380 2024 3423 emancipato
2045 3377 2117 3411 filio
2141 3377 2218 3411 iure
2243 3379 2368 3411 contra

1282 3423 1425 3458 tabulas
1442 3423 1616 3458 bonorum
1634 3424 1888 3468 possessionis:
1914 3424 1944 3458 si
1960 3428 2077 3457 autem
2094 3421 2250 3456 omiserit
2264 3421 2366 3455 here-

1283 3469 1439 3510 ditatem,
1463 3468 1499 3503 in
1519 3469 1719 3513 portionem
1734 3470 1910 3505 bonorum
1928 3467 2178 3503 exheredatum
2199 3465 2327 3500 effectu
2340 3465 2368 3486 ¹⁶

1282 3513 1463 3556 admittet,
1501 3514 1579 3549 iure
1616 3515 1753 3550 factum
1791 3515 1905 3550 solum
1944 3523 2047 3548 suum
2078 3510 2255 3546 heredem.
2303 3509 2367 3545 sed

1280 3626 1420 3660 liberari
1431 3626 1482 3661 ΡΞ
1548 3629 1607 3669 (10)
1631 3627 1782 3671 ipsumS
1842 3627 1896 3667 (11)
1921 3624 1985 3666 vel]
1998 3624 2095 3656 modo
2106 3636 2169 3657 scr.
2231 3625 2292 3664 (12)
2315 3622 2365 3655 fo-

1281 3673 1379 3705 retF
1436 3674 1493 3715 (13)
1519 3675 1631 3715 qqu
1688 3675 1746 3714 (14)
1770 3671 1860 3714 patri
1873 3672 1947 3703 dett.
1962 3670 2093 3713 quidam
2150 3670 2209 3710 (15)
2230 3668 2373 3710 patreF

1283 3719 1341 3759 (w)
1365 3719 1414 3751 sic
1428 3718 1590 3759 Oreiadas,
1611 3719 1761 3751 effectum
1775 3717 1811 3749 F

2030 3805 2092 3839 69*
