2528 3918
140 108 217 149 QUI
228 109 345 148 QtnB.
357 109 417 139 Ex
427 108 550 140 CAUS.
562 108 807 139 MANUMITT.
819 108 915 139 NON
924 109 1044 141 Poss.

138 221 351 263 sanctiones,
376 222 411 256 et
433 228 555 256 omnes
578 219 724 255 libertos
743 219 841 255 nullo
861 229 927 255 nec
948 220 1076 256 aetatis
1095 230 1221 256 manu-

137 268 233 303 missi
264 277 329 302 nec
360 265 504 301 dominii
534 265 800 300 manumissoris
825 275 891 300 nec
914 266 951 300 in
975 266 1221 302 manumissio-

137 314 190 348 nis
214 312 318 348 modo
344 311 545 346 discrimine
568 311 711 351 habito,
744 310 850 346 sicuti
874 314 982 346 antea
1005 312 1219 347 observaba-

136 362 211 400 tur,
238 357 378 393 civitate
401 356 565 391 Romana
588 356 815 391 donavimus:
848 356 967 391 multis
992 357 1121 392 additis
1145 367 1221 392 mo-

136 404 201 445 dis,
232 412 296 448 per
320 412 409 447 quos
459 401 547 436 ossit
570 401 716 436 libertas
741 401 851 437 servis
876 413 957 437 cum
982 402 1124 438 civitate
1146 401 1220 438 Ro-

135 458 251 490 mana,
277 457 368 494 quae
392 457 431 483 so
447 457 468 481 a
490 446 527 481 in
550 447 730 493 praesenti
756 450 821 490 est,
845 447 1029 492 praestari.

638 541 714 580 VI¹

134 611 237 648 QU1²
272 610 336 641 EX
366 609 530 645 QUIBUS
558 607 1079 686 {AOZSSIUSNNTIANUMITTERE
1105 607 1200 640 NON

178 719 292 755 ³'Non
322 722 443 756 tamen
468 721 676 766 cuicumque
699 719 830 755 volenti
853 720 1102 755 manumittere
1125 720 1217 754 licet.

133 766 223 800 'nam
254 765 284 800 is
316 765 375 810 qui
399 766 435 800 in
459 765 621 801 fraudem
646 766 860 801 creditorum
885 765 1102 800 manumittit
1128 765 1218 799 nihil

136 814 147 845 1
199 810 290 855 agit,
305 811 388 855 quia
400 811 457 846 lex
469 812 572 846 Aelia
581 811 703 846 Sentia
713 811 860 855 impedit
871 811 1092 846 libertatem.⁴
1116 810 1219 845 Licet

131 859 248 891 autem
272 855 426 899 domino,
452 857 511 902 qui
535 857 702 892 solvendo
728 867 800 891 non
821 859 885 899 est,
910 859 1122 891 testamento
1143 866 1217 891 ser-

130 912 211 937 vum
236 911 339 936 suum
365 912 444 937 cum
468 902 632 938 libertate
655 902 820 937 heredem
844 901 1049 944 instituere,
1082 905 1123 936 ut
1153 901 1218 935 fiat

130 947 220 982 liber
241 946 415 992 heresque
439 947 471 983 ei
495 947 593 983 solus
618 951 653 983 et
676 947 912 989 necessarius,
937 947 967 982 si
991 946 1096 983 modo
1113 956 1216 982 nemo

130 992 221 1027 alius
242 1002 287 1027 ex
303 1002 344 1027 eo
356 994 369 1013 ⁴
393 995 606 1028 testamento
623 994 726 1028 heres
743 993 909 1034 extiterit,
936 995 1000 1026 aut
1014 992 1097 1037 quia
1112 1002 1215 1027 nemo

130 1038 230 1072 heres
255 1037 410 1083 scriptus
434 1038 497 1081 sit,
530 1042 593 1073 aut
624 1038 708 1083 quia
731 1038 761 1073 is
786 1038 846 1083 qui
871 1037 1026 1082 scriptus
1051 1041 1105 1072 est
1129 1047 1215 1083 qua-

128 1083 215 1118 libet
239 1093 282 1118 ex
307 1093 418 1118 causa
440 1084 544 1119 heres
569 1094 641 1119 non
665 1084 834 1118 extiterit.
869 1083 976 1127 idque
993 1082 1118 1118 eadem
1140 1084 1216 1127 lege

128 1128 230 1163 Aelia
253 1128 374 1163 Sentia
396 1129 577 1174 provisum
602 1132 657 1165 est
680 1132 715 1164 et
738 1131 853 1164 recte:
886 1128 988 1164 valde
1014 1128 1106 1163 enim
1131 1139 1214 1173 pro-

128 1173 346 1218 spiciendum
377 1178 472 1217 erat,
506 1177 547 1209 ut
579 1178 720 1220 egentes
752 1174 931 1216 homines,
964 1174 1093 1219 quibus
1125 1174 1215 1209 alius

126 1219 229 1254 heres
254 1223 439 1255 extaturus
464 1230 535 1255 non
560 1223 673 1263 esset,
705 1220 759 1255 vel
791 1229 930 1254 servum
962 1230 1066 1254 suum
1090 1229 1213 1254 neces-

127 1264 260 1299 sarium
283 1265 448 1300 heredem
472 1265 639 1308 habeant,
665 1265 725 1310 qui
749 1264 1001 1300 satisfacturus
1027 1268 1121 1300 esset
1137 1274 1213 1299 cre-

127 1309 319 1352 ditoribus,
355 1314 419 1345 aut
452 1310 522 1346 hoc
558 1320 599 1346 eo
632 1321 704 1345 non
735 1310 891 1346 faciente
927 1310 1120 1345 creditores
1156 1320 1213 1345 res

126 1354 358 1390 hereditarias
382 1356 473 1391 servi
497 1356 640 1391 nomine
663 1356 830 1396 vendant,
852 1366 897 1391 ne
920 1355 1049 1390 iniuria
1065 1355 1212 1390 defunc-

127 1403 145 1435 2
191 1404 251 1435 tus
276 1400 465 1436 afficiatur.
513 1402 680 1446 Idemque
703 1401 789 1436 iuris
814 1405 869 1436 est
893 1404 929 1436 et
952 1401 982 1436 si
1006 1400 1082 1436 sine
1105 1400 1212 1435 liber-

125 1449 199 1481 tate
223 1456 346 1481 servus
370 1447 472 1482 heres
497 1447 682 1482 institutus
708 1450 772 1482 est.
813 1446 909 1492 quod
932 1449 1055 1482 nostra
1080 1446 1212 1481 consti-

125 1491 241 1527 tutio⁵
264 1502 337 1527 non
361 1492 474 1527 solum
498 1492 535 1527 in
560 1492 721 1535 domino,
755 1492 816 1537 qui
847 1491 1016 1527 solvendo
1050 1502 1121 1527 non
1147 1495 1212 1534 est,

126 1536 188 1572 sed
218 1538 429 1582 generaliter
461 1538 647 1573 constituit
676 1547 770 1573 nova
799 1537 1031 1572 humanitatis
1062 1537 1212 1579 ratione,

125 1586 166 1618 ut
203 1592 246 1617 ex
275 1583 356 1628 ipsa
387 1582 566 1629 scriptura
596 1583 830 1618 institutionis
862 1583 968 1618 etiam
1000 1582 1147 1617 libertas
1180 1582 1213 1617 ei

125 1630 325 1673 competere
339 1628 513 1671 videatur,
531 1639 612 1663 cum
628 1639 701 1663 non
717 1632 772 1663 est
785 1628 974 1663 verisimile
991 1638 1082 1670 eum,
1107 1638 1212 1672 quem

125 1673 290 1709 heredem
315 1673 383 1709 sibi
414 1674 535 1719 elegit,
569 1674 599 1709 si
629 1674 910 1719 praetermiserit
939 1673 1115 1708 libertatis
1148 1673 1211 1708 da-

124 1718 273 1761 tionem,
306 1729 447 1754 servum
477 1729 660 1754 remanere
692 1719 846 1754 voluisse
877 1722 913 1754 et
944 1719 1118 1754 neminem
1143 1718 1212 1753 sibi

125 1768 144 1799 3
190 1763 356 1799 heredem
389 1764 479 1800 fore.
545 1765 609 1799 ⁶111
644 1764 807 1799 fraudem
843 1768 961 1799 autem
997 1764 1212 1799 creditorum

123 1810 370 1845 manumittere
401 1810 557 1853 videtur,
597 1810 655 1856 qui
687 1810 742 1845 vel
773 1810 843 1844 iam
876 1820 917 1845 eo
948 1813 1109 1854 tempore
1140 1820 1210 1855 quo

123 1855 337 1890 manumittit
359 1855 526 1891 solvendo
551 1866 622 1890 non
646 1859 719 1898 est,
750 1856 805 1890 vel
837 1856 896 1901 qui
921 1855 1014 1890 datis
1038 1855 1210 1890 libertati-

123 1901 191 1936 bus
216 1900 394 1935 desiturus
419 1904 474 1935 est
498 1901 665 1936 solvendo
691 1911 779 1936 esse.
820 1901 1060 1946 praevaluisse
1091 1904 1210 1935 tamen

123 1946 278 1988 videtur,
311 1946 378 1980 nisi
409 1946 564 1981 animum
595 1957 736 1991 quoque
760 1946 950 1981 fraudandi
974 1946 1212 1981 manumissor

123 1991 266 2033 habuit,
299 2002 371 2026 non
395 1991 556 2036 impediri
579 1991 798 2034 libertatem,
831 1991 990 2036 quamvis
1015 1992 1111 2026 bona
1135 1991 1210 2026 eius

123 2036 358 2072 creditoribus
383 2047 453 2071 non
479 2036 678 2072 sufficiant:
713 2046 819 2082 saepe
845 2037 936 2072 enim
961 2036 1004 2071 de
1027 2036 1209 2071 facultati-

123 2082 189 2117 bus
222 2082 295 2117 suis
327 2082 478 2127 amplius
510 2092 617 2127 quam
647 2083 685 2117 in
708 2082 763 2117 his
788 2086 842 2117 est
866 2086 1013 2127 sperant
1036 2082 1208 2116 homines.

121 2127 241 2172 itaque
273 2130 359 2162 tunc
394 2127 514 2162 intelle
540 2127 628 2162 'mus
663 2127 824 2172 impediri
865 2128 1084 2169 libertatem,
1129 2138 1210 2162 cum

122 2177 273 2218 utroque
298 2172 403 2207 modo
427 2172 508 2208 frau
537 2176 644 2208 antur
669 2173 882 2215 creditores,
917 2173 954 2207 id
986 2176 1041 2208 est
1064 2175 1100 2207 et
1124 2183 1209 2208 con-

122 2218 199 2253 silio
231 2218 512 2253 manumittentis
545 2221 580 2253 et
610 2218 690 2263 ipsa
719 2228 777 2261 re,
810 2228 852 2253 eo
885 2218 979 2263 quod
1011 2218 1108 2253 bona
1137 2228 1208 2253 non

121 2263 316 2299 suffectura
340 2266 424 2298 sunt
449 2263 696 2299 creditoribus.

122 2312 142 2343 4
236 2308 405 2343 ⁷'Eadem
430 2309 506 2354 lege
529 2309 632 2345 Aelia
656 2308 780 2344 Sentia
803 2308 944 2344 domino
961 2308 1089 2344 minori
1106 2309 1209 2344 annis

123 2354 251 2399 'viginti
275 2365 347 2389 non
371 2355 474 2389 aliter
498 2354 743 2390 manumittere
774 2354 1008 2399 permittitur,
1041 2364 1147 2399 quam
1179 2354 1209 2389 si

123 2399 285 2434 'vindicta
316 2399 412 2445 apud
445 2400 630 2435 consilium
661 2400 756 2435 iusta
788 2410 899 2435 causa
922 2399 1208 2435 manumissionis

121 2448 140 2479 5
190 2444 399 2491 'adprobata
436 2444 571 2480 fuerint
609 2445 817 2480 manumissi
828 2446 851 2479 ⁸.
909 2446 1052 2480 ⁹Iustae
1087 2449 1207 2480 autem

122 2490 418 2525 'manumissionis
451 2500 583 2526 causae
615 2494 717 2533 sunt,
752 2491 860 2525 veluti
895 2490 925 2526 si
960 2490 1038 2535 quis
1070 2494 1208 2535 patrem

121 2536 195 2570 'aut
223 2539 372 2571 matrem
404 2539 467 2571 aut
497 2536 608 2571 filium
639 2536 792 2571 filiamve
821 2539 884 2570 aut
920 2535 1069 2571 fratrem
1107 2546 1207 2571 soro-

122 2582 246 2616 'remve
277 2581 459 2616 naturales
485 2585 549 2616 aut
571 2581 815 2626 paedagogum
839 2582 1014 2617 nutricem
1038 2581 1207 2616 educato-

122 2627 204 2661 'rem
243 2630 307 2661 aut
351 2627 533 2661 alumnum
577 2627 800 2662 alumnamve
844 2630 907 2661 aut
948 2627 1208 2661 collactaneum

122 2672 368 2713 manumittat,
393 2675 456 2707 aut
479 2682 619 2707 servum
643 2672 886 2717 procuratoris
910 2671 1064 2707 habendi
1080 2672 1206 2717 gratia,

121 2718 194 2752 'aut
216 2717 381 2753 ancillam
406 2717 620 2752 matrimonii
644 2717 773 2760 causa⁴,
799 2717 882 2752 dum
898 2720 1018 2753 tamen
1033 2717 1128 2752 intra
1145 2727 1207 2752 sex

120 2772 258 2798 menses
282 2773 374 2797 uxor
398 2762 564 2805 ducatur,
588 2762 656 2797 nisi
680 2762 775 2797 iusta
800 2773 910 2798 causa
925 2762 1096 2807 impediat
1109 2764 1146 2805 ¹⁰,
1172 2766 1209 2797 et

121 2808 181 2853 qui
204 2808 466 2843 manumittitur
514 2808 733 2844 rocuratoris
757 2807 912 2842 habendi
934 2808 1050 2852 gratia
1073 2818 1119 2843 ne
1142 2808 1206 2842 mi-

121 2856 141 2888 6
188 2864 256 2889 nor
270 2856 406 2899 septem
422 2857 458 2888 et
499 2863 596 2888 ecem
609 2854 633 2874 ¹¹
653 2854 754 2888 annis
771 2853 1051 2887 manumittatur.
1093 2852 1208 2888 Semel

120 2902 238 2934 autem
263 2909 372 2934 causa
397 2898 605 2943 adprobata,
631 2899 703 2934 sive
726 2909 809 2933 vera
833 2899 905 2933 sive
928 2897 1023 2932 falsa
1046 2898 1110 2940 sit,
1136 2909 1208 2933 non

119 2947 345 2980 retractatur.

121 2993 139 3023 7
239 2989 373 3025 ¹2'Cum
398 2999 480 3035 ergo
495 2990 522 3011 ¹³
546 2992 664 3025 certus
688 2989 815 3024 modus
840 2988 1111 3024 manumittendi
1142 2988 1206 3022 mi-

121 3034 277 3070 ’noribus
301 3035 422 3080 viginti
446 3036 550 3070 annis
575 3035 724 3070 dominis
747 3045 812 3080 per
834 3035 946 3079 legem
962 3034 1102 3069 Aeliam
1118 3033 1206 3068 Sen-

121 3080 216 3115 ’tiam
240 3081 454 3116 constitutus
471 3081 527 3122 sit,
553 3080 745 3123 eveniebat,
770 3083 820 3123 ut,
846 3080 906 3125 qui
923 3078 1207 3125 quattuordecim

120 3127 242 3161 ’annos
275 3125 402 3160 aetatis
434 3126 643 3170 expleverit,
683 3125 768 3160 licet
803 3128 1056 3160 testamentum
1086 3124 1207 3160 facere

121 3173 129 3184 '
157 3171 243 3206 ossit
266 3174 302 3206 et
324 3171 362 3206 in
386 3181 427 3206 eo
452 3170 617 3206 heredem
641 3170 708 3206 sibi
731 3171 917 3206 instituere
940 3170 1127 3222 legataque
1150 3180 1204 3206 re·

121 3183 286 3261 'iinquere
309 3216 433 3261 possit,
459 3219 596 3259 tamen,
622 3216 652 3252 si
676 3215 794 3251 adhuc
817 3216 934 3251 minor
958 3219 1005 3251 srt
1028 3215 1130 3250 annis
1154 3215 1205 3250 vi-

121 3261 235 3307 ginti,
271 3261 471 3298 libertatem
521 3272 623 3298 servo
659 3262 745 3296 dare
781 3273 854 3298 non
888 3261 1061 3306 poterat.¹
1109 3260 1206 3306 quod

120 3367 161 3408 (ι)
189 3367 240 3411 Os.
265 3366 343 3401 σαί.
371 3368 400 3407 1,
425 3374 457 3401 ιο
469 3391 488 3399 ..
500 3374 545 3409 21,
570 3374 690 3401 36..42.
716 3375 749 3401 47
781 3368 863 3411 Diq.
885 3370 940 3410 40,
965 3376 992 3402 2.
1018 3375 1034 3402 9
1073 3369 1150 3402 Cod.
1170 3370 1201 3408 7,

121 3420 143 3445 1.
166 3419 192 3445 1¹

121 3459 165 3499 (a)
194 3456 270 3490 Gai.
289 3458 317 3496 1,
339 3464 387 3490 aa.
408 3464 443 3491 37
556 3459 600 3499 (4)
626 3459 676 3499 eo]
698 3458 778 3498 BE,
802 3470 862 3491 om.
877 3458 940 3492 ΡΘ
1050 3460 1096 3500 (5)
1124 3458 1202 3492 cod.

122 3505 152 3542 6,
176 3508 223 3542 27,
247 3510 265 3535 5
377 3502 423 3544 (6)
451 3506 466 3541 §
489 3510 504 3535 3
527 3502 570 3536 t‘n.
596 3515 635 3536 a·
662 3503 744 3536 Gaii
768 3505 787 3536 l.
809 3511 822 3538 1
847 3516 910 3536 rer.
937 3510 1008 3536 cett.
1033 3503 1128 3547 (Diy.
1147 3504 1202 3543 40,

122 3554 151 3587 ⁹,
175 3547 225 3588 lo)
363 3549 407 3590 (7)
436 3548 514 3581 Gai.
541 3549 570 3589 1,
594 3555 630 3581 38
775 3550 822 3590 (8)
845 3548 973 3581 fuerint
995 3547 1201 3588 manumissi]

121 3593 169 3624 sic
189 3592 283 3633 dett,
306 3591 410 3625 fuerit
432 3602 519 3625 man.
546 3594 631 3633 libri,
655 3593 758 3625 fuerit
780 3595 852 3634 (om.
871 3593 1079 3635 manumissi)
1104 3593 1203 3627 Gai..-

113 3637 223 3680 suitne
254 3646 352 3678 quam
383 3637 530 3670 vindicta
559 3638 587 3670 ni
616 3648 668 3680 ap:
694 3648 782 3671 cons.
812 3638 835 3670 i.
860 3648 888 3670 e.
912 3648 957 3672 m.
980 3638 1073 3680 adpr.
1098 3638 1201 3670 fuerit

120 3682 219 3722 (Savi
243 3680 324 3725 nyss
436 3683 482 3725 (9)
511 3684 562 3726 Cf.
591 3683 667 3716 Gai.
695 3685 724 3724 1,
747 3689 795 3717 8⁹.
819 3690 853 3717 1⁹
967 3683 1030 3725 (10)
1054 3684 1101 3716 sic
1123 3683 1201 3724 ΕΘ,

123 3727 209 3768 impe
232 3726 323 3758 iatur
346 3726 380 3759 B
525 3728 581 3769 (ιι)
604 3728 651 3760 εἰσ
675 3727 753 3760 libra·
773 3739 842 3760 cum
867 3728 909 3768 Θ,
936 3727 1046 3761 decem
1090 3729 1104 3760 t
1127 3729 1201 3760 octo

1268 3368 1349 3411 Εἰς.
1367 3369 1424 3408 4ο,
1448 3373 1476 3409 2,
1496 3374 1528 3402 ιε

331 3413 375 3454 (2)
398 3413 470 3454 qui]
497 3413 564 3445 ind.
594 3412 630 3453 V,
662 3413 720 3454 qui
747 3414 779 3445 et
802 3413 838 3446 B
863 3414 960 3446 index
985 3413 1065 3452 ΒΘ,
1090 3426 1148 3446 om.
1170 3412 1206 3445 E
1268 3415 1379 3444 autem
1399 3412 1436 3445 B

1268 3457 1381 3490 venire
1402 3457 1447 3495 Β,
1470 3459 1644 3500 pervenire
1664 3457 1713 3491 E⁶

1268 3637 1364 3716 (ἵζὶρὲ
1384 3638 1404 3671 l.
1426 3645 1441 3672 8
1462 3640 1501 3672 de
1514 3641 1571 3682 offi
1589 3651 1681 3683 proc.
1704 3640 1746 3683 cf.
1773 3639 1853 3673 Call.
1877 3640 1898 3672 l.
1920 3638 2007 3671 Mos.
2027 3639 2059 3678 3,
2079 3639 2110 3680 3)

1268 3692 1293 3716 u

2027 99 2174 144 mser.
2204 104 2237 157 1,
2271 107 2380 148 5—8

1289 231 1362 257 non
1386 223 1465 256 erat
1486 219 1690 264 ferendum,
1723 222 1752 258 si
1775 222 1825 267 is,
1858 223 1916 259 cui
1946 226 2104 260 totorum
2134 224 2310 261 bonorum
2341 226 2380 262 in

1289 269 1502 302 testamento
1528 267 1711 312 dispositio
1737 268 1822 304 data
1846 273 1941 313 erat,
1969 270 2029 305 uni
2053 280 2154 306 servo
2179 271 2380 308 libertatem

1290 311 1376 347 dare
1416 322 1489 347 non
1526 313 1807 357 permittebatur.
1856 326 1967 360 quare
2005 326 2070 351 nos
2085 317 2112 339 ¹⁴
2149 316 2310 352 similiter
2349 318 2379 352 ei

1290 357 1584 402 quemadmodum
1615 358 1704 393 alias
1728 369 1785 394 res
1808 359 1859 394 ita
1884 365 1918 395 et
1942 371 2063 397 servos
2086 371 2170 397 suos
2194 362 2232 397 in
2255 363 2381 398 ultima

1288 403 1472 438 voluntate
1497 403 1684 448 disponere
1709 405 2005 448 quemadmodum
2027 406 2179 442 voluerit
2203 408 2378 453 permitti-

1289 458 1386 491 mus,
1420 452 1460 483 ut
1484 451 1520 483 et
1542 448 1743 484 libertatem
1767 449 1817 484 eis
1840 452 1955 495 possit
1977 455 2173 496 praestare.
2210 453 2274 488 sed
2298 464 2379 489 cum

1289 493 1436 529 libertas
1456 493 1724 529 inaestimabilis
1750 497 1803 529 est
1827 498 1862 529 et
1884 506 1948 540 pro
1976 502 2031 532 ter
2054 497 2123 533 hoc
2147 501 2231 533 ante
2253 498 2376 534 vicesi-

1228 540 1231 543 '
1289 549 1385 573 mum
1417 539 1545 574 aetatis
1577 549 1710 574 annum
1735 540 1928 591 antiquitas
1965 542 2150 584 ibertatem
2175 553 2276 579 servo
2302 543 2379 579 dari

1288 584 1518 629 prohibebat:
1543 584 1622 621 ideo
1647 595 1713 620 nos
1737 585 1889 620 mediam
1914 587 2174 631 quodammodo
2199 588 2292 624 viam
2316 590 2377 624 eli-

1287 633 1411 675 gentes
1443 641 1515 665 non
1547 630 1651 665 aliter
1681 630 1809 665 minori
1839 630 1961 675 viginti
1992 633 2094 668 annis
2118 633 2319 670 libertatem
2342 635 2379 670 in

1287 679 1500 711 testamento
1527 675 1612 710 dare
1636 686 1737 711 servo
1758 686 1823 711 suo
1842 677 2080 720 concedimus,
2105 679 2173 714 nisi
2189 680 2379 725 septimum

1289 724 1324 756 et
1348 720 1520 756 decimum
1547 731 1681 756 annum
1711 720 1908 766 impleverit
1941 726 1976 757 et
2007 726 2171 759 octavum
2204 725 2377 761 decimum

1287 766 1449 810 tetigerit.
1499 777 1579 802 cum
1619 767 1712 801 enim
1744 767 1937 819 antiquitas
1969 768 2171 804 huiusmodi
2203 771 2311 806 aetati
2343 774 2379 806 et

1286 822 1350 857 pro
1376 812 1453 846 aliis
1478 812 1661 857 postulare
1686 815 1880 854 concesslt‚
1915 823 1979 848 cur
2009 824 2081 848 non
2113 815 2221 850 etiam
2244 816 2301 851 sui
2322 815 2377 851 iu-

1286 857 1369 892 dicii
1394 857 1570 892 stabilitas
1595 858 1646 892 ita
1678 868 1739 892 eos
1771 857 1940 893 adiuvare
1973 859 2159 902 credatur,
2192 864 2233 895 ut
2265 864 2300 896 et
2331 861 2375 896 ad

1285 902 1468 937 libertates
1493 902 1631 938 dandas
1658 903 1767 938 servis
1792 902 1865 938 suis
1890 904 2028 948 possint
2050 905 2233 950 provenire
2254 912 2282 933 ¹⁵

1776 997 1847 1035 VII
1867 1001 1894 1021 ¹⁶

1414 1063 1477 1097 DE
1500 1064 1626 1098 LEGE
1649 1065 1792 1099 FUFIA
1815 1064 2010 1099 camma
2034 1066 2250 1103 SUBLATA.

1334 1127 1360 1148 ²¹¹
1372 1128 1474 1173 'Lege
1491 1128 1597 1163 Fufia
1614 1128 1764 1164 Caninia
1781 1132 1900 1164 certus
1918 1128 2044 1164 modus
2063 1130 2282 1166 constitutus
2300 1135 2378 1166 erat

1284 1174 1329 1208 'in
1346 1174 1456 1209 servis
1472 1177 1687 1209 test-amento
1704 1174 2017 1209 manumittendis.⁴
2042 1185 2149 1219 quam
2158 1176 2261 1220 quasi
2270 1176 2376 1211 liber-

1283 1219 1418 1254 tatibus
1441 1218 1691 1263 impedientem
1716 1223 1751 1254 et
1775 1219 2036 1265 quodammodo
2061 1220 2216 1256 invidam
2247 1221 2375 1256 tollen-

1283 1264 1365 1299 dam
1396 1274 1475 1300 esse
1507 1265 1728 1308 censuimus,
1761 1276 1842 1300 cum
1875 1265 1962 1300 satis
1994 1265 2114 1300 fuerat
2143 1266 2376 1302 inhumanum

1282 1310 1378 1346 vivos
1403 1309 1543 1355 quidem
1567 1310 1746 1345 licentiam
1768 1310 1903 1345 habere
1934 1314 2047 1345 totam
2081 1321 2183 1346 suam
2206 1312 2375 1347 familiam

1282 1355 1447 1391 libertate
1471 1355 1626 1399 donare,
1658 1356 1726 1391 nisi
1758 1356 1829 1390 alia
1861 1366 1972 1391 causa
2002 1356 2174 1401 impediat
2206 1357 2375 1400 libertati,

1282 1400 1515 1436 morientibus
1540 1405 1659 1436 autem
1683 1401 1887 1436 huiusmodi
1912 1401 2092 1436 licentiam
2116 1402 2282 1438 adimere.

1766 1495 1889 1533 V111¹⁸

1337 1561 1398 1593 DE
1423 1561 1502 1593 HIS
1526 1561 1606 1597 QUI
1631 1561 1703 1593 SUI
1729 1561 1820 1593 VEL
1846 1561 2009 1594 ALIENI
2033 1562 2156 1594 IURIS
2182 1562 2310 1596 SUNT.

1329 1627 1546 1673 ¹⁹’Sequitur
1578 1628 1621 1663 de
1651 1627 1728 1663 iure
1759 1638 1992 1673 personarum
2025 1628 2096 1663 alia
2122 1627 2257 1663 divisio.
2291 1639 2373 1663 nam

1281 1673 1464 1719 'quaedam
1496 1683 1671 1719 personae
1701 1673 1757 1708 sui
1789 1673 1876 1708 iuris
1908 1677 2009 1716 sunt,
2050 1673 2225 1719 quaedam
2257 1673 2373 1709 alieno

1281 1719 1358 1754 'iuri
1382 1719 1566 1754 subiectae
1590 1722 1691 1754 sunt:
1716 1729 1841 1754 rursus
1867 1729 2006 1761 earum,
2041 1729 2132 1764 quae
2164 1718 2280 1754 alieno
2305 1719 2373 1754 iuri

1281 1764 1474 1800 'subiectae
1498 1767 1593 1806 sunt,
1617 1764 1709 1799 aliae
1734 1764 1771 1799 in
1798 1767 1977 1809 potestate
1996 1767 2197 1810 parentum,
2222 1764 2314 1800 aliae
2336 1765 2371 1799 in

1281 1811 1469 1855 'potestate
1493 1809 1716 1845 dominorum
1741 1813 1835 1845 sunt.
1871 1809 2053 1845 videamus
2086 1809 2208 1855 itaque
2242 1809 2285 1844 de
2316 1810 2372 1845 his

1280 1856 1382 1901 'quae
1406 1855 1521 1891 alieno
1546 1855 1615 1890 iuri
1639 1855 1822 1890 subiectae
1853 1858 1955 1890 sunt:
1988 1865 2071 1889 nam
2103 1855 2133 1889 si
2166 1855 2372 1900 cognoveri-

1280 1902 1386 1943 *mus,
1419 1911 1510 1946 quae
1540 1901 1632 1936 istae
1655 1910 1831 1946 personae
1861 1900 1950 1942 sint,
1982 1900 2087 1935 simul
2119 1900 2371 1945 intellegemus,

1281 1947 1381 1991 'quae
1405 1946 1460 1982 sui
1483 1947 1570 1981 iuris
1595 1949 1689 1981 sunt.
1727 1956 1770 1981 ac
1794 1945 1892 1990 prius
1918 1945 2146 1991 dispiciamus
2171 1945 2215 1981 de
2239 1946 2294 1981 his
2313 1944 2370 1991 qui

1280 1992 1325 2026 'in
1348 1995 1527 2037 potestate
1551 1991 1774 2026 dominorum
1798 1994 1892 2026 sunt.

1283 2041 1295 2071 1
1393 2037 1444 2071 'In
1468 2040 1646 2083 potestate
1670 2037 1791 2082 itaque
1815 2036 2039 2072 dominorum
2056 2039 2140 2071 sunt
2156 2035 2249 2072 servi
2267 2040 2370 2081 (quae

1279 2082 1429 2127 'quidem
1454 2085 1614 2128 potestas
1638 2082 1726 2117 iuris
1749 2082 1905 2127 gentium
1931 2085 2002 2117 est:
2029 2092 2111 2116 nam
2136 2092 2158 2116 a
2184 2081 2233 2116 ud
2249 2092 2371 2117 omnes

1279 2129 1466 2173 'peraeque
1489 2131 1611 2173 gentes
1636 2127 1917 2162 animadvertere
1940 2137 2132 2172 possumus
2183 2127 2309 2162 ominis
2333 2127 2369 2161 in

1280 2174 1410 2208 *servos
1434 2173 1527 2208 vitae
1552 2173 1719 2218 necisque
1742 2176 1959 2218 potestatem
1983 2176 2073 2215 esse)
2107 2176 2143 2207 et
2199 2171 2370 2207 uodcum-

1279 2218 1357 2263 'que
1388 2228 1454 2263 per
1485 2228 1626 2253 servum
1657 2218 1874 2263 adquiritur,
1914 2217 1951 2252 id
1983 2217 2126 2253 domino
2159 2228 2181 2252 a
2208 2217 2369 2263 quiritur.

1278 2267 1297 2298 2
1346 2263 1427 2299 'Sed
1450 2264 1520 2299 hoc
1543 2266 1702 2309 tempore
1726 2263 1831 2298 nullis
1854 2263 2070 2306 hominibus,
2095 2263 2156 2308 qui
2180 2263 2283 2298 sub²⁰
2305 2263 2369 2298 im-

1278 2309 1386 2354 *perio
1410 2313 1534 2344 nostro
1560 2312 1662 2352 sunt,
1694 2309 1779 2344 licet
1809 2308 1885 2344 sine
1917 2319 2028 2344 causa
2058 2309 2194 2353 legibus
2228 2308 2370 2353 cognita

1279 2355 1324 2389 'et
1354 2365 1465 2407 supra
1497 2354 1640 2389 modum
1672 2354 1708 2389 in
1740 2364 1861 2390 servos
1894 2364 1979 2389 suos
2012 2354 2158 2389 saevire.
2203 2364 2287 2388 nam
2327 2364 2369 2388 ex

1278 2399 1543 2444 'constitutione
1575 2399 1645 2434 divi
1668 2400 1724 2434 Pii
1746 2399 1920 2434 Antonini
1952 2399 2012 2444 qui
2044 2399 2120 2434 sine
2152 2409 2263 2434 causa
2294 2408 2369 2434 ser·

1278 2446 1368 2480 'vum
1392 2455 1497 2480 suum
1521 2444 1703 2487 occiderit,
1729 2455 1800 2480 non
1816 2445 1932 2480 minus
1947 2444 2067 2489 puniri
2083 2444 2237 2487 iubetur,
2263 2454 2369 2489 quam

1275 2490 1345 2535 *qui
1369 2501 1509 2526 servum
1534 2490 1687 2525 alienum
1712 2490 1894 2525 occiderit.
1931 2489 1994 2524 sed
2011 2493 2047 2524 et
2062 2489 2175 2524 maior
2193 2489 2368 2534 asperitas

1275 2536 1507 2571 'dominorum
1532 2535 1690 2570 eiusdem
1706 2535 1878 2587 principis
1896 2534 2151 2570 constitutione
2169 2538 2366 2570 coercetur.

1275 2582 1367 2616 ’nam
1392 2581 1577 2616 consultus
1609 2591 1631 2615 a
1663 2579 1877 2625 quibusdam
1908 2579 2133 2624 praesidibus
2164 2579 2367 2625 provincia-

1274 2627 1360 2661 'rum
1386 2627 1429 2661 de
1452 2626 1507 2661 his
1531 2626 1654 2668 servis,
1679 2625 1740 2704 qui
1764 2624 1811 2659 ad
1835 2624 1958 2659 aedem
1981 2635 2120 2660 sacram
2143 2625 2200 2660 vel
2222 2624 2270 2660 ad
2293 2628 2367 2660 sta-

1659 2682 1681 2704 n

1274 2673 1363 2707 'tuas
1387 2671 1589 2716 principum
1614 2681 1655 2706 co
1700 2670 1834 2714 uqunt‚
1859 2670 2042 2715 praecepit
2065 2673 2116 2713 ut,
2141 2670 2173 2705 si
2195 2670 2365 2705 intolera-

1274 2717 1362 2752 'bilis
1393 2716 1557 2751 videatur
1588 2715 1813 2751 dominorum
1843 2714 2008 2758 saevitia,
2042 2718 2216 2761 cogantur
2246 2725 2366 2751 servos

1276 2762 1388 2797 *bonis
1425 2761 1693 2797 condicionibus
1728 2760 1898 2803 vendere,
1941 2764 1983 2796 ut
2023 2761 2177 2806 pretium
2213 2760 2366 2796 dominis

1276 2808 1441 2850 daretur,
1466 2810 1502 2842 et
1524 2811 1639 2842 recte:
1667 2805 1809 2865 expedit
1832 2806 1924 2841 enim
1947 2806 1999 2841 rei
2022 2806 2199 2851 publicae,
2224 2816 2270 2841 ne
2286 2805 2365 2859 quis

1276 2853 1323 2888 're
1355 2863 1421 2887 sua
1452 2852 1543 2886 male
1574 2855 1708 2887 utatur.
1758 2852 1788 2874 ²¹
1803 2851 1904 2886 cuius
1943 2851 2108 2896 rescripti
2147 2851 2194 2886 ad
2223 2851 2365 2887 Aehum

1274 2898 1499 2932 Marcianum
1524 2897 1642 2932 emissi
1664 2896 1774 2932 verba
1788 2897 1879 2932 haec
1896 2900 1997 2932 sunt:
2024 2896 2270 2932 ‘Dominorum
2287 2897 2364 2942 qui-

1275 2943 1367 2978 ‘dem
1390 2946 1606 2988 potestatem
1628 2942 1666 2977 in
1689 2952 1773 2977 suos
1798 2952 1918 2978 servos
1934 2942 2108 2977 illibatam
2126 2952 2203 2977 esse
2224 2945 2366 2987 oportet

1276 2991 1353 3023 ‘nec
1379 2987 1545 3033 cuiquam
1567 2987 1750 3022 hominum
1772 2987 1828 3022 ius
1852 2998 1957 3022 suum
1981 2987 2132 3022 detrahi.
2165 2987 2228 3022 sed
2252 2987 2364 3023 domi-

1276 3036 1415 3068 ‘norum
1448 3033 1615 3074 interest,
1652 3043 1697 3068 ne
1732 3033 1902 3068 auxilium
1938 3035 2064 3068 contra
2097 3032 2279 3068 saevitiam
2310 3032 2365 3067 vel

1276 3078 1416 3113 ‘famem
1440 3078 1495 3113 vel
1517 3078 1776 3113 intolerabilem
1798 3078 1965 3113 iniuriam
1990 3077 2185 3123 denegetur
2214 3077 2270 3113 his
2327 3077 2364 3112 ui

1911 3133 2086 3168 cognosce
2121 3123 2164 3158 de
2199 3123 2363 3168 querelis

1276 3124 1379 3159 ‘iuste
1421 3123 1668 3176 deprecantur·
1717 3123 1868 3203 ideoffie
1879 3168 2002 3204 Sabini
2026 3167 2071 3203 ad
2096 3171 2252 3204 statuam
2276 3178 2362 3203 con-

1275 3172 1426 3211 ‘eorum,
1459 3179 1520 3214 qm
1552 3179 1596 3203 ex
1617 3168 1752 3204 familia
1774 3168 1792 3203 I

1275 3214 1474 3259 ‘fugerunt,
1507 3216 1544 3248 et
1569 3210 1637 3249 ²²si
1659 3214 1715 3249 vel
1739 3213 1862 3249 durius
1886 3213 2047 3256 habitos,
2079 3223 2187 3258 quam
2210 3223 2362 3265 aequum

1274 3263 1351 3302 ‘est,
1375 3259 1430 3294 vel
1452 3257 1576 3294 infami
1590 3258 1721 3294 iniuria
1736 3258 1884 3294 affectos
1902 3258 2117 3304 cognoveris,
2142 3258 2252 3294 veniri
2266 3258 2361 3293 lube.

1643 3369 1706 3411 (12)
1734 3368 1811 3403 G'an‘.
1833 3371 1864 3410 1,
1885 3376 1922 3403 4ο

1550 3413 1611 3455 (14)
1634 3415 1709 3454 ιιοι]
1730 3414 1778 3456 Β,
1801 3424 1869 3446 non
1889 3414 1957 3447 PE

2060 3370 2121 3412 (13)
2144 3371 2193 3403 sic
2210 3370 2247 3403 E
2266 3370 2355 3412 Gaul,

2067 3414 2127 3456 (15)
2152 3416 2199 3448 sic
2216 3415 2277 3455 D,
2301 3415 2354 3447 in-

1314 3502 1374 3544 (16)
1405 3502 1455 3547 Cs.
1473 3502 1550 3537 Gai.
1572 3506 1603 3545 1,
1622 3511 1730 3538 42..⁴6.
1759 3503 1836 3537 Cod.
1858 3506 1890 3546 ’1,
1912 3511 1928 3538 ³

1313 3549 1375 3589 (is)
1404 3548 1454 3591 Cf.
1480 3549 1559 3593 Εἰς.
1588 3551 1618 3590 1,
1643 3556 1660 3583 o
1866 3550 1926 3591 (ιο)
1956 3548 2032 3582 Gai.
2059 3550 2089 3589 1,
2113 3555 2223 3582 4⁸..ts
2255 3548 2352 3594 (Diy.

1273 3594 1300 3634 1,
1320 3600 1348 3634 o,
1368 3600 1380 3627 ι
1473 3594 1538 3636 (20)
1562 3594 1624 3627 sub
1643 3595 1707 3627 hoo
1726 3594 1763 3628 B
1855 3594 1916 3636 (21)
1944 3599 1959 3632 ξ
1976 3600 1991 3626 2
2002 3594 2069 3634 fin.
2092 3605 2130 3626 ex
2149 3594 2282 3680 Di9t212’)
2290 3600 2350 3678 ⁶3³]

2021 3505 2082 3547 (ιτ)
2111 3504 2186 3537 Gai.
2210 3505 2238 3545 1,
2262 3510 2297 3537 42

2032 3780 2073 3816 1*
