2528 3918
165 145 315 189 XXXI

166 270 260 306 enim
283 277 385 304 servo
410 266 527 302 alieno
557 264 870 302 fideicommissum
901 265 948 301 ab
982 275 1055 301 uno
1086 275 1132 301 ex
1153 265 1257 301 bere-

166 314 273 350 dibus
297 313 364 348 sub
390 311 600 347 condicione
623 310 800 347 libertatis
815 310 925 347 fuerit
947 309 1071 345 datum
1093 309 1258 356 idemque

166 368 290 395 servus
314 357 348 392 ei
370 355 494 392 heredi
517 355 777 398 substituatur,
813 356 898 391 licet
927 365 1018 400 pure
1048 354 1259 391 substitutio

167 404 266 439 facta
290 402 346 444 sit,
379 405 503 436 tamen
526 401 595 437 sub
618 400 743 437 eadem
775 400 984 437 condicione
1014 400 1184 436 substitui
1207 400 1259 436 vi-

168 448 284 490 detur,
309 447 377 482 sub
403 456 475 491 qua
497 444 811 482 fideicommissum
832 444 973 481 meruit.

214 490 268 531 84
292 491 471 528 Pavwm
511 491 603 527 libro
641 492 807 527 vicesimo
840 491 966 537 primo
1009 491 1260 536 quaestionum

168 538 206 574 Si
253 537 309 573 uis
333 546 435 572 servo
459 546 526 572 suo
548 534 860 572 fideicommissum
889 535 1093 571 libertatem
1115 535 1261 581 reliquit

168 588 204 619 et
227 549 326 618 ffijud
350 580 436 627 quid
458 580 669 626 adscripsit,
702 581 846 634 quidam
870 580 979 615 dicun
1030 579 1116 625 quia
1138 580 1260 626 place-

168 629 233 664 bat
255 627 302 663 ab
325 626 458 662 herede
480 636 562 662 eum
586 626 787 661 manumitti
811 625 952 667 debere,
1024 629 1147 660 turum
1170 635 1260 668 esse,

168 677 210 708 ut
233 683 307 708 non
329 671 540 707 admittatur
573 671 620 707 ad
643 670 973 706 fideicommissum:
1006 670 1071 706 sed
1099 671 1170 706 hoc
1192 670 1261 706 ini-

169 728 279 764 quum
310 721 375 753 est.
435 716 473 752 in
501 716 708 752 huiusmodi
745 715 839 751 enim
881 725 1037 760 persona
1075 715 1262 769 uti-Iusque

159 761 432 809 quodammodo
477 761 553 797 dies
597 761 705 797 cessit
743 763 780 796 et
809 760 987 796 libertatis
1018 764 1055 796 et
1088 770 1263 805 pecuniae

215 807 357 851 tendae,
382 806 473 843 adeo
497 810 539 842 81
561 811 701 851 putem,
738 805 769 841 si
801 815 903 841 mora
936 805 1001 840 fiat
1048 805 1263 841 raestandae

184 852 340 895 ’bertati,
373 852 482 888 etiam
510 850 786 887 fideicommisso
817 861 955 886 moram
986 851 1021 886 vi
1046 850 1100 886 eri
1130 850 1264 886 factam

169 903 207 935 et
241 908 433 934 usurarum
464 907 555 932 onus
590 895 782 932 accedere:
818 906 902 931 nam
924 899 962 932 et
992 897 1136 932 cetera²
1171 905 1264 941 quae

168 943 286 979 medio
309 947 472 987 tempore
495 941 666 986 adquisiit
688 940 844 983 domino,
869 940 954 977 dum
976 944 1140 976 moratur
1158 950 1263 986 prae-

169 993 268 1026 stare
290 988 512 1028 libertatem,
549 986 662 1022 eidem
692 985 835 1022 restitui
865 992 1034 1031 oportere
1067 986 1265 1022 rectissime

170 1044 228 1070 res
256 1043 384 1069 onsum
407 1037 473 1068 est.

246 1077 270 1116 5
295 1078 404 1114 1122ss
412 1077 503 1114 libro
518 1080 651 1122 quarto
663 1086 920 1122 responsorum
958 1075 1191 1118 ‹lt-editorem,
1207 1076 1265 1111 cui

170 1135 228 1160 res
253 1124 412 1170 pignoris
436 1122 514 1158 iure
538 1121 732 1166 obligatas
756 1120 916 1156 debitore
932 1120 1052 1165 legata
1067 1124 1173 1165 esset,
1191 1131 1265 1157 non

170 1168 356 1215 prohiberi
373 1167 564 1213 pecuniam
584 1166 757 1202 creditam
799 1169 907 1207 etere‚
926 1165 957 1201 si
974 1166 1139 1201 voluntas
1154 1169 1265 1201 testa-

170 1215 260 1270 tqris
281 1222 514 1259 compensare
532 1210 684 1247 volentis
705 1210 760 1246 evi
785 1214 887 1246 enter
906 1221 980 1246 non
1003 1210 1265 1247 ostenderetur.

219 1257 272 1298 86
297 1258 406 1294 IDEM
424 1258 514 1293 libro
540 1257 645 1291 tertio
677 1255 814 1291 decimo
837 1266 1095 1301 responsorum
1142 1255 1267 1292 ‘Gaius

172 1304 288 1341 ‘Seius
310 1312 492 1349 pronepos
515 1311 616 1337 meus
639 1301 744 1336 heres
760 1300 847 1335 mihi
869 1303 947 1336 esto
971 1311 1017 1337 ex
1032 1300 1179 1336 semisse
1202 1301 1267 1337 bo-

172 1353 313 1386 ‘norum
343 1357 504 1384 meorum
527 1349 680 1391 excepta
711 1345 821 1381 domu
850 1355 931 1381 mea
960 1349 997 1382 et
1026 1350 1197 1391 paterna,
1227 1346 1267 1382 in

172 1395 316 1440 ‘quibus
348 1393 490 1436 habito,
526 1402 608 1427 cum
641 1391 806 1426 omnibus
831 1400 923 1435 quae
953 1390 1005 1427 ibi
1036 1394 1138 1427 sunt:
1198 1401 1268 1427 uae

173 1439 306 1475 ‘omnia
324 1438 418 1474 scias
435 1436 482 1472 ad
497 1436 699 1482 portionem
714 1435 935 1479 hereditatis,
960 1446 1068 1490 quam
1089 1436 1158 1472 tibi
1199 1436 1267 1480 edi,

173 1488 259 1520 ‘non
281 1482 484 1529 pertinere’.
556 1491 678 1525 uaero,
704 1491 786 1516 cum
810 1480 857 1516 sit
879 1480 918 1516 in
940 1481 997 1517 1118
1020 1481 1185 1517 domibus
1209 1491 1268 1517 ar-

171 1534 318 1575 gentum
340 1528 486 1564 nomina
501 1526 545 1562 de
570 1526 703 1562 itorum
720 1526 883 1571 supellex
898 1526 1090 1572 mancipia,
1115 1536 1163 1561 an
1177 1527 1268 1562 haec

173 1574 292 1611 omnia
352 1583 422 1609 uae
444 1572 519 1607 11110
541 1572 782 1614 inveniuntur,
807 1571 855 1606 ad
877 1571 968 1607 alios
991 1570 1142 1608 heredes
1164 1571 1268 1607 insti-

171 1623 270 1655 tutos
293 1584 450 1654 debeant
478 1616 670 1669 pertinere.
726 1615 864 1651 Paulus
895 1615 1089 1661 respondi³
1123 1616 1270 1652 nomina

173 1664 376 1701 debitorum
399 1673 472 1698 non
489 1661 676 1702 contineri,
702 1661 766 1697 sed
785 1661 943 1696 omnium
958 1671 1038 1697 esse
1055 1661 1268 1704 communia,

176 1714 189 1744 1
241 1709 279 1745 in
303 1708 431 1744 ceteris
454 1717 539 1743 vero
557 1706 696 1742 nullum
718 1706 911 1752 pronepoti
925 1706 1045 1742 locum
1068 1716 1159 1742 esse.
1207 1706 1269 1742 Ti-

171 1755 245 1790 tius
270 1764 352 1790 cum
375 1753 499 1788 fratris
521 1751 597 1788 filio
621 1751 752 1787 fundos
776 1754 814 1787 et
836 1752 977 1787 urbana
999 1751 1150 1797 praedia
1171 1751 1268 1797 lega-

172 1804 246 1842 ret,
277 1799 316 1834 in
348 1798 404 1833 his
437 1801 473 1833 et
495 1797 648 1832 fundum
671 1796 841 1832 Seianum
874 1796 1027 1849 legavit,
1063 1807 1169 1842 quem
1191 1797 1269 1842 ipso

172 1849 278 1891 pater
299 1842 455 1879 familias
480 1842 598 1888 quoad
614 1842 747 1877 viveret
769 1852 842 1877 uno
866 1841 1008 1887 quldem
1023 1841 1166 1878 nomine
1189 1842 1269 1877 uni·

173 1900 317 1926 versum
338 1887 478 1931 habuit,
502 1887 567 1923 sed
590 1898 660 1932 quo
685 1886 828 1922 facilius
854 1886 1110 1923 conductorem
1132 1887 1269 1923 inveni-

173 1939 240 1978 ret,
264 1944 331 1980 per
354 1933 445 1969 duas
468 1935 590 1978 partes
614 1932 772 1974 locabat,
795 1931 848 1967 ita
871 1936 912 1967 ut
934 1942 980 1968 ex
1003 1932 1179 1978 qualitate
1198 1932 1270 1968 loci

174 1979 396 2025 superiorem
427 1981 567 2023 partem
598 1976 768 2012 Seianum
792 1977 1033 2022 superIorem,
1064 1976 1270 2013 inferiorem

174 2029 295 2061 autem
332 2027 447 2059 artem
464 2022 633 2058 Seianum
647 2021 854 2057 inferiorem
870 2022 1081 2068 appellaret.
1122 2032 1268 2068 quaero,

175 2081 221 2105 an
246 2069 278 2105 is
369 2068 437 2103 dus
460 2071 557 2103 totus
583 2067 630 2102 ad
653 2066 776 2102 fratris
799 2066 914 2102 filium
936 2067 1126 2112 pertineat.
1173 2067 1269 2102 Pau-

174 2115 232 2151 lus
256 2113 461 2159 respondit,
485 2112 518 2148 si
539 2115 694 2147 testator
715 2111 867 2147 fundum
899 2111 1069 2148 Seianum
1100 2123 1172 2148 uno
1204 2123 1269 2148 no-

174 2160 269 2195 mine
284 2159 491 2194 universum
506 2156 677 2203 possedit,
701 2157 861 2202 quamvis
881 2157 1033 2193 eundem
1049 2156 1169 2193 divisis
1185 2167 1270 2203 par-

174 2205 273 2241 tibus
288 2204 482 2245 locaverat,
498 2202 705 2238 universum
721 2211 803 2237 88111
818 2211 863 2237 ex
877 2212 988 2237 causa
1005 2201 1271 2238 fideicommissi

175 2249 354 2296 praestari
369 2251 547 2294 oportere,
571 2247 641 2282 nisi
660 2246 692 2282 si
706 2246 822 2289 heres,
847 2246 892 2283 de
908 2257 980 2293 qua
995 2250 1100 2292 parte
1117 2251 1272 2283 testator

175 2294 340 2334 senserit,
364 2293 547 2329 evidenter
569 2291 785 2337 probaverit.

223 2337 274 2378 87
300 2339 408 2375 los-u
428 2338 519 2374 libro
545 2340 677 2383 quarto
709 2336 847 2373 decimo
869 2346 1127 2383 responsorum
1174 2336 1271 2372 Titia

177 2385 259 2421 Seio
290 2388 465 2420 tesseram
496 2382 778 2418 frumentariam
803 2381 1006 2426 comparari
1040 2381 1154 2417 voluit
1187 2385 1271 2427 post

177 2430 270 2466 diem
293 2428 515 2473 trigesimum
538 2437 561 2462 a
583 2430 699 2462 morte
721 2426 847 2472 ipsius.
895 2436 1040 2471 quaero,
1066 2437 1148 2462 cum
1166 2426 1270 2462 Seius

175 2475 256 2511 viva
278 2473 463 2510 testatrice
486 2478 660 2508 tesseram
673 2471 944 2507 frumentariam
960 2482 1005 2507 ex
1021 2481 1132 2507 causa
1150 2471 1270 2507 lucra-

175 2521 250 2556 tiva
272 2519 408 2555 habere
432 2517 551 2563 coepit
574 2527 642 2553 nec
664 2517 781 2597 possit
802 2516 840 2552 id
863 2516 961 2562 quod
993 2516 1104 2552 habet
1161 2521 1269 2560 etere,

177 2576 224 2601 an
248 2565 282 2601 ei
305 2564 400 2600 actio
426 2565 617 2608 competat.
695 2562 801 2598 aulus
825 2561 1012 2607 respondit
1035 2562 1086 2605 ei,
1147 2572 1168 2598 e
1199 2573 1270 2607 quo

177 2608 587 2691 fflffic’ommpmssffl
600 2611 769 2697 oemwssffmm
788 2606 1271 2698 Pursssstffftssuffuzfflnssss?

182 2704 195 2735 1
247 2709 335 2745 pore
352 2698 527 2735 consistit.
568 2697 706 2734 Usuras
722 2663 988 2733 fideicommissi
1005 2701 1089 2742 post
1106 2697 1271 2742 impletos

178 2755 294 2780 annos
317 2744 439 2789 viginti
487 2743 620 2789 uinque
634 2742 788 2788 puellae,
813 2752 857 2778 ex
879 2752 950 2787 quo
967 2752 1068 2778 mora
1083 2741 1182 2778 facta
1205 2746 1272 2785 est,

179 2789 303 2825 deberi
326 2755 508 2834 respondi.
555 2787 716 2833 quamvis
739 2787 834 2824 enim
866 2787 1099 2823 constitutum
1132 2787 1197 2830 sit,
1233 2792 1275 2823 ut

178 2834 377 2870 minoribus
407 2833 531 2878 viginti
566 2833 724 2879 quinque
762 2832 866 2868 annis
898 2843 1032 2868 usurae
1071 2833 1273 2869 omnimodo

179 2883 420 2925 praestentur,
444 2883 565 2913 tamen
589 2889 661 2914 non
683 2888 750 2923 pro
773 2887 876 2913 mora
898 2878 968 2913 hoc
985 2877 1190 2914 habendum
1206 2882 1273 2921 est,

181 2934 288 3005 {uaxsn
277 2923 435 3005 ΘίειέιἛὲῗ
428 2923 556 3003 rffimtszl
567 2923 812 3003 intefrvegxisse,
817 2926 1052 3013 11(ιὲξεὶρὲῗο
1064 2923 1272 2959 debeantur.

545 2979 600 3004 uis
650 2979 697 3003 un
723 2979 784 3003 um
898 2978 932 3003 v1
1021 2978 1053 3004 81
1077 2978 1124 3004 88
1147 2978 1271 3004 eorum

180 3014 233 3050 ita
256 3012 451 3050 commisit:
489 3012 583 3048 ‘fidei
607 3018 728 3048 autem
749 3016 911 3056 vestrae,
942 3013 1038 3049 Vere
1054 2979 1104 3049 qet
1127 3013 1271 3059 Sapide,

181 3058 395 3099 ι0081181110,
419 3068 465 3093 ne
496 3068 577 3093 eum
600 3058 751 3093 fundum
772 3057 935 3094 vendatis
958 3068 1111 3104 eumque
1143 3058 1205 3104 qui
1228 3068 1272 3094 ex

182 3104 296 3141 ‘vobis
329 3102 477 3139 ultimus
513 3102 726 3146 decesserit,
762 3113 844 3139 cum
878 3103 1067 3146 morietur,
1105 3103 1273 3140 restituat

182 3148 395 3196 ‘Symphoro
440 3147 571 3184 liberto
610 3158 689 3184 meo
732 3151 769 3184 et
808 3148 1019 3184 Successori
1058 3152 1095 3184 et
1129 3149 1273 3195 Beryllo

182 3198 232 3230 ‘et
254 3192 388 3240 Sapido
399 3193 425 3235 ⁴,
449 3203 539 3238 quos
562 3192 658 3228 infra
680 3193 881 3236 manumisi,
912 3193 1016 3239 quive
1038 3204 1083 3230 ex
1105 3193 1162 3230 his
1186 3198 1273 3230 tunc

184 3238 446 3284 ‘supervivent’.
494 3247 646 3283 quaero,
680 3249 761 3273 cum
785 3249 850 3274 nec
873 3238 912 3274 in
934 3238 1051 3284 prima
1072 3242 1178 3284 parte
1199 3242 1273 3275 tes·

182 3283 350 3327 tamenti,
382 3293 455 3329 qua
484 3281 637 3318 fundum
655 3283 888 3335 praelegavit,
929 3293 992 3320 eos
1015 3283 1213 3327 substituit,
1236 3283 1274 3319 in

184 3328 345 3366 secunda
367 3332 488 3364 tamen
510 3327 682 3363 adiecerit
704 3329 851 3363 verbum
883 3331 893 3348 ‘
919 3328 957 3364 ui
980 3328 1126 3365 ultimus
1150 3328 1274 3365 deces-

184 3374 306 3416 ‘serit’,
331 3384 378 3410 an
401 3383 487 3419 pars
510 3372 616 3408 unius
641 3371 800 3408 defuncti
823 3373 870 3408 ad
929 3377 1046 3409 terum
1068 3373 1274 3419 pertineret.

183 3419 320 3455 Paulus
350 3417 537 3464 respondit
565 3416 785 3453 testatricem
815 3418 927 3453 videri
956 3418 994 3454 in
1027 3429 1070 3454 eo
1092 3417 1275 3454 fideicom-

184 3464 306 3507 misso,
331 3464 376 3499 de
398 3473 470 3509 quo
493 3462 695 3508 quaeritur,
732 3461 822 3498 duos
853 3462 985 3507 gradus
1009 3463 1275 3500 substitutionis

185 3509 334 3551 fecisse,
366 3519 477 3544 unum
500 3511 542 3544 ut
562 3507 607 3550 is,
638 3506 701 3552 qui
724 3517 768 3542 ex
793 3506 933 3543 duobus
968 3508 1069 3553 prior
1089 3507 1274 3551 morietur,

186 3554 291 3590 alteri
314 3553 529 3597 restitueret,
553 3552 707 3588 alterum
729 3556 771 3587 ut
793 3552 1005 3588 novissimus
1028 3554 1084 3589 1118
1107 3553 1274 3589 restitue-

188 3668 229 3708 (ι)
254 3666 343 3699 idem
357 3666 412 3700 Γ*
479 3667 524 3707 (2)
549 3676 626 3699 nam
638 3669 673 3699 et
684 3667 806 3707 cetera]
820 3668 992 3708 praeterea
1003 3679 1067 3700 scr.
1137 3669 1180 3709 (s)
1204 3676 1273 3701 ree·

188 3711 311 3763 pondit
321 3724 382 3763 scr.
519 3712 563 3752 (4)
588 3716 622 3744 et
634 3710 761 3763 Sapido
774 3710 836 3744 del.
976 3714 1018 3753 (ὁ)
1044 3711 1186 3745 Claudio
1198 3713 1272 3746 deu.

189 3757 235 3798 (6)
258 3756 364 3788 111ιά18
378 3756 413 3789 17
525 3758 569 3798 (τ)
594 3755 651 3789 sed
665 3757 708 3798 n]
720 3756 770 3789 ita
782 3755 844 3788 etsi
858 3768 920 3789 ser.
1045 3758 1088 3797 (8)
1113 3757 1235 3790 merito
1248 3757 1285 3790 F

1238 139 1325 187 440

1515 0 1584 81 LX

2133 154 2196 186 DE
2225 153 2415 188 meam

1399 205 1497 212 -—

1326 268 1346 301 3
1385 268 1453 308 ret,
1497 275 1564 302 uos
1579 265 1725 302 nomina·
1724 265 1788 301 tim
1854 268 1932 302 stea
1946 264 2177 301 enumeravit.
2217 264 2417 311 Imperator

1325 309 1467 346 Alexan
1492 320 1532 346 er
1563 310 1750 356 Augustus
1823 310 2017 346 laudiano'·
2049 310 2189 346 Iuliano
2231 310 2416 356 praefecto

1326 354 1420 391 urbi.
1468 354 1519 391 ‘Si
1541 354 1654 401 liquet
1675 355 1754 399 tibi,
1775 356 1915 392 Iuliane
1939 355 2132 397 carissime,
2166 354 2283 391 aviam·
2304 356 2415 392 inter-

1327 399 1531 436 ‘vertendae
1552 399 1745 436 inofficiosi
1767 401 1947 447 querellae
1962 399 2217 446 patrimonium
2231 411 2337 436 suum
2352 400 2416 437 do·

1328 444 1547 481 ‘nationibus
1568 445 1607 481 in
1629 450 1795 491 nepotem
1817 445 1924 482 factis
1940 445 2102 482 ennams'
2073 445 2081 454 ‘
2103 455 2151 484 se.
2175 445 2270 481 ratio
2287 445 2417 491 depos-

1329 490 1392 526 ‘cit
1413 489 1462 532 id,
1487 489 1584 536 quod
1606 489 1778 526 donatum
1800 495 1874 534 est,
1904 501 1971 536 pro
1995 490 2168 526 dimidia·
2190 494 2294 535 parte
2315 501 2417 527 revo-

1329 539 1350 571 4
1398 534 1508 571 ‘carin
1556 535 1690 582 Lucius
1703 535 1820 571 Titius
1837 547 1918 572 cum
1936 535 2084 572 haberet
2100 535 2256 581 quinque
2272 535 2417 578 liberos,

1329 580 1515 616 universos
1539 580 1678 617 81118801
1703 581 1776 616 avit
1792 585 1829 617 et
1850 581 1889 616 in
1903 591 2013 616 unum
2023 580 2137 616 filium
2154 580 2284 616 Gaium
2299 579 2419 616 Seium

1330 624 1568 671 amplissimas
1598 625 1658 661 fac
1696 629 1791 662 tates
1823 626 2078 662 donationibus
2110 625 2262 661 contulit
2283 629 2321 660 et
2342 636 2419 661 mo-

1330 670 1450 706 dicum
1474 670 1544 706 sibi
1557 670 1741 706 residuum
1756 671 1910 707 servavit
1933 674 1969 707 et
1987 670 2171 706 universos
2187 670 2321 706 liberos
2338 681 2420 706 cum

1330 725 1444 752 uxore
1474 715 1619 761 scripsit
1649 715 1818 752 heredes:
1853 715 1892 751 in
1925 715 2050 751 eodem
2081 719 2296 751 testamento
2330 715 2420 751 duas

1330 760 1588 841 possessiones,
1613 770 1702 806 quas
1724 761 1933 804 retinuerat,
1958 760 2071 796 eidem
2096 759 2186 796 Gaio
2210 759 2292 796 Seio
2315 770 2422 805 prae·

1345 805 1462 851 egavit
1484 809 1522 841 et
1551 806 1598 842 ab
1621 816 1664 842 eo
1687 806 1796 851 petit,
1832 810 1873 841 nt
1895 816 1940 842 ex
1975 805 2150 841 reditibus
2180 804 2421 850 praediorum,

1355 861 1425 886 uae
1447 850 1548 887 vivus
1579 850 1613 886 ei
1635 850 1849 893 donaverat,
1884 850 2047 886 Maeviae
2080 849 2176 886 filiae·
2206 853 2262 886 tot
2291 860 2421 886 aureos

1399 898 1446 938 et,
1470 895 1555 931 item
1578 895 1683 932 alteri
1705 896 1811 931 fratri
1827 895 1918 931 alios
1935 899 2006 930 tot:
2033 898 2226 931 conventus
2241 905 2265 930 a
2279 894 2423 931 Maevla'

1333 951 1457 977 sorore
1481 951 1548 976 sua
1569 940 1684 986 legem
1706 941 1906 977 Falcidiam*
1927 940 2106 985 implorat.
2154 950 2308 985 quaero,
2341 950 2423 975 cum

1333 986 1580 1022 sanctissimus
1602 986 1807 1031 imperator,
1831 989 1872 1021 ut
1890 995 2002 1030 supra
2017 985 2190 1030 scriptum
2205 988 2271 1028 est,
2296 991 2424 1021 contra

1333 1031 1553 1067 voluntatem
1583 1030 1750 1067 donantis
1782 1041 1826 1066 ea
1859 1041 1952 1076 quae
1983 1030 2117 1066 donata
2147 1033 2233 1065 sunt
2261 1029 2424 1066 revocari

1360 1076 1573 1121 raeceperit,
1598 1086 1646 1111 an
1671 1076 1783 1112 Gaius
1808 1075 1911 1111 Seius
1936 1074 2201 1120 compellendus
2224 1074 2272 1111 sit
2295 1085 2423 1111 secun-

1334 1087 1420 1157 3818
1443 1121 1662 1157 voluntatem
1684 1121 1800 1166 patris
1823 1132 1867 1157 ex
1891 1119 2143 1156 donationibus
2174 1119 2405 1156 fideicomms·
2408 1139 2424 1147 -

1335 1177 1414 1202 sum
1437 1170 1623 1211 praestare
1645 1166 1770 1202 heredi
1793 1166 1939 1202 sororis.
1986 1164 2122 1200 Paulus
2137 1165 2324 1210 respondit
2342 1168 2426 1210 post

1334 1212 1474 1247 litteras
1497 1211 1723 1256 imperatoris
1747 1212 1862 1247 nostri
1881 1210 2039 1247 dubitari
2055 1221 2128 1246 non
2143 1214 2322 1256 oportere,
2362 1210 2425 1245 uin

1334 1256 1373 1293 in
1390 1257 1460 1292 hac
1480 1267 1622 1302 quoque
1633 1257 1764 1302 specie,
1781 1256 1826 1292 de
1843 1267 1915 1302 qua
1930 1255 2124 1302 quaeritur,
2145 1255 2341 1292 subvenien
2365 1266 2425 1290 um

1336 1301 1384 1338 sit
1406 1302 1541 1344 liberis,
1574 1312 1726 1347 quorum
1748 1302 1869 1347 portio
1891 1302 1930 1337 in
1953 1311 2064 1336 unum
2086 1299 2199 1335 fllium
2223 1300 2425 1336 donationi·

1335 1347 1404 1383 bus
1429 1347 1570 1382 collatis
1593 1347 1782 1382 imminuta
1805 1350 1871 1391 est,
1892 1345 2103 1392 praesertim
2127 1356 2209 1381 cum
2231 1346 2428 1400 imperator

1336 1396 1461 1428 noster
1484 1396 1612 1428 contra
1634 1392 1854 1428 voluntatem
1877 1391 1991 1437 patris
2022 1390 2246 1434 subvenerit,
2280 1401 2320 1426 111
2342 1401 2427 1436 pro·

1362 1437 1456 1473 osita
1479 1441 1598 1473 autem
1622 1447 1733 1472 causa
1749 1437 1856 1473 etiam
1878 1437 2043 1472 voluntas
2062 1436 2176 1481 patris
2199 1446 2266 1490 pro
2290 1435 2346 1472 1118
2389 1435 2427 1470 81

1336 1448 1568 1518 fideicommis‘
1570 1492 1649 1518 sum
1705 1485 1807 1518 etunt
1835 1481 2035 1518 intercedit.
2089 1480 2154 1517 sed
2185 1482 2240 1516 s1⁷
2264 1447 2428 1517 Falcidia

1335 1527 1395 1563 lex
1424 1527 1634 1571 intercedat,
1693 1527 1898 1563 deicommls'
1900 1537 1941 1562 sa
1970 1527 2009 1561 in
2033 1525 2186 1561 solidum
2209 1536 2288 1562 esse
2321 1537 2426 1572 prae-

1337 1571 1469 1609 standa
1490 1576 1641 1618 propter
1662 1572 1935 1608 immodicarum
1957 1571 2192 1607 donationum
2214 1571 2403 1607 rationem.

1384 1614 1438 1656 88
1463 1616 1668 1653 Seuerou
1705 1618 1796 1654 libro
1832 1618 1937 1653 tertio
1978 1626 2233 1671 responsorum
2290 1616 2427 1652 Lucius

1336 1662 1454 1698 Titius
1478 1665 1692 1698 testamento
1708 1662 1761 1698 ita
1785 1662 1896 1698 cavit:
1922 1662 1965 1698 ‘si
1981 1661 2066 1715 qmd
2089 1661 2219 1707 cuique
2233 1660 2428 1697 h‘berorum

1338 1710 1510 1744 ‘meorum
1533 1706 1615 1743 dedi
1638 1710 1703 1742 aut
1736 1707 1867 1743 donavi
1889 1710 1954 1742 aut
1981 1718 2020 1742 ιιι
2050 1717 2155 1742 usum
2179 1706 2343 1742 concessi
2364 1711 2429 1742 aut

1338 1753 1421 1788 ‘sibi
1443 1752 1613 1797 adquisiit
1642 1756 1707 1787 aut
1729 1752 1764 1788 ei
1786 1752 1833 1788 ab
1863 1752 1984 1798 aliquo
2016 1751 2139 1787 datum
2170 1754 2235 1786 aut
2264 1751 2429 1787 relictum

1338 1801 1424 1840 ‘est,
1457 1796 1496 1832 id
1519 1797 1588 1832 sibi
1617 1797 1819 1843 praecipiat
1848 1800 1968 1832 sumat
1996 1797 2152 1832 habeat'.
2199 1795 2264 1831 filii
2286 1796 2429 1832 nomine

1337 1842 1587 1878 kalendarium
1599 1842 1745 1878 fecerat.
1784 1846 1912 1887 postea
1932 1841 2109 1878 sententia
2124 1841 2221 1877 dicta
2234 1844 2290 1877 est
2303 1846 2340 1877 81
2350 1842 2428 1887 pla-

1339 1888 1414 1923 cuit
1435 1887 1484 1929 id,
1508 1887 1605 1933 quod
1628 1888 1696 1923 sub
1713 1887 1856 1923 nomine
1879 1886 1993 1932 ipsius
2015 1886 2131 1922 filiiin
2146 1886 2356 1922 kalendario
2371 1897 2428 1922 re-

1337 1935 1530 1974 manserat,
1554 1932 1589 1968 ei
1612 1932 1745 1975 deberi,
1769 1943 1842 1968 non
1866 1932 1973 1968 etiam
1995 1931 2051 1975 id,
2082 1931 2179 1977 quod
2201 1935 2368 1967 exactum
2391 1932 2429 1967 in

1337 1978 1496 2014 rationes
1520 1987 1605 2014 suas
1629 1981 1734 2023 pater
1751 1977 1995 2013 convertisset.
2043 1986 2188 2022 quaero,
2210 1976 2243 2012 si
2260 1976 2308 2019 id,
2333 1977 2429 2022 quod

1338 2023 1515 2069 exegisset
1544 2026 1650 2068 pater
1673 2032 1719 2059 ex
1748 2022 1951 2058 nominibus
1975 2022 2040 2057 filii
2069 2025 2154 2057 ante
2177 2025 2428 2058 testamentum

1338 2068 1494 2110 factum,
1523 2067 1653 2104 iterum
1676 2071 1760 2113 post
1790 2071 2043 2103 testamentum
2073 2067 2210 2103 factum
2239 2067 2278 2102 111
2299 2077 2429 2103 11011188

1337 2113 1403 2148 filii
1426 2113 1672 2156 convertisset,
1704 2123 1751 2148 an
1775 2112 1822 2148 ad
1844 2112 1957 2148 filium
1987 2111 2185 2148 secundum
2215 2112 2430 2148 sententiam

1338 2158 1544 2204 pertineret.
1591 2168 1649 2194 res
1676 2158 1762 2193 ondi
1783 2157 1832 2200 id,
1857 2157 1952 2203 quod
1975 2168 2019 2193 ex
2041 2157 2165 2193 eadem
2190 2167 2300 2193 causa
2322 2167 2429 2193 exac-

1341 2207 1356 2238 1
1406 2207 1484 2238 tum
1507 2203 1545 2238 in
1569 2213 1637 2239 ean
1662 2213 1719 2238 em
1750 2213 1897 2238 causam
1928 2203 2091 2245 redisset,
2129 2202 2263 2238 deberi.
2318 2203 2364 2237 ‘A
2393 2206 2430 2239 te

1340 2252 1349 2268 ⁶
1514 2247 1523 2256 .
1543 2248 1552 2256 .
1670 2248 1679 2256 .
2000 2248 2008 2256 .
2161 2247 2171 2256 .

1340 2253 1459 2329 ⁶333&
1477 2247 1751 2345 ffssssosssseffie
1761 2251 2106 2344 ,ffip‘ss’ffl‘tgffi
2118 2250 2430 2329 ἶῖἔξῗῗηξὲἓὲ

1339 2341 1371 2374 ‘e
1393 2338 1510 2374 medio
1524 2337 1748 2383 praecipito.’
1784 2347 1929 2382 quaero,
1954 2347 2012 2380 an,
2037 2348 2068 2390 si
2082 2337 2219 2390 Lucius
2235 2337 2351 2372 Titius
2364 2337 2429 2373 mi·

1338 2381 2430 2472 1ξὲἐῖἳέρῖῖῗὲἲὸιῗῗῐὲἓοῗὲἕξέἓὲὲάῶθξέᾌέἓωέῗ

1340 2476 1359 2509 2
1407 2476 1629 2526 ponerentur
1668 2472 1840 2508 heredum
1872 2471 2057 2515 commodo
2087 2470 2274 2517 proficere.
2361 2483 2431 2509 uae

1338 2519 1491 2554 manto⁸
1514 2517 1619 2553 heres
1637 2517 1834 2560 exstiterat,
1858 2517 1910 2552 ita
1933 2520 2146 2552 testamento
2164 2516 2275 2552 cavit:
2301 2518 2310 2535 ‘
2395 2518 2430 2553 vi

1340 2566 1388 2599 ‘et
1411 2562 1599 2608 Semproni
1621 2561 1687 2597 filii
1702 2562 1909 2605 dulcissimi,
1960 2562 2171 2606 raecipitote
2187 2572 2301 2606 omne,
2327 2562 2429 2607 quid-

1340 2608 1438 2654 ‘quid
1460 2618 1506 2644 ex
1527 2607 1726 2643 hereditate
1748 2607 1896 2643 bonisve
1951 2606 2005 2642 itii
2037 2606 2170 2642 domini
2191 2607 2279 2651 mei,
2314 2607 2429 2652 patris

1339 2654 1461 2690 ‘vestri
1483 2652 1531 2689 ad
1552 2663 1609 2688 me
1621 2652 1783 2698 pervenit
1800 2651 1926 2688 mortis
1946 2651 2023 2688 8188
2037 2655 2157 2696 tempo
2232 2651 2284 2687 ita
2298 2655 2428 2697 tamen,

1339 2701 1392 2734 ‘ut
1415 2708 1518 2735 omne
1543 2708 1633 2734 onus
1658 2697 1817 2733 eiusdem
1847 2696 2057 2733 hereditatis
2089 2700 2163 2731 tam
2192 2707 2231 2732 18
2254 2698 2428 2742 praeteri-

1339 2746 1427 2779 ‘tum
1450 2754 1558 2789 quam
1581 2742 1618 2778 in
1641 2742 1820 2786 futurum,
1852 2753 1919 2778 nec
1941 2753 2015 2778 non
2045 2742 2151 2777 etiam
2183 2742 2215 2778 si
2238 2741 2324 2787 quid
2346 2746 2430 2787 post

1340 2791 1501 2825 ‘mortem
1525 2788 1612 2823 Titii
1634 2787 1769 2824 domini
1786 2787 1857 2823 mei
1866 2787 1891 2831 ⁹,
1917 2786 2168 2832 adgnoscatis'.
2213 2797 2357 2831 quaero,
2381 2797 2429 2823 an

1339 2834 1372 2870 si
1394 2833 1481 2879 quid
1503 2833 1669 2869 solvisset
1688 2837 1775 2886 post
1796 2836 1948 2868 mortem
1970 2831 2100 2875 mariti,
2125 2842 2207 2867 08111
2229 2832 2310 2877 ipsa
2330 2831 2428 2868 fruc-

1338 2883 1399 2915 tus
1434 2889 1475 2915 ce
1500 2878 1588 2915 isset
1616 2877 1774 2914 dedisset
1786 2879 1823 2922 ¹⁰,
1867 2877 1914 2912 ad
1950 2887 2042 2913 onus
2064 2886 2188 2912 eorum
2221 2876 2427 2921 pertineret.

1339 2934 1472 2969 respon
1498 2923 1507 2932 ”
1532 2922 1729 2960 secundum
1759 2932 1804 2958 88
1835 2932 1926 2967 quae
1950 2925 2237 2975 proponerentur
2259 2931 2303 2957 ea
2326 2921 2428 2957 dum-

1339 2973 1441 3005 taxat
1464 2978 1574 3023 qnera
1601 2967 1783 3022 legatariis
1812 2967 2042 3012 imposuisse,
2073 2976 2164 3011 quae
2188 2971 2427 3020 superessent.

1341 3014 1508 3096 &133⁸
1534 3011 2258 3104 “diyffifgfssinhffffliffime‘isssseieffi
2273 3012 2428 3101 ⁹33¹&

1341 3107 1372 3140 ‘e
1395 3103 1513 3140 media
1535 3102 1733 3139 hereditate
1758 3102 1889 3138 sumito
1924 3101 2062 3154 sibique
2093 3100 2224 3136 habeto
2249 3111 2322 3136 nna
2346 3112 2428 3137 cum

1341 3148 1550 3195 Tamphilo,
1583 3158 1689 3193 quem
1718 3148 1871 3183 liberum
1894 3156 1973 3183 esse
1995 3146 2120 3189 iubeo,
2151 3145 2428 3182 instrumentum

1341 3194 1523 3230 ‘tabernae
1546 3192 1729 3235 ferrariae,
1752 3192 1805 3228 ita
1827 3195 1869 3228 ut
1890 3191 2070 3236 negotium
2092 3190 2314 3227 exerceatis’.
2353 3191 2427 3227 Lu·

1342 3239 1419 3275 cius
1441 3238 1630 3284 Eutychus
1660 3238 1740 3273 viva
1769 3236 1953 3274 tentatrice
1976 3235 2147 3279 decessit,
2178 3246 2264 3281 pars
2287 3236 2427 3272 heredi-

1340 3283 1427 3320 tatis
1450 3283 1527 3319 eius
1552 3282 1599 3318 ad
1623 3282 1834 3319 coheredem
1855 3281 2045 3327 pertinuit:
2081 3291 2226 3325 quaero,
2250 3291 2299 3316 811
2321 3281 2426 3316 Ρ8111-

1341 3328 1461 3375 philus
1484 3327 1609 3364 eodem
1631 3331 1845 3364 testamento
1879 3325 2119 3362 manumissus
2149 3325 2198 3361 ad
2245 3325 2427 3362 etitionem

1341 3373 1455 3419 partis
1478 3373 1707 3409 instrumenti
1736 3371 1875 3408 admitti
1904 3371 2036 3416 possit,
2072 3370 2157 3407 licet
2184 3374 2223 3406 ta
2249 3381 2355 3415 erna,
2386 3375 2427 3405 ut

1341 3418 1454 3455 voluit
1468 3417 1645 3462 testatrix,
1660 3416 1819 3454 exerceri
1842 3427 1914 3451 non
1929 3416 2054 3461 possit.
2094 3415 2263 3461 respondi
2275 3415 2425 3451 admitti.

1342 3466 1363 3498 4
1409 3462 1621 3508 Sempronia
1651 3461 1847 3499 substituta
1877 3461 2001 3497 heredi
2029 3461 2194 3497 instituto
2224 3460 2343 3505 legata
2365 3470 2426 3496 ac·

1343 3508 1456 3553 oepit,
1492 3508 1524 3544 si
1546 3508 1652 3544 heres
1674 3518 1747 3543 non
1777 3510 1891 3542 esset:
1926 3506 2037 3542 movit
2066 3509 2193 3541 contra
2222 3505 2425 3541 institutum

1342 3553 1530 3597 actionem,
1562 3551 1659 3598 quod
1681 3552 1764 3588 dolo
1787 3551 1864 3587 eius
1888 3551 2024 3587 factum
2054 3560 2133 3587 esse
2163 3549 2323 3594 dicebat,
2355 3560 2426 3595 quo

1343 3668 1390 3709 (⁹)
1414 3666 1699 3743 requiritusdferee
1718 3665 1755 3697 in
1769 3664 1920 3717 futurum
1933 3664 2035 3697 etism
2049 3664 2078 3717 si
2092 3663 2174 3706 quid
2186 3662 2334 3716 imposui
2346 3666 2424 3705 post

1342 3714 1484 3745 mortem
1495 3710 1580 3744 'htn
1615 3709 1722 3744 omini
1734 3720 1799 3742 mei
1903 3709 1964 3751 (ιο)
1989 3712 2134 3753 cepisset
2146 3707 2351 3742 vendidisset
2361 3719 2424 3742 ter.
