2528 3918
150 124 299 167 XXXI

149 245 310 282 constitit
332 254 410 286 nec,
435 244 466 279 si
489 243 651 279 Maevius
676 243 844 280 solvendo
868 254 942 279 non
965 247 1079 285 esset,
1114 242 1153 278 in
1176 242 1238 278 Ti-

149 292 236 326 tium
260 290 438 326 actionem
461 288 565 324 solidi
588 288 642 324 vel
663 288 741 324 iure
764 288 946 324 Falcidiae
969 287 1124 323 dandam
1148 296 1237 330 esse,

150 336 233 382 quia
257 334 381 370 mortis
406 343 516 369 causa
546 342 588 369 ce
613 333 684 369 isse
715 344 788 370 non
819 333 1008 369 videretur.
1061 331 1239 368 diversum

174 379 374 416 robandum
395 377 501 421 foret,
526 378 558 414 si
621 378 742 414 aevius
765 379 934 424 ignorans
958 376 1139 413 dominum
1163 377 1239 412 vita

149 392 345 461 Secessisse
362 423 553 476 pecuniam
571 433 691 459 errore
701 424 825 470 lapsus
844 422 1016 458 dedisset:
1041 425 1129 458 tunc
1145 422 1239 458 enim

150 474 166 504 7
216 468 335 522 portio
370 478 448 505 iure
482 468 666 505 Falcidiae
706 472 946 504 revocaretur.
1012 466 1101 502 Cum
1135 470 1240 513 pater

149 514 459 550 fideicommissum
474 513 700 560 praediorum
718 524 761 549 ex
777 516 989 549 testamento
1003 512 1126 548 matris
1144 512 1240 547 filiae

148 560 304 602 deberet,
330 559 479 595 eandem
499 569 568 612 pro
591 563 696 604 parte
719 559 770 594 ita
792 557 959 593 heredem
990 557 1163 601 instituit,
1199 561 1240 592 ut

148 604 382 640 hereditatem
424 603 697 640 fideicommisso
746 605 1003 649 conpensaret,
1045 602 1241 682 eademffi

147 649 297 696 praedia
319 649 392 685 filio
417 649 632 685 exheredato
658 648 735 684 dari
758 648 880 683 voluit.
953 657 1143 692 uamquam
1207 646 1214 654 '

148 695 263 741 patris
279 694 515 730 hereditatem
532 694 714 739 suscipere
730 693 913 735 noluisset,
926 659 1240 728 fideicommissum

148 744 270 776 tamen
293 740 340 775 ab
364 739 556 775 heredibus
581 749 657 774 esse
680 738 752 774 filio
777 737 1045 784 praestandum,
1078 737 1125 772 ad
1149 747 1241 783 quos

148 784 357 821 hereditatis
380 785 499 830 portio
524 794 630 830 quain
650 783 791 836 accepit
806 783 879 818 filia
893 782 1060 825 redierat,
1083 782 1239 827 placuit:

149 829 944 912 {widiicssssffisffleriiii‘rissmsfi‘scfissm
966 835 1144 908 3333...
1167 827 1242 907 {¹32

151 926 264 966 pater,
290 920 353 966 qui
375 931 415 956 se
438 920 619 956 dominum
652 928 731 955 esse
754 884 965 961 crediderit?
994 899 1116 953 verbis,
1168 917 1240 953 dei-

149 965 329 1002 commissi
350 964 423 1002 filio
447 964 600 1011 reliquit,
635 964 735 999 nulla
758 974 840 999 cum
874 963 1050 999 fratribus
1074 967 1110 999 et
1134 962 1241 999 cohe-

148 1010 293 1047 redibus
324 1011 420 1046 actio
444 1011 533 1047 erit:
569 1010 600 1045 si
630 1013 750 1044 tamen
780 1009 875 1045 inter
908 1008 1000 1044 filios
1036 1008 1242 1044 divisionem

149 1056 246 1098 fecit,
269 1055 404 1092 arbiter
428 1056 635 1092 coniectura
657 1054 850 1090 voluntatis
874 1064 947 1090 non
969 1054 1128 1099 patietur
1160 1063 1242 1089 eum

148 1105 270 1147 partes
294 1101 529 1137 coheredibus
552 1099 776 1146 praelegatas
798 1099 996 1141 restituere,
1032 1098 1102 1134 nisi
1150 1098 1243 1133 arati

150 1150 171 1182 9
195 1145 329 1182 fuerint
341 1152 377 1182 et
388 1146 457 1192 ipsi
469 1147 583 1191 patris
596 1144 767 1180 iudicium
778 1144 883 1179 fratri
896 1144 1109 1180 conservari.
1165 1147 1243 1179 ater

150 1196 284 1228 certam
334 1191 496 1227 ecuniam
521 1190 756 1226 exheredatae
786 1189 882 1225 tiliae
912 1189 1031 1225 verbis
1061 1188 1242 1224 fideicom-

149 1237 247 1273 missi
280 1247 319 1272 re
335 1236 423 1282 ‘quit
460 1246 608 1281 eamque
642 1238 821 1280 nupturae
856 1234 951 1270 dotis
985 1233 1129 1270 nomine
1164 1233 1243 1269 dari

149 1282 261 1318 voluit
283 1281 356 1317 filio
381 1281 500 1317 dotem
516 1281 562 1316 sti
588 1280 719 1315 ulante.
767 1290 849 1315 cum
863 1279 959 1314 filius
982 1279 1154 1314 minorem
1178 1279 1241 1314 do-

148 1331 222 1362 tem
245 1326 414 1369 dedisset,
438 1336 506 1372 sup
573 1336 657 1361 uum
681 1334 760 1360 esse
782 1323 877 1360 filiae
910 1323 1132 1360 reddendum
1155 1333 1242 1360 con-

149 1372 280 1408 stabat.
327 1371 477 1407 divortio
502 1380 644 1416 quoque
662 1374 786 1406 secuto
804 1369 1117 1405 fideicommissum
1132 1369 1242 1405 filiam

148 1421 248 1453 recte
270 1417 473 1462 petituram,
497 1420 540 1451 ut
561 1415 656 1451 actio
681 1414 921 1460 stipulationis
949 1414 1018 1450 sibi
1040 1418 1242 1461 praestare-

149 1466 227 1504 tur,
263 1462 431 1507 quoniam
461 1461 649 1497 verisimile
684 1470 756 1495 non
789 1464 867 1495 erat
899 1464 1039 1506 patrem
1062 1459 1243 1505 interponi

150 1507 196 1543 sti
224 1507 416 1542 ulationem
439 1506 605 1549 voluisse,
642 1516 712 1551 quo
737 1504 811 1540 filia
833 1510 917 1551 post
939 1506 1072 1550 primas
1096 1504 1243 1550 nuptias

148 1552 186 1587 in
212 1555 313 1587 otata
337 1551 631 1588 constitueretur:
665 1555 823 1587 ceterum
855 1551 886 1586 si
916 1554 1046 1595 postea
1079 1550 1242 1592 nuberet,

147 1597 197 1633 ad
219 1596 397 1633 secundas
421 1597 566 1642 nuptias
591 1596 795 1632 cautionem
814 1595 958 1631 extendi
974 1605 1048 1631 non
1063 1599 1242 1640 oportere.

154 1646 193 1678 10
239 1644 273 1678 A
295 1642 370 1677 filia
391 1646 497 1688 pater
518 1642 682 1688 petierat,
707 1646 748 1677 ut
764 1641 823 1676 cui
844 1641 951 1676 vellet
970 1650 1015 1676 ex
1030 1639 1152 1676 liberis
1168 1640 1243 1676 suis

147 1687 297 1769 glraaedia
309 1698 390 1723 cum
405 1690 604 1723 moreretur
619 1686 843 1722 restitueret:
867 1686 931 1722 uni
946 1695 990 1721 ex
1002 1685 1124 1721 liberis
1139 1695 1243 1731 prae—

174 1733 183 1740 '
230 1732 495 1768 fideicommissi
517 1732 598 1768 viva
621 1732 776 1768 donavit.
822 1741 896 1767 non
930 1740 1009 1767 esse
1033 1730 1244 1766 electionem

148 1781 297 1824 propter
307 1778 482 1814 incertum
494 1777 587 1813 diem
601 1776 866 1813 fideicommissi
881 1780 1003 1812 certae
1015 1778 1026 1797 ²
1039 1775 1243 1812 donationis

148 1823 356 1859 videbatur:
388 1833 473 1858 nam
494 1822 533 1858 in
556 1833 636 1858 eum
660 1822 850 1858 destinatio
874 1821 978 1867 dirigi
1007 1824 1146 1867 potest,
1183 1821 1244 1866 qui

148 1867 461 1904 fideicommissum
490 1868 585 1904 inter
619 1871 757 1904 ceteros
792 1866 982 1903 habiturus
1017 1871 1073 1902 est
1106 1871 1245 1902 remota

155 1917 190 1949 ιι
239 1913 365 1949 matris
390 1913 575 1950 electione.
623 1913 737 1949 ‘Fidei
758 1912 931 1949 heredum
954 1922 1115 1948 meorum
1146 1921 1243 1947 com-

152 1958 279 2002 ‘mitto,
304 1967 350 1994 ne
371 1957 523 1994 fundum
548 1958 791 1994 Tusculanum
815 1957 971 1993 alienent
994 1961 1030 1993 et
1051 1966 1098 1992 ne
1122 1955 1167 1992 de
1188 1956 1244 1991 fa-

152 2003 261 2039 ‘milia
283 2003 436 2039 nominis
459 2003 529 2039 mei
551 2004 678 2039 exeat’.
723 2003 920 2039 secundum
940 2002 1160 2039 voluntatem
1183 2011 1245 2038 eos

148 2058 292 2129 guoque
333 2048 503 2084 invitatos
543 2048 818 2094 intellegendum
859 2051 931 2091 est,
977 2047 1107 2094 quibus
1141 2047 1244 2082 here-

175 2103 213 2130 es
238 2093 399 2129 extranei
428 2093 738 2130 fideicommissam
769 2094 971 2129 libertatem
1001 2092 1244 2128 reddiderunt.

153 2141 193 2174 12
241 2138 356 2174 ‘Fidei
378 2142 464 2175 tuae
487 2139 668 2175 committo
681 2166 691 2182 ‚
724 2149 825 2182 uxor,
860 2139 925 2173 2ut
954 2138 1126 2174 restituas
1150 2137 1245 2172 filiae

151 2187 275 2228 ‘meae,
300 2194 383 2219 cum
405 2184 578 2227 morieris,
609 2183 781 2230 quidquid
804 2183 852 2220 ad
874 2187 911 2219 te
935 2193 1078 2230 quoquo
1102 2183 1245 2218 nomine

150 2229 206 2265 ‘de
229 2229 332 2265 bonis
364 2229 451 2265 meis
483 2229 706 2274 pervenerit’.
762 2230 869 2265 etiam
893 2238 955 2272 ea,
989 2238 1082 2274 quae
1116 2231 1246 2274 postea

149 2273 322 2310 codicillis
354 2274 459 2310 uxori
491 2274 608 2317 dedit,
646 2273 920 2310 fideicommissa
953 2273 1244 2316 continebuntur,

149 2330 232 2355 nam
266 2318 355 2355 ordo
387 2320 587 2365 scripturae
621 2329 695 2355 non
724 2319 874 2365 impedit
904 2329 1051 2355 causam
1081 2318 1170 2354 iuris
1192 2327 1245 2353 -ac

148 2364 362 2400 voluntatis:
399 2364 463 2400 sed
487 2364 552 2400 dos
575 2365 805 2411 praelegata³
828 2364 1050 2406 retinebitur,
1075 2363 1244 2410 quoniam

152 2413 192 2445 13
239 2409 342 2445 reddi
363 2409 485 2462 potius
508 2410 658 2453 videtur,
691 2420 798 2456 quam
823 2410 913 2446 dari.
960 2409 1064 2446 ‘Volo
1095 2408 1245 2454 praedia

149 2454 239 2490 ‘dari
261 2454 398 2490 libertis
423 2454 530 2491 meis:
562 2454 659 2501 quod
691 2455 722 2491 si
745 2456 824 2502 quis
859 2465 981 2491 eorum
1012 2454 1090 2490 sine
1122 2453 1243 2489 liberis

149 2500 234 2535 ‘vita
257 2499 469 2543 decesserit,
504 2505 627 2546 partes
651 2510 774 2536 eorum
806 2500 853 2536 ad
885 2500 950 2536 reli
975 2509 1041 2536 uos
1064 2499 1245 2545 pertinere

148 2544 263 2581 ‘volo’.
311 2545 535 2581 collibertum
565 2545 679 2598 patris
711 2546 932 2592 eundemque
1003 2545 1074 2581 'um
1106 2554 1151 2580 ex
1181 2554 1243 2579 vo-

151 2593 193 2625 14
239 2589 379 2625 luntate
401 2590 691 2627 substitutionem
714 2591 904 2627 excludere
933 2590 1082 2636 placuit.
1131 2589 1242 2625 Cura-

148 2633 317 2687 toris·sui
339 2634 476 2688 frustra
491 2635 576 2672 fidei
600 2636 820 2672 commisisse
839 2636 1039 2679 videbatur,
1063 2638 1106 2671 ut
1119 2634 1244 2670 heredi

147 2679 252 2715 fratri
275 2683 498 2732 negotiorum
520 2685 702 2726 gestorum
717 2681 893 2718 rationem
907 2680 1093 2718 redderet:
1118 2690 1242 2726 quam-

637 2728 649 2747 4

148 2724 1243 2817 ἓᾶῗέἕὲὲἰῖωῑῖἳιῖξὲἓῗνθὲιέἓὲωθξὲἷῗηὲἓοιῖξῗὲῃῗὲἶ

148 2818 270 2868 tamen
293 2815 360 2867 sub
386 2820 553 2852 curatore
576 2817 646 2852 alio
678 2816 826 2853 fratrem
857 2821 1021 2863 agentem
1044 2821 1141 2853 recte
1164 2816 1241 2861 pla·

150 2863 226 2895 cmt
249 2863 427 2895 actionem
449 2860 599 2904 inferre,
633 2872 714 2897 cum
743 2862 813 2898 illis
844 2862 960 2899 verbis
994 2861 1099 2898 fratri
1122 2861 1242 2908 potius

149 2904 353 2957 consultum
387 2905 567 2957 videretur
601 2917 708 2952 quam
747 2907 876 2944 solutio
912 2917 1006 2954 quae
1038 2908 1133 2944 iuste
1165 2906 1243 2942 fieri

152 2953 191 2984 15
231 2953 358 3002 ‘potuit
381 2949 501 2985 dilata.
550 2952 608 2987 Ab
631 2953 794 2988 instituto
827 2957 997 2989 extraneo
1028 2953 1177 2999 praedia
1198 2951 1242 2987 li-

149 2995 365 3047 bertis-cum
388 3000 585 3031 moreretur
608 2998 724 3033 verbis
754 2997 1020 3035 fideicommissi
1050 2998 1244 3045 reliquerat

149 3043 193 3092 et·
206 3043 372 3086 petierat,
396 3050 441 3075 ne
465 3050 508 3075 ex
524 3042 666 3083 nomim
681 3043 837 3080 familiae
855 3044 1108 3080 alienarentur.
1156 3042 1242 3078 sub·

148 3088 314 3121 stitutum
337 3094 382 3121 ea
403 3085 552 3131 praedia
576 3086 705 3123 debere
722 3098 766 3123 ex
790 3088 950 3124 defuncti
966 3089 1151 3125 voluntate
1166 3098 1242 3123 res-

147 3129 358 3211 efflat?
369 3131 707 3221 ἒξῗὲῗιὲἓέἇὲῗῖἐὲ
716 3133 1242 3215 .⁸2.?1⁰3.3?3¹.{ff.3⁰.¹¹1‘¹203?332

148 3223 226 3256 tate
257 3220 441 3256 testatoris
474 3222 649 3267 capienda
680 3233 776 3259 mors
807 3225 960 3260 instituti
1000 3222 1243 3270 exspectanda

154 3268 192 3301 16
241 3268 306 3318 est.
362 3265 510 3302 Mensae
547 3267 726 3311 negotium
760 3278 803 3303 ex
839 3280 950 3305 causa
980 3268 1243 3305 fideicommissi

149 3320 230 3345 cum
252 3310 486 3347 indemnitate
508 3312 678 3347 heredum
702 3323 767 3364 per
800 3315 1001 3350 cautionem
1033 3317 1243 3359 susceptum

149 3355 321 3400 emptioni
345 3355 459 3391 simile
482 3356 623 3392 videtur
646 3361 682 3392 et
705 3357 783 3393 ideo
809 3370 880 3394 non
898 3360 964 3394 erit
987 3358 1242 3405 quaerendum,

151 3403 192 3435 17
242 3410 289 3453 ιιι
312 3400 394 3446 plus
406 3403 420 3423 ⁶
435 3401 472 3436 in
490 3412 573 3437 aere
588 3401 704 3437 alieno
724 3403 772 3437 sit
789 3414 894 3448 quam
911 3405 947 3439 in
965 3409 1129 3450 quaestu.
1171 3403 1242 3439 Pa-

149 3449 205 3480 ter
228 3445 323 3480 filiae
347 3447 536 3493 mancipia,
570 3457 661 3492 quae
683 3447 833 3482 nubenti
857 3449 971 3491 dedit,
1003 3450 1119 3485 verbis
1142 3447 1242 3484 fidei-

149 3491 331 3526 commissi
353 3492 530 3537 praestari
554 3492 683 3528 voluit:
708 3497 832 3537 partus
857 3500 1056 3539 susceptos,
1082 3494 1149 3530 etsi
1166 3503 1242 3528 ma-

148 3539 221 3571 tres
254 3538 339 3571 ante
369 3540 622 3572 testamentum
653 3541 816 3573 mortuae
846 3538 1018 3582 fuissent,
1055 3550 1099 3575 ex
1132 3549 1244 3575 causa

149 3650 190 3690 (ι)
216 3650 485 3690 fideicommissi,
504 3655 634 3685 certum
653 3652 848 3686 donationis
868 3665 931 3685 scr.
1047 3655 1091 3695 (2)
1124 3658 1162 3686 ut
1181 3653 1239 3687 des

149 3694 273 3727 1212.ss
339 3699 383 3739 (3)
408 3697 556 3739 relegata
567 3710 629 3731 cer.
685 3699 731 3739 (⁴)
755 3699 990 3730 testamentum
1004 3697 1038 3730 F
1101 3700 1145 3738 (5)
1169 3709 1239 3732 am-

148 3739 226 3781 plus
239 3740 274 3772 F
393 3743 438 3782 (6)
463 3742 557 3775 lucia
568 3743 614 3784 F,
636 3742 781 3786 Lyciave
793 3755 853 3776 scr.

1233 118 1320 167 438

979 3744 1023 3782 (7)
1048 3746 1081 3775 et
1094 3745 1198 3776 citare
1213 3745 1249 3777 F

1472 25 1541 91 μή

1531 97 1534 120 4

2109 132 2170 162 DE
2199 130 2393 163 niteam

1307 242 1570 280 fideicommissi
1604 243 1838 291 praestandos
1879 240 2060 288 respondi.
2124 250 2192 276 nec
2226 238 2325 275 aliud
2357 239 2395 275 in

1308 297 1421 324 uxore
1433 287 1652 324 confirmatis
1669 288 1922 325 donationibus
1938 285 2075 333 pridem
2085 285 2313 321 observatum
2329 288 2394 320 est.

1312 335 1351 368 18
1398 332 1640 368 Hereditatem
1661 338 1746 379 post
1768 337 1919 368 mortem
1942 341 2045 367 suam
2066 331 2183 376 rogati
2206 329 2396 365 restituere

1309 377 1492 413 nominum
1521 378 1698 424 periculo,
1730 388 1823 424 quae
1852 387 1917 423 per
1948 376 2155 412 divisionem
2191 375 2396 420 obtigerunt

1307 423 1400 458 inter
1423 422 1614 459 coheredes
1637 423 1855 469 interpositis
1888 420 2189 467 delegationibus,
2224 429 2298 455 non
2329 419 2394 454 ad-

1309 467 1543 512 stringuntur,
1567 479 1640 504 non
1664 469 1775 514 magis
1799 478 1906 514 quam
1928 465 2174 512 praediorum,
2193 474 2290 517 ‚cum
2312 473 2395 515 pei·-

1308 513 1457 548 mutatio
1487 522 1606 549 rerum
1637 513 1842 549 discernens
1875 511 2158 548 communionem
2190 513 2394 544 mtervemt.

1313 560 1352 592 19
1400 557 1506 593 ‘Filia
1536 568 1615 594 mea
1670 558 1843 604 raecipiat
1874 558 2012 603 sibique
2044 555 2179 591 habeat
2209 554 2289 590 volo
2320 563 2396 589 rem

1309 602 1444 637 ‘matris
1476 603 1587 638 suae'.
1652 605 1657 611 '
1701 608 1799 646 ctus,
1834 613 1923 649 quos
1955 600 2070 637 medio
2102 604 2262 645 tempore
2293 604 2397 644 pater

1307 647 1482 699 percipiet
1504 658 1571 683 nec
1593 648 1630 683 in
1654 653 1821 694 separato
1846 648 1989 690 habuit,
2025 645 2089 681 sed
2119 645 2319 689 absumpsit
2341 644 2397 679 vel

1307 703 1345 727 in
1369 702 1473 728 suum
1496 693 1748 744 patrimonium
1780 693 1973 734 convertit,
2005 700 2078 726 non
2109 689 2273 726 videntur
2300 688 2399 724 filiae

1309 740 1352 772 20
1399 738 1524 773 relicti.
1588 738 1823 774 ‘Dulcissimis
1859 737 2030 772 fratribus
2064 734 2172 777 meis,
2210 733 2397 769 avunculis

1309 785 1441 817 ‘autem
1464 783 1537 818 tuis
1561 793 1806 829 quaecumque
1829 782 1914 817 mihi
1941 783 2135 826 supersunt
2155 780 2194 815 in
2215 778 2396 824 Pamphy·

1309 827 1369 863 ‘lia
1391 827 1527 874 Lycia⁶
1549 827 1605 863 vel
1628 828 1841 874 ubicumque
1865 827 1909 862 de
1933 825 2102 861 maternis
2125 824 2229 860 bonis
2248 823 2396 859 concedi

1309 872 1414 915 ‘volo,
1438 883 1484 908 ne
1507 883 1613 918 quam
1637 884 1717 909 cum
1740 874 1796 909 his
1820 870 2098 908 controversiam
2113 869 2272 905 habeas’.
2319 878 2395 904 om·

1309 918 1369 953 nia
1385 928 1538 970 corpora
1553 923 1735 954 maternae
1750 917 1971 958 hereditatis,
1989 925 2081 962 quae
2096 915 2135 950 in
2150 914 2274 950 eadem
2285 923 2398 949 causa

1310 962 1457 998 dominii
1480 967 1699 1007 manserunt,
1724 964 1771 999 ad
1793 963 2013 999 voluntatem
2030 958 2293 995 fideicommissi
2314 968 2397 1010 per-

1309 1008 1442 1043 tinent:
1469 1018 1512 1043 ex
1534 1009 1646 1043 isdem
1669 1009 1778 1054 igitur
1799 1006 2033 1043 facultatibus
2056 1008 2229 1051 percepta
2243 1013 2398 1049 pecunia

1311 1058 1346 1088 et
1368 1053 1406 1088 in
1431 1063 1561 1098 corpus
1584 1054 1719 1100 proprii
1731 1052 1946 1133 fpatrimonii
1968 1060 2081 1092 versa,
2104 1050 2189 1085 item
2211 1049 2290 1085 iure
2309 1048 2395 1084 divi-

1311 1098 1419 1134 sionis
1443 1108 1501 1134 res
1532 1099 1698 1144 propriae
1747 1104 1851 1134 actae
1882 1107 1954 1133 non
1984 1094 2285 1142 praestabuntur,
2315 1103 2398 1130 cum

1311 1143 1498 1179 discordiis
1517 1144 1804 1196 propinquorum
1836 1141 2000 1179 sedandis
2021 1139 2272 1206 prospexerit,
2306 1148 2397 1185 quas

1311 1192 1351 1224 21
1400 1193 1550 1224 materia
1574 1189 1831 1225 communionis
1847 1188 1939 1224 solet
1954 1192 2111 1223 excitare
2136 1211 2145 1220 .
2191 1184 2301 1220 Pater
2316 1183 2397 1230 plu-

1310 1234 1408 1269 ribus
1432 1234 1514 1270 filiis
1538 1233 1728 1270 heredibus
1744 1234 1917 1270 institutis
1934 1233 2088 1268 moriens
2112 1230 2230 1265 claves
2249 1234 2286 1265 et
2307 1239 2398 1264 anu-

1309 1279 1383 1315 lum
1415 1279 1602 1315 custodiae
1640 1289 1751 1315 causa
1781 1278 1907 1314 maiori
1940 1281 2029 1313 natu
2059 1275 2156 1311 filiae
2185 1273 2333 1310 tradidit
2363 1279 2400 1309 et

1309 1324 1477 1360 libertum
1508 1324 1621 1360 eidem
1651 1323 1747 1360 filiae
1757 1325 1782 1368 ⁸,
1811 1324 1873 1377 qui
1893 1331 2063 1369 praesens
2093 1324 2188 1363 erat,
2220 1329 2277 1355 res
2308 1329 2398 1370 quas

1310 1370 1377 1405 sub
1402 1380 1490 1405 cura
1512 1379 1580 1405 sua
1602 1370 1730 1405 habuit
1753 1369 1942 1414 adsignare
1965 1367 2081 1403 iussit.
2128 1375 2315 1401 commune
2329 1364 2397 1399 fili·

1310 1425 1413 1451 orum
1436 1426 1461 1450 n
1506 1415 1618 1450 otium
1635 1421 1775 1460 gestum
1791 1414 2061 1459 intellegebatur
2077 1420 2144 1446 nec
2162 1410 2208 1446 ob
2225 1420 2304 1446 eam
2323 1420 2399 1445 rem

1311 1460 1409 1506 apud
1439 1470 1481 1495 ar
1506 1460 1614 1495 iti-um
1649 1460 1829 1496 divisionis
1862 1458 2093 1505 praecipuam
2123 1465 2270 1491 causam
2302 1454 2398 1490 filiae

1312 1508 1355 1542 22
1401 1505 1489 1541 fore.
1537 1504 1626 1540 Cum
1647 1505 1848 1557 inperfecta
1862 1504 2042 1549 scriptura
2058 1502 2245 1543 invenitur,
2268 1501 2322 1536 ita
2337 1500 2398 1552 de·

1310 1561 1407 1586 mum
1429 1551 1575 1586 verbum
1598 1550 1611 1585 l
1678 1556 1705 1585 ti
1728 1550 1785 1586 vel
1806 1548 2080 1590 fideicommissi,
2104 1546 2200 1599 quod
2215 1545 2401 1598 praecedit

1311 1596 1366 1631 vel
1389 1596 1569 1641 sequitur,
1681 1596 1965 1632 communionem
1995 1594 2212 1634 adsumitur,
2247 1601 2279 1627 si
2301 1590 2398 1627 dicto

1313 1644 1355 1676 23
1403 1641 1600 1686 scriptum⁹
1643 1644 1827 1686 congruat.
1886 1639 2001 1675 Filius
2043 1642 2194 1674 matrem
2234 1636 2399 1689 heredem

1312 1686 1508 1732 scripserat
1531 1690 1567 1721 et
1600 1684 1875 1722 fideicommissa
1897 1684 2031 1721 tabulis
2063 1683 2149 1719 data
2180 1691 2261 1718 cum
2294 1691 2399 1717 iuris·

1311 1731 1453 1766 iurandi
1475 1730 1646 1776 religione
1667 1731 1844 1776 praestari
1862 1733 2061 1776 rogaverat.
2109 1738 2191 1764 cum
2206 1730 2399 1763 testamen-

1312 1780 1390 1812 tum
1421 1776 1518 1812 nullo
1541 1777 1620 1811 iure
1650 1775 1786 1811 factum
1818 1780 1931 1819 esset,
1962 1775 2073 1810 nihilo
2104 1773 2221 1810 minus
2251 1776 2401 1809 mati-em

1311 1821 1503 1866 legitimam
1526 1820 1694 1857 heredem
1718 1821 1913 1867 cogendam
1928 1824 2113 1866 praestare
2127 1818 2402 1855 fideicommissa

1312 1867 1500 1914 respondi:
1536 1877 1620 1902 nam
1651 1866 1778 1902 enixae
1799 1866 1992 1903 voluntatis
2026 1875 2151 1918 preces
2182 1864 2231 1900 ad
2260 1873 2402 1900 omnem

1313 1916 1357 1947 24
1392 1912 1629 1948 successionis
1642 1912 1797 1958 speciem
1807 1915 1996 1958 porrectae
2006 1910 2229 1947 videbantur.
2255 1909 2400 1945 ‘Mando

1314 1957 1419 1993 ‘filiae
1449 1967 1549 1993 meae
1580 1967 1647 2003 pro
1679 1957 1796 1993 salute
1827 1957 2001 1993 sollicitus
2024 1956 2155 2002 ipsius,
2190 1959 2249 1999 ut,
2281 1954 2402 2002 quoad

1314 2003 1457 2039 ‘liberos
1480 2003 1596 2046 tollat,
1620 2006 1872 2039 testamentum
1895 2013 1969 2038 non
1991 2001 2121 2038 faciat:
2144 2001 2197 2037 ita
2219 2002 2313 2037 enim
2334 2011 2400 2047 po-

1314 2049 1410 2084 ‘terit
1432 2048 1509 2084 sine
1531 2047 1692 2094 periculo
1716 2048 1855 2084 vivere'.
1901 2047 2265 2083 fideicommissariam
2297 2047 2400 2083 here-

1314 2094 1459 2129 ditatem
1483 2093 1598 2129 sorori
1621 2093 1787 2129 coheredi
1810 2103 1883 2128 non
1906 2093 2016 2129 videri
2037 2093 2199 2128 relictam
2221 2093 2400 2139 apparuit,

1337 2139 1410 2174 uod
1433 2149 1505 2174 non
1528 2138 1574 2174 de
1594 2138 1750 2185 pecunia
1772 2149 1840 2175 sua
1855 2138 1992 2180 testari,
2017 2138 2081 2174 sed
2096 2142 2246 2190 optentu
2263 2138 2402 2175 consilii

1314 2151 1486 2229 derogare
1519 2183 1590 2219 iuri
1631 2186 1884 2220 testamentum
1919 2182 1997 2219 fieri
2026 2183 2247 2229 prohibendo
2279 2183 2400 2221 voluit.

1313 2228 1532 2310 23..2333
1552 2228 1774 2310 Μῦες
1796 2228 2104 2275 -
2135 2228 2327 2310 2232322

1313 2300 1573 2371 nibus-liberie,
1597 2284 1665 2371 egei
1690 2285 1763 2354 nlon
1787 2285 1983 2372 aezugliffer
2002 2284 2400 2372 ἶῖοιιιέιζιιξήῗιιῗῐῆἓὲἶ

1313 2374 1541 2462 ἕδέἶέξιῗᾛ
1554 2364 1895 2461 arissam
1910 2364 2402 2457 *33:¹¹3333350330‘3fflmiss

1313 2455 1467 2501 elegerit,
1491 2454 1570 2490 fore
1591 2457 1763 2506 potiores,
1787 2455 1857 2491 si¹⁰
1880 2455 1949 2491 soli
1963 2455 2254 2500 promeruissent,
2279 2459 2399 2494 existi-

1313 2500 1423 2536 mavi:
1459 2499 1557 2546 quod
1579 2510 1611 2535 si
1633 2500 1811 2535 neminem
1834 2501 1999 2546 elegerit,
2034 2510 2095 2536 eos
2119 2501 2216 2537 solos
2239 2513 2312 2539 non
2336 2504 2399 2540 ad-

1313 2548 1356 2581 26
1402 2545 1514 2588 mitti,
1546 2545 1608 2591 qui
1639 2544 1875 2581 offenderunt.
1930 2545 2143 2582 Donationis
2173 2546 2401 2593 praediorum

1312 2590 1586 2672 3333322..,-122..
1587 2589 1951 2672 03:323.333..22223:
2154 2596 2401 2675 33.2.23.3:32

1312 2682 1359 2717 ad
1371 2681 1555 2717 aedituum
1572 2680 1684 2716 misit:
1699 2647 1983 2717 *ἱιιειτιιιιιειιιιιιξι
1999 2681 2191 2718 voluntatis
2204 2693 2305 2720 meae
2317 2651 2401 2738 1²⁰3

1312 2731 1472 2762 ‘mortem
1503 2735 1618 2762 meam
1649 2725 1723 2761 filio
1747 2736 1826 2763 meo
1849 2727 1944 2762 tradi
1966 2726 2070 2763 volo’.
2125 2737 2207 2764 cum
2236 2729 2400 2775 pluribus

1311 2772 1502 2808 heredibus
1524 2773 1695 2807 intestato
1719 2771 1811 2807 diem
1834 2782 1938 2807 suum
1961 2772 2105 2815 obisset,
2129 2772 2285 2820 intellegi
2299 2775 2399 2812 fidei.

1312 2817 1538 2853 commissum
1560 2815 1634 2852 filio
1657 2816 1821 2852 relictum
1843 2816 2030 2869 respondi:
2062 2827 2135 2853 non
2159 2818 2252 2854 enim
2275 2821 2401 2865 quaeri

1312 2861 2339 2945 33msifflfflsszffiffsstssffffiss‘ffssssqffiwffl
2362 2866 2399 2901 ³¹²

1311 2919 1575 2999 diumqreliquit
1597 2961 1641 2987 ac
1663 2951 1771 2997 petit,
1804 2962 1850 2988 ne
1871 2952 1909 2988 id
1930 2918 2126 2989 affluerent
2148 2957 2259 3000 utque
2281 2920 2398 2991 iiix-23:

1310 2998 1408 3034 milia
1437 2998 1645 3034 libertorum
1675 2997 1881 3033 retinerent.
1936 2998 1966 3033 si
2003 3007 2091 3034 exce
2116 3001 2153 3034 to
2185 3009 2257 3035 uno
2289 3001 2400 3038 ceteri

1311 3047 1433 3089 partes
1457 3053 1542 3079 suas
1565 3040 1798 3085 vendiderint,
1833 3042 1894 3088 qui
1916 3053 1989 3078 non
2011 3052 2077 3078 ven
2102 3042 2168 3078 idit
2199 3048 2400 3082 ceterorum

1311 3093 1445 3134 partes,
1470 3088 1600 3134 quibus
1624 3096 1697 3122 non
1721 3086 1818 3122 dedit
1839 3087 2020 3124 alienandi
2040 3088 2259 3125 voluntatem
2272 3092 2319 3133 ¹¹,
2343 3092 2397 3126 in-

1311 3139 1430 3179 tegras
1463 3136 1579 3179 petet:
1617 3141 1678 3167 eos
1710 3132 1803 3167 enim
1838 3132 1885 3168 ad
1918 3131 2228 3169 fideicommissum
2259 3135 2400 3172 videtur

1309 3179 1489 3230 invitasse,
1502 3177 1563 3223 qui
1578 3175 1708 3229 iudicio
1724 3181 1938 3229 paruerunt:
1963 3178 2120 3230 alioquin
2136 3180 2398 3223 perabsurdum

1310 3227 1378 3259 erit
1400 3224 1477 3259 vice
1492 3227 1616 3258 mutua
1631 3225 1838 3266 petitionem
1853 3222 1985 3264 induci,
2009 3223 2145 3259 scilicet
2165 3229 2205 3259 ut
2220 3226 2266 3261 ab
2282 3226 2397 3262 altero

1311 3272 1448 3314 partem
1472 3267 1663 3303 alienatam
1687 3268 1767 3313 quis
1817 3271 1901 3310 etat,
1926 3278 2007 3303 cum
2030 3273 2169 3313 partem
2193 3280 2295 3306 suam
2311 3271 2397 3307 alie-

1311 3313 1428 3349 nando
1451 3312 1655 3358 perdiderit.
1702 3312 1766 3348 sed
1814 3323 1858 3348 oc
1886 3312 1939 3348 ita
1968 3313 2162 3358 procedere
2191 3319 2331 3360 potest,
2366 3316 2399 3352 si

1310 3358 1444 3404 pariter
1459 3357 1709 3394 alienaverint:
1735 3362 1893 3394 ceterum
1907 3362 2017 3403 prout
2033 3359 2182 3411 quisque
2195 3360 2297 3405 prior
2310 3361 2398 3396 alie-

1311 3402 1640 3484 affixum?
1669 3402 2398 3495 {?⁸‹{?1¹{³⁰1{{‚¹}.”¹³v.¹1l?1}²ffi{⁸&itiuffioiffi

1634 3475 1644 3491 9

1311 3492 2053 3574 Ξῗέἓέἣιῑῗέἱῗῶῗῗέῃῒῖῗέἔέξῗεα
2070 3498 2395 3584 330332‘333031103:

1309 3657 1354 3695 (8)
1380 3655 1413 3686 et
1436 3653 1543 3686 eidem
1563 3653 1653 3687 filiae
1670 3652 1830 3686 libertum
1851 3666 1912 3689 scr.
2064 3657 2110 3695 (⁹)
2141 3656 2304 3698 scriptum
2331 3656 2393 3690 del.

1309 3700 1371 3777 202
1396 3699 1493 3741 quasi
1505 3711 1566 3732 scr.
1607 3699 1797 3742 (inquibus
1810 3708 1881 3731 non
1895 3699 1990 3732 dedit
2002 3698 2174 3733 alienandi
2187 3700 2395 3734 voluntatem
