2528 3918
218 93 343 136 1115

217 215 308 250 citra
331 212 507 258 praetoris
531 211 782 246 auctoritatem
805 211 1034 256 transegerit,
1060 217 1101 246 ut
1123 211 1220 256 quod
1242 220 1306 256 per

217 258 374 303 singulos
398 266 511 292 annos
542 259 620 290 erat
651 255 685 290 ei
714 255 896 299 relictum,
931 260 1209 308 consequeretur
1242 265 1307 301 per

217 303 375 349 singulos
395 301 562 337 menses?
587 303 651 336 aut
670 299 757 345 quid
777 300 819 343 si,
845 300 942 346 quod
961 311 1026 346 per
1037 301 1194 346 singulos
1206 310 1305 336 men-

217 359 274 385 ses
298 348 331 384 ei
352 347 516 382 relictum
537 348 623 387 erat,
650 350 926 391 consequeretur
945 355 1010 391 per
1028 345 1185 390 singulos
1206 345 1307 381 dies?

217 392 302 439 quid
326 391 453 428 deinde
475 390 524 432 si,
557 389 652 435 quod
675 394 918 428 consummato
943 401 1038 426 anno
1069 395 1110 426 ut
1123 392 1133 411 ¹
1165 390 1305 442 accipe-

216 442 282 481 ret,
306 437 406 473 initio
431 436 517 471 anni
541 436 805 481 consequatur?
829 439 866 472 et
887 439 975 480 puto
996 446 1074 470 eam
1088 439 1304 471 transactio-

216 493 296 519 nem
318 482 447 524 valere,
472 480 556 526 quia
573 480 753 516 meliorem
773 480 1018 517 condicionem
1038 491 1140 516 suam
1160 480 1305 515 alimen-

216 528 330 563 tarius
354 527 419 562 tali
441 525 686 561 transactione
709 525 814 561 facit:
847 525 962 561 noluit
986 525 1079 560 enim
1102 525 1216 561 oratio
1241 524 1305 560 ali-

217 576 236 607 7
283 576 404 607 menta
425 582 490 616 per
521 571 802 607 transactionem
831 570 1007 615 intercipi.
1055 570 1154 606 Nihil
1188 573 1307 605 autem

215 618 383 660 interest,
416 620 538 652 utrum
559 616 715 652 libertini
738 616 810 651 sint
833 615 962 665 quibus
986 615 1156 650 alimenta
1178 615 1305 650 relicta

217 665 237 698 8
284 666 369 698 sunt
392 672 441 697 an
462 661 616 707 ingenui,
641 661 728 696 satis
751 661 833 696 locu
859 661 947 695 letes
972 670 1020 695 an
1042 660 1171 696 minus.
1219 659 1308 695 Vult

215 707 322 753 igitur
345 707 460 743 oratio
484 705 581 752 apud
604 709 803 751 praetorem
851 715 870 740 e
891 705 969 740 istis
994 705 1133 750 quaeri:
1165 705 1203 740 in
1232 705 1305 750 pri-

215 753 282 788 mis
307 752 351 788 de
375 762 487 788 causa
509 751 781 793 transactionis,
806 750 888 785 dein
912 749 957 785 de
979 750 1106 792 modo,
1131 750 1237 785 tertio
1263 749 1307 785 de

217 800 237 833 9
310 807 438 833 ersona
459 797 740 841 transigentium.
787 795 830 830 In
854 805 965 830 causa
987 795 1057 831 hoc
1091 795 1159 831 erit
1188 795 1306 840 requi-

215 853 282 878 166
304 853 376 886 616,
400 852 493 888 quae
517 851 628 879 causa
650 840 697 876 sit
719 839 955 885 transigendi:
980 839 1057 875 sine
1081 850 1192 877 causa
1215 840 1308 875 enim

216 888 393 924 neminem
425 887 680 932 transigentem
715 885 837 921 audiet
891 889 1022 920 raetor.
1067 895 1200 921 causae
1231 884 1308 920 fere

216 932 420 970 huiusmodi
443 932 560 968 solent
583 930 745 977 allegari:
780 930 811 966 si
844 940 866 965 a
881 930 928 965 ’bi
951 929 1167 966 domicilium
1190 930 1305 973 heres,

217 978 303 1013 alibi
326 977 570 1013 alimentarius
593 976 743 1011 habeat:
777 978 839 1010 aut
861 975 892 1010 si
915 974 1069 1010 destinet
1093 975 1308 1013 domicilium

216 1022 412 1059 transferre
435 1022 548 1058 alter2
572 1031 713 1057 eorum:
739 1024 803 1056 aut
825 1020 856 1055 si
880 1030 991 1055 causa
1014 1020 1134 1065 aliqua
1157 1024 1308 1066 urgueat

216 1066 745 1149 fgflfftssnssitpssfiuffidaffi
768 1064 1308 1155 &ingnt'ssuffl'ssssen‘isseafflfiffiss

219 1158 252 1194 ei
275 1157 339 1194 sit:
376 1161 441 1193 aut
463 1157 494 1192 si
518 1166 589 1201 qua
612 1155 683 1190 alia
707 1165 819 1191 causa
848 1154 937 1198 fuit,
967 1158 1010 1190 ut
1039 1156 1160 1200 plures
1192 1155 1309 1192 solent

217 1202 391 1245 incidere,
425 1212 516 1247 quae
548 1200 706 1246 praetori
736 1200 912 1241 suadeant
941 1201 1221 1236 transactionem
1244 1200 1307 1235 ad-

220 1251 261 1283 10
308 1248 456 1282 mittere.
505 1245 636 1282 Modus
657 1255 798 1290 quoque
815 1245 1000 1290 pecuniae,
1026 1256 1117 1290 quae
1133 1245 1171 1280 in
1190 1249 1307 1280 trans-

219 1293 397 1328 actionem
419 1292 532 1334 venit,
565 1290 807 1326 aestimandus
833 1294 904 1326 est:
940 1293 982 1325 ut
1011 1294 1100 1335 puta
1124 1290 1305 1335 quantitas

217 1337 482 1373 transactionis.
518 1346 603 1371 nam
627 1335 733 1370 etiam
757 1345 801 1370 ex
818 1334 924 1371 modo
945 1334 1034 1371 fides
1054 1335 1308 1372 transactionis

218 1382 475 1418 aestimabitur.
512 1380 638 1416 modus
651 1384 771 1416 autem
808 1391 848 1416 ro
862 1383 980 1418 aetate
1000 1380 1087 1423 eius,
1109 1381 1170 1425 qui
1189 1383 1307 1416 trans-

217 1427 298 1472 igit,
331 1425 559 1463 arbitrandus
591 1429 646 1461 est
677 1428 713 1460 et
735 1436 756 1460 v
794 1424 958 1460 etudine:
992 1435 1076 1460 nam
1107 1426 1196 1460 alias
1228 1436 1309 1460 cum

218 1482 340 1517 puero,
364 1471 453 1506 alias
478 1481 560 1506 cuin
582 1470 719 1513 iuvene,
744 1470 834 1506 alias
859 1480 941 1505 cum
964 1480 1049 1506 sene
1071 1470 1220 1516 transigi
1269 1480 1307 1504 a-

221 1520 258 1552 11
307 1516 379 1551 lam
391 1520 462 1552 est:
477 1519 621 1551 constat
633 1515 727 1550 enim
738 1515 906 1551 alimenta
919 1526 1000 1550 cum
1010 1514 1084 1551 vita
1095 1515 1201 1550 finiri.
1238 1481 1310 1550 §ed

218 1565 254 1597 et
283 1571 519 1606 personarum
550 1559 801 1604 contemplatio
834 1559 1002 1595 habenda
1034 1563 1106 1603 est,
1141 1559 1211 1595 hoc
1243 1563 1307 1602 est,

218 1606 319 1642 cuius
331 1606 425 1642 vitae
437 1606 508 1641 sint
518 1605 568 1647 hi,
587 1604 715 1650 quibus
728 1605 896 1640 alimenta
915 1604 1042 1640 relicta
1061 1609 1165 1640 sunt:
1190 1608 1310 1640 utrum

216 1651 309 1695 frugi
332 1651 426 1686 vitae
447 1650 486 1690 hi
509 1650 590 1692 sint,
618 1650 679 1694 qui
702 1649 791 1685 alias
814 1648 980 1685 sufficere
1002 1650 1070 1685 sibi
1087 1650 1237 1694 possint,
1262 1660 1309 1684 an

217 1695 400 1741 sequioris,
425 1695 486 1740 qui
509 1694 553 1730 de
575 1695 752 1730 alimentis
774 1693 965 1740 pendeant.
998 1694 1035 1729 in
1055 1705 1211 1739 persona
1223 1694 1308 1737 eius,

218 1751 240 1776 a
264 1751 334 1786 quo
359 1740 529 1776 alimenta
551 1739 678 1774 relicta
702 1743 804 1782 sunt,
838 1739 930 1775 haec
962 1743 1067 1774 erunt
1098 1738 1308 1791 specienda:

216 1786 255 1821 in
278 1785 432 1830 quibus³
456 1788 541 1820 sunt
562 1783 817 1826 facultatibus,
851 1784 952 1819 cuius
975 1784 1170 1828 propositi,
1206 1784 1309 1819 cuius

217 1830 405 1875 opinionis.
441 1832 528 1864 tunc
548 1829 641 1865 enim
653 1829 851 1874 apparebit,
872 1839 958 1863 num
982 1828 1044 1863 uid
1055 1828 1309 1864 circumvenire

219 1877 259 1910 12
306 1875 392 1910 velit
415 1884 511 1916 eum,
546 1884 628 1908 cum
652 1884 721 1919 quo
745 1873 920 1917 transigit.
1000 1873 1038 1908 ui
1069 1874 1234 1918 transigit
1266 1873 1309 1908 de

217 1919 413 1962 alimentis,
446 1929 519 1954 non
542 1918 719 1954 videbitur
741 1928 857 1963 neque
881 1918 926 1953 de
947 1918 1170 1954 habitatione
1193 1928 1309 1970 neque

217 1965 262 2000 (16
284 1964 450 2000 vestiario
471 1963 697 2008 transegisse,
723 1973 804 1998 cum
825 1962 926 1998 divus
939 1962 1086 1998 Marcus
1108 1963 1310 2008 speciahter

219 2012 261 2044 13
309 2009 416 2044 etiam
450 2008 495 2043 de
517 2007 594 2043 istis
617 2007 766 2053 transigi
788 2008 949 2043 voluerit.
998 2007 1070 2043 Sed
1101 2012 1137 2043 et
1168 2008 1199 2043 si
1229 2009 1309 2060 quis

217 2054 262 2089 de
286 2053 462 2092 alimentis
485 2053 714 2097 transegerit,
746 2062 818 2088 606
849 2052 997 2088 1161161111
1026 2063 1172 2088 6666666
1202 2056 1309 2088 etiam

217 2098 263 2140 de
284 2097 507 2134 habitatione
530 2097 584 2133 vel
609 2097 737 2132 ceteris
767 2097 897 2132 invitus
930 2098 1141 2141 transigere:
1176 2098 1310 2143 poterit

217 2144 324 2189 igitur
344 2143 401 2179 vel
424 2142 468 2178 de
491 2142 655 2178 omnibus
680 2142 783 2177 simul
805 2141 861 2176 vel
885 2141 929 2177 de
952 2142 1165 2186 quibusdam
1187 2142 1309 2178 facere

223 2191 264 2224 14
310 2187 599 2224 transactionem.
639 2186 695 2221 De
708 2186 874 2222 calciario
890 2197 959 2231 quo
986 2197 1031 2222 ue
1044 2187 1190 2222 arbitrio
1203 2198 1307 2232 prae-

219 2236 260 2268 15
308 2233 396 2268 toris
419 2231 686 2277 transigendum
710 2234 774 2266 est.
807 2230 846 2266 Si
868 2231 932 2268 uni
949 2243 973 2277 p
988 2232 1155 2269 uribusve
1174 2232 1308 2267 fundus

218 2277 266 2314 ad
289 2277 460 2313 alimenta
482 2276 591 2312 fuerit
613 2276 760 2311 relictus
782 2275 962 2320 velintque
985 2287 1066 2312 eum
1090 2276 1306 2312 distrahere:

217 2332 364 2358 necesse
397 2326 452 2357 est
481 2326 683 2367 praetorem
707 2320 751 2356 de
775 2320 1005 2357 distractione
1030 2321 1105 2357 eius
1131 2325 1166 2356 et
1189 2325 1307 2357 trans-

217 2368 359 2403 actione
378 2366 556 2402 arbitrari.
590 2365 654 2401 sed
676 2365 707 2401 si
729 2365 890 2411 pluribus
913 2365 1047 2402 fundus
1071 2366 1118 2402 ad
1140 2367 1308 2403 alimenta

216 2411 326 2448 fuerit
348 2411 494 2447 relictus
518 2414 554 2447 et
576 2412 614 2446 hi
635 2411 728 2446 inter
751 2420 791 2445 se
813 2410 1030 2456 transigant:
1065 2411 1141 2446 sine
1163 2415 1306 2456 praeto-

216 2457 267 2493 ris
298 2457 514 2493 auctoritate
545 2456 644 2491 facta
666 2454 863 2490 transactio
887 2459 968 2491 rata
991 2466 1069 2492 esse
1092 2466 1166 2497 non
1189 2456 1305 2492 debet.

216 2501 310 2538 idem
334 2506 389 2537 est
412 2505 448 2537 et
470 2501 502 2538 si
524 2511 608 2546 ager
630 2499 739 2536 fuerit
757 2500 795 2535 in
815 2500 984 2536 alimenta
1002 2500 1198 2546 obligatus:
1224 2512 1308 2536 nam

217 2557 284 2627 {²3⁰
306 2547 450 2627 1ξὲἒὲ
458 2542 970 2635 adffltffassiussrissffifflffi
1010 2546 1308 2626 gratati-³²

217 2636 346 2675 mentis
365 2636 419 2671 vel
434 2636 476 2673 de
488 2640 591 2682 parte
603 2645 725 2671 eorum
744 2635 894 2680 transigi
913 2639 1077 2681 oportere
1098 2636 1179 2681 plus
1201 2646 1307 2681 quam

221 2684 260 2716 17
308 2680 535 2716 manifestum
571 2684 635 2716 est.
683 2679 722 2715 Si
751 2683 896 2725 praetor
919 2679 1037 2722 aditus
1063 2680 1153 2716 citra
1177 2691 1307 2716 causae

219 2725 455 2770 cognitionem
474 2725 622 2770 transigi
641 2724 852 2770 permiserit,
876 2725 1072 2761 transactio
1092 2725 1223 2762 nullius
1242 2726 1308 2761 erit

219 2770 406 2805 momenti:
439 2770 595 2815 praetori
627 2769 720 2805 enim
743 2779 786 2806 ea
807 2780 866 2805 res
890 2770 1096 2815 quaerenda
1120 2771 1307 2807 commissa

220 2818 284 2857 est,
309 2825 382 2850 non
404 2814 619 2860 neglegenda
642 2824 709 2850 nec
733 2813 910 2850 donanda.
947 2814 1010 2851 sed
1043 2818 1079 2850 et
1113 2815 1144 2851 si
1166 2826 1239 2851 non
1264 2815 1307 2851 de

219 2859 383 2897 omnibus
405 2859 622 2905 inquisierit,
647 2869 740 2905 quae
763 2859 877 2895 oratio
901 2860 1066 2902 mandat,
1090 2860 1160 2896 1106
1185 2864 1240 2897 661
1263 2860 1307 2896 (16

220 2914 332 2940 causa
355 2904 399 2939 de
422 2904 526 2940 modo
551 2905 595 2940 de
644 2904 779 2940 ersonis
801 2904 1090 2950 transigentium,
1116 2905 1306 2942 dicendum

219 2953 284 2990 est,
309 2949 467 2994 quamvis
491 2949 535 2984 de
559 2949 619 2995 qui
644 2948 771 2986 usdam
794 2950 1003 2994 quaesierit,
1027 2950 1306 2986 transactionem

222 2996 263 3030 18
311 3004 390 3029 esse
419 2993 566 3030 irritam.
614 2993 685 3030 Sed
715 3004 782 3029 nec
817 2994 987 3030 mandare
1018 3005 1062 3030 ex
1093 2994 1163 3030 hac
1196 3005 1306 3031 causa

219 3038 498 3074 iurisdictionem
521 3039 575 3074 vel
598 3048 742 3084 praeses
765 3039 969 3090 provinciae
991 3040 1046 3075 vel
1069 3043 1213 3085 praetor
1239 3051 1304 3085 po-

222 3085 264 3118 19
294 3083 387 3119 terit.
433 3082 709 3119 Transactiones
730 3083 975 3120 alimentorum
995 3084 1101 3120 etiam
1113 3084 1210 3129 apud
1246 3096 1303 3120 ro-

220 3132 421 3164 curatorem
445 3127 606 3164 Caesaris
629 3128 707 3164 fieri
756 3132 899 3164 ossunt:
932 3129 1068 3169 scilicet
1098 3129 1128 3165 si
1161 3139 1183 3164 a

219 3177 390 3218 petantur
410 3172 602 3224 alimenta.-
622 3139 817 3224 secunfium
837 3184 930 3225 quae
948 3178 983 3210 et
994 3174 1092 3220 apud
1127 3173 1304 3210 raefectos

220 3220 264 3254 20
311 3227 442 3269 aerarii
458 3218 604 3262 transigi
622 3221 764 3263 poterit.
813 3217 851 3254 Si
875 3229 956 3254 cum
978 3218 1022 3255 lis
1046 3219 1106 3270 qui
1132 3229 1187 3257 em
1211 3222 1305 3257 esset

221 3261 266 3298 de
286 3262 473 3303 alimentis,
494 3265 714 3297 transactum
734 3265 852 3298 autem
872 3263 916 3299 de
934 3263 998 3299 lite
1016 3262 1161 3299 fuisset:
1186 3267 1303 3299 trans-

221 3307 315 3343 actio
338 3306 456 3342 valere
478 3305 681 3342 inconsulto
705 3310 870 3358 praetore
893 3318 965 3343 non
988 3311 1125 3353 potest,
1158 3318 1204 3344 ne
1235 3308 1303 3344 cir-

222 3351 466 3387 cumveniatur
477 3351 603 3386 oratio.
636 3350 721 3396 fingi
735 3351 826 3386 enim
838 3353 917 3388 lites
930 3356 1110 3397 poterunt,
1134 3356 1303 3388 11111666-

222 3399 261 3431 21
312 3395 405 3432 actio
430 3395 537 3431 etiam
561 3395 651 3430 citra
673 3395 848 3440 praetoris
872 3396 935 3432 fiat
958 3397 1217 3433 auctoritatem.
1266 3397 1303 3432 Si

1242 3140 1303 3165 SCO

224 3510 265 3550 (1)
291 3511 330 3540 ut
342 3508 403 3542 del.
417 3508 491 3543 add.
571 3508 614 3549 (2)
639 3507 801 3541 alteruter
813 3507 843 3542 S

223 3551 260 3593 S,
272 3552 486 3595 inspicienda
498 3552 536 3586 in
548 3551 672 3596 quibus
682 3565 747 3587 scr.

222 3596 282 3639 F¹,
298 3597 333 3630 in
348 3597 383 3629 id
397 3607 462 3639 quo
474 3596 529 3631 Γ,

223 3642 264 3682 (7)
289 3642 473 3677 transactio
495 3642 558 3678 dcl.

223 3686 304 3726 loco,
316 3688 372 3720 ubi
383 3687 463 3720 llaec
476 3689 659 3730 afferuntur
670 3686 792 3721 Latine

918 3510 960 3550 (8)
985 3509 1169 3552 spectanda
1181 3508 1304 3552 quibus

848 3553 890 3595 (4)
915 3553 951 3585 in
965 3553 1054 3597 qnod
1066 3553 1104 3597 S,
1114 3554 1151 3588 in
1164 3554 1200 3586 in
1215 3553 1304 3598 qnod

643 3598 685 3640 (5)
710 3597 918 3642 repetionem
930 3597 965 3631 F
1073 3598 1117 3641 (8)
1141 3593 1310 3633 relictuF

879 3687 924 3728 (⁹)
949 3686 1111 3719 fallioiam
1124 3698 1152 3721 c.
1166 3687 1303 3730 ignom

1310 86 1370 133 34

683 3642 727 3684 (8)
751 3643 800 3676 sic
819 3642 855 3677 F
872 3654 941 3677 omn
961 3642 1007 3684 B,
1030 3642 1076 3676 sit
1096 3642 1127 3677 S
1145 3643 1223 3677 etB
1237 3643 1303 3676 alio
1372 3641 1586 3685 interposuit,
1608 3640 1648 3678 de

1375 210 1489 246 eidem
1520 211 1688 246 alimenta
1722 217 1757 247 et
1790 218 1976 257 praeterea
2009 212 2162 264 legatum
2193 212 2376 257 praesenti
2406 213 2463 250 die

1376 254 1501 290 datum
1519 255 1576 299 sit,
1601 259 1639 292 et
1659 259 1883 292 transactum
1905 255 2014 292 fuerit
2034 260 2124 293 citra
2137 256 2316 309 praetoris
2335 260 2461 295 aucto*

1374 300 1537 336 ritatem:
1569 299 1607 335 id
1629 300 1725 346 quod
1749 301 1872 337 datum
1896 304 1952 337 est
1973 301 2208 347 imputabitur
2229 301 2329 347 prius
2351 302 2390 338 in
2411 303 2462 345 le-

1376 349 1500 389 garum
1525 344 1622 391 quod
1644 347 1825 398 praesenti
1848 345 1905 382 die
1929 346 2052 382 datum
2076 349 2149 390 est,
2179 346 2403 392 superfluum
2424 347 2463 390 iii

1375 392 1418 424 22
1465 390 1724 429 alimentariam
1736 401 1892 427 causam.
1929 390 1967 427 Si
1986 392 2064 437 quis
2085 391 2128 426 de
2148 391 2323 427 alimentis
2343 395 2460 436 trans-

1375 435 1484 486 egerit
1506 435 1583 471 sine
1605 437 1779 481 praetoris
1804 436 2038 480 auctoritate,
2072 436 2108 471 id
2141 435 2237 481 quod
2261 435 2385 472 datum
2409 441 2463 473 est

1377 490 1415 514 in
1437 480 1633 525 praeterita
1654 480 1823 517 alimenta
1846 481 1958 517 cedet.
2004 492 2070 517 nec
2093 481 2242 516 interest
2263 484 2404 517 tantum
2426 481 2463 527 in

1375 524 1576 569 quantitate
1599 525 1645 561 sit
1669 524 1800 570 debita,
1825 530 1998 578 quantum
2022 525 2145 561 datum
2168 530 2241 570 est,
2266 536 2314 561 an
2374 526 2382 534 '
2423 568 2425 570 ,

1375 580 1423 605 an
1445 570 1544 615 plus:
1578 580 1662 606 nam
1685 574 1721 606 et
1744 571 1775 607 si
1797 582 1913 608 minus
1937 571 2001 614 sit,
2025 571 2143 606 adhuc
2165 575 2286 606 tamen
2308 570 2346 607 id
2369 582 2418 617 66

1374 615 1413 649 in
1436 615 1592 650 solutum
1615 615 1739 651 datum
1763 620 1818 652 661
1839 617 1877 651 in
1900 616 2094 661 praeterita
2117 616 2286 651 alimenta
2308 616 2461 662 imputas

1374 660 1482 696 bitur.
1516 670 1603 695 sane
1626 660 1657 697 si
1678 661 1722 703 is,
1746 662 1808 707 qui
1831 661 1875 696 de
1899 661 2074 696 alimentis
2098 661 2281 706 transegit,
2305 661 2462 706 locuple-

1374 704 1445 740 tior
1467 704 1586 756 factus
1610 705 1672 757 sit·
1688 716 1731 758 ea
1764 706 1961 758 solutione:
1994 706 2031 741 in
2055 705 2175 757 quod⁴
2198 705 2318 758 factus
2342 706 2389 741 sit
2410 705 2462 772 16-

1375 749 1822 846 ΞὲΡῙίἓὲἓὲῑῖἓἨὲἓὲῗῖἳ
1834 754 1958 831 ἓῖἒὲἐὲ
1974 750 2467 847 ἓὲἓῃὲἦέἑεῗῗὲἓᾨξίἓὲῗεί

1374 850 1411 874 16
1435 849 1549 875 66606
1573 840 1730 885 singulos
1755 844 1854 876 certa
1878 841 2060 886 quantitas
2084 840 2191 875 alicui
2212 839 2322 875 fuerit
2340 839 2466 876 relicta

1962 103 2023 134 ns
2051 0 2528 167 16166101101111166ἓ

1376 884 1512 920 11061161
1542 885 1756 922 honestioris
1787 886 1859 921 loci
1889 885 1999 921 veluti
2030 885 2199 921 salarium
2231 895 2388 920 annuum
2410 885 2465 920 vel
2515 912 2528 934 3

1375 940 1463 965 usus
1485 929 1637 974 fructus,
1660 931 1856 967 transactio
1882 934 1917 966 et
1940 930 2016 966 sine
2037 933 2204 976 praetore
2221 929 2298 965 fieri
2316 929 2464 975 poterit:

1376 978 1534 1011 ceterum
1565 975 1596 1011 si
1630 986 1717 1012 usus
1750 975 1889 1012 fructus
1920 975 2081 1011 modicus
2111 975 2359 1011 alimentorum
2389 974 2466 1012 vice
2523 979 2528 1014 ,⁵

1376 1020 1423 1055 sit
1444 1019 1589 1055 relictus
1599 1021 1624 1063 ⁶,
1650 1020 1728 1056 dico
1752 1020 2030 1056 transactionem
2054 1020 2144 1056 citra
2164 1023 2366 1072 praetorem
2389 1018 2464 1056 fac-

1376 1067 1420 1100 24
1466 1068 1541 1100 tam
1565 1065 1695 1101 nullius
1720 1076 1798 1101 esse
1819 1065 1998 1101 momenti.
2046 1064 2085 1100 Si
2116 1076 2175 1101 cui
2204 1075 2278 1100 non
2300 1075 2464 1100 nummus

1376 1109 1423 1144 ad
1455 1109 1641 1153 alimenta,
1676 1109 1739 1146 sed
1761 1110 1979 1146 frumentum
2002 1113 2110 1156 atque
2133 1110 2250 1145 oleum
2275 1113 2311 1145 et
2335 1113 2464 1152 cetera,

1376 1165 1468 1199 quae
1492 1154 1539 1190 ad
1561 1155 1695 1191 victum
1717 1155 1920 1192 necessaria
1942 1158 2037 1198 sunt,
2060 1155 2195 1193 fuerint
2217 1154 2361 1190 relicta:
2393 1165 2464 1190 non
2522 1170 2528 1172 *⁷

1375 1200 1509 1244 poterit
1532 1199 1576 1236 de
1598 1200 1654 1236 his
1677 1201 1893 1246 transigere,
1926 1200 1999 1236 sive
2029 1210 2150 1235 annua
2181 1200 2255 1236 sive
2284 1203 2466 1236 menstrua
2525 1197 2528 1203 '

1377 1244 1409 1279 ei
1432 1245 1690 1291 relinquantur.
1727 1246 1759 1281 si
1781 1249 1902 1280 tamen
1923 1245 1976 1280 ita
1999 1245 2075 1280 sine
2097 1247 2262 1290 praetore
2283 1248 2463 1289 transege-

1376 1290 1432 1332 rit,
1457 1294 1499 1325 ut
1520 1290 1559 1325 in
1581 1290 1693 1325 vicem
1716 1300 1839 1326 eorum
1862 1301 2044 1325 nummum
2067 1289 2257 1336 quotannis
2281 1289 2336 1325 vel
2359 1293 2462 1334 quot-

1376 1335 1558 1370 mensibus
1582 1335 1760 1381 acciperet
1784 1339 1819 1370 61
1841 1345 1955 1380 neque
1975 1335 2068 1370 diem
2086 1345 2201 1380 neque
2221 1334 2366 1370 modum
2384 1345 2463 1380 per-

1376 1380 1535 1422 mutavit,
1561 1380 1623 1415 sed
1646 1383 1786 1415 tantum
1808 1390 1937 1425 genus:
1971 1380 2029 1415 vel
2052 1390 2097 1416 ex
2120 1379 2300 1415 contrario
2325 1379 2357 1414 si
2379 1389 2463 1425 pac·
2517 1383 2520 1386 ⁴

1376 1428 1436 1460 tus
1459 1424 1580 1468 fuerit,
1615 1430 1656 1460 ut
1677 1420 1715 1460 in
1736 1425 1924 1470 generibus
1948 1424 2117 1460 alimenta
2140 1424 2339 1470 acciperet,
2375 1433 2466 1470 quae

1376 1470 1413 1504 in
1436 1470 1588 1506 nummis
1613 1471 1645 1505 ei
1667 1470 1793 1505 relicta
1815 1469 1984 1506 fuissent:
2016 1468 2072 1506 vel
2102 1470 2133 1505 si
2155 1470 2275 1505 vinum
2298 1479 2363 1515 pro
2388 1468 2465 1505 oleo

1376 1515 1430 1549 vel
1454 1514 1570 1550 oleum
1593 1526 1658 1560 pro
1682 1515 1763 1551 vino
1796 1515 1853 1551 vel
1883 1515 1969 1560 quid
2001 1514 2099 1550 aliud
2130 1514 2378 1550 commutavit:
2411 1513 2466 1549 vel

1376 1560 1495 1594 locum
1518 1560 1751 1612 permutavit,
1776 1564 1816 1595 ut
1840 1571 1932 1605 quae
1956 1563 2059 1595 erant
2083 1559 2115 1612 ei
2137 1559 2274 1594 Romae
2299 1559 2466 1594 alimenta
2517 1554 2528 1572 ³⁴

1376 1604 1520 1646 relicta,
1555 1616 1594 1640 in
1623 1605 1814 1650 municipio
1848 1605 1903 1640 vel
1934 1605 1972 1639 in
2003 1605 2186 1649 provincia
2209 1604 2388 1649 acciperet
2411 1603 2466 1638 vel

1378 1653 1521 1684 contra:
1553 1650 1608 1685 vel
1631 1660 1821 1694 personam
1846 1649 2094 1692 commutavit,
2127 1652 2169 1684 61
2191 1649 2287 1694 quod
2310 1658 2333 1683 a
2354 1649 2464 1693 pluri-

1377 1694 1444 1729 bus
1470 1698 1547 1729 erat
1566 1698 1791 1740 accepturus,
1817 1695 1862 1729 ab
1884 1705 1956 1730 uno
1977 1694 2173 1739 acciperet:
2198 1693 2253 1729 vel
2274 1693 2381 1728 alium
2400 1703 2464 1738 pro

1378 1739 1447 1774 alio
1473 1738 1669 1774 debitorem
1692 1740 1888 1784 acceperit:
1912 1740 2001 1774 haec
2026 1739 2144 1774 omnia
2166 1738 2302 1773 habent
2326 1738 2463 1782 discep-

1376 1784 1548 1819 tationem
1577 1784 1753 1829 praetoris
1785 1788 1820 1819 et
1875 1794 1914 1819 ro
1947 1784 2100 1819 utilitate
2130 1783 2342 1818 alimentarii
2374 1782 2464 1818 reci-

1378 1831 1420 1863 25
1468 1828 1600 1873 pienda
1612 1832 1706 1864 sunt.
1755 1828 1794 1864 Si
1816 1839 1838 1864 a
1884 1828 2142 1864 habitationem
2166 1832 2264 1864 certa
2284 1827 2465 1873 quantitas

1377 1873 1424 1908 sit
1447 1883 1569 1908 annua
1591 1874 1716 1910 relicta
1740 1877 1776 1909 et
1797 1874 1849 1909 ita
1873 1874 1920 1909 sit
1941 1877 2164 1909 transactum
2188 1873 2264 1909 sine
2286 1876 2464 1918 praetore,

1376 1922 1418 1953 ut
1440 1918 1615 1956 habitatio
1639 1922 1851 1964 praestetur,
1875 1918 1971 1954 valet
1989 1919 2196 1961 transactio,
2221 1917 2305 1963 quia
2326 1917 2463 1953 fructus

1377 1962 1607 2000 habitationis
1618 1967 1834 2009 praestatur,
1857 1963 1942 2000 licet
1964 1963 2090 1999 ruinae
2112 1964 2166 1999 vel
2190 1962 2356 1999 incendio
2381 1962 2463 1998 sub-

1377 2008 1471 2043 iecta
1501 2009 1723 2044 transactio⁷
1747 2012 1810 2044 est.
1855 2019 1919 2054 per
1943 2008 2160 2044 contrarium
2183 2018 2325 2054 quoque
2348 2007 2378 2044 si
2400 2017 2460 2053 pre

1377 2053 1610 2096 habitatione,
1635 2064 1727 2098 quae
1747 2057 1825 2089 erat
1843 2053 1979 2096 relicta,
2003 2053 2179 2099 placuerit
2199 2057 2331 2092 certam
2353 2063 2464 2098 quan-

1377 2098 1516 2133 titatem
1546 2099 1743 2143 praestari,
1775 2099 1970 2134 transactio
2000 2102 2081 2134 rata
2113 2102 2167 2134 est
2190 2102 2226 2134 et
2250 2098 2340 2134 citra
2362 2107 2464 2142 prae-

1378 2146 1503 2178 torem.

1423 2185 1448 2224 9
1472 2187 1581 2222 loru
1599 2187 1691 2223 libro
1707 2189 1832 2234 primo
1858 2188 2068 2234 opinionum
2114 2187 2182 2232 Qui
2195 2198 2276 2222 cum
2287 2187 2464 2224 tutoribus

1376 2232 1450 2267 suis
1475 2231 1519 2267 de
1542 2232 1619 2267 sola
1642 2233 1807 2277 portione
1830 2232 2097 2270 administratae
2118 2232 2252 2267 tutelae
2275 2242 2362 2268 suae
2387 2242 2464 2276 ege-

1375 2280 1433 2311 rat
1457 2280 1492 2312 et
1515 2280 1748 2322 transegerat,
1773 2277 1943 2313 adversus
1967 2277 2109 2313 eosdem
2139 2280 2277 2312 tutores
2310 2287 2354 2312 ex
2384 2286 2463 2322 per-

1377 2332 1467 2357 sona
1490 2321 1612 2357 fratris
1636 2321 1702 2364 sui,
1729 2322 1786 2357 cui
1809 2322 1912 2357 heres
1936 2322 2113 2364 extiterat,
2138 2331 2245 2366 agens
2263 2321 2463 2366 praescrip-

1376 2369 1394 2400 >1
1443 2366 1540 2402 tione
1551 2365 1670 2402 factae
1682 2366 1933 2402 transactionis
1946 2377 2019 2401 non
2030 2371 2281 2402 summovetur.
2330 2365 2463 2401 Trans-

1377 2411 1471 2446 actio
1482 2421 1726 2456 quaecumque
1746 2411 1787 2446 fit
1798 2412 1822 2454 ⁸,
1847 2410 1891 2447 de
1909 2411 1965 2446 his
1985 2414 2134 2454 tantum,
2160 2411 2203 2446 (16
2223 2410 2352 2456 6611166
2371 2411 2464 2446 16161·

1377 2458 1396 2490 2
1444 2456 1693 2492 convenientes
1737 2456 1859 2499 lacuit,
1877 2456 2088 2501 interposita
2109 2455 2273 2491 creditur.
2311 2455 2379 2500 Qui
2399 2465 2464 2501 per

1374 2500 1556 2536 fallaciam
1580 2501 1709 2536 cohere
1737 2501 1744 2508 ’
1788 2501 1955 2546 ignorans
1978 2501 2144 2538 universa
2153 2501 2178 2544 ⁹,
2204 2511 2296 2546 quae
2319 2501 2357 2535 in
2379 2510 2462 2536 vero

1376 2549 1489 2588 erant,
1513 2546 1788 2582 instrumentum
1810 2546 2064 2582 transactionis
2088 2546 2164 2582 sine
2185 2545 2377 2592 Aquiliana
2400 2545 2462 2580 sti-

1374 2590 1558 2635 pulatione
1580 2590 1803 2637 interposuit,
1828 2602 1900 2626 non
1923 2594 1997 2627 tam
2018 2590 2213 2637 paciscitur
2237 2601 2343 2636 quam
2367 2590 2462 2625 deci-

1375 2639 1394 2671 3
1442 2635 1549 2680 pitur.
1596 2635 1643 2671 Ei
1675 2636 1753 2682 661,
1787 2636 1946 2672 nondum
1978 2639 2097 2672 certus
2128 2634 2175 2671 ad
2206 2646 2244 2671 se
2268 2635 2462 2688 querellam

1375 2684 1501 2716 contra
1524 2681 1637 2726 patris
1660 2684 1913 2717 testamentum
1934 2680 2131 2726 pertinere,
2164 2679 2208 2716 (16
2241 2680 2319 2715 aliis
2344 2679 2462 2715 causis

1375 2736 1456 2761 cum
1480 2725 1690 2761 adversariis
1714 2730 1820 2772 pacto
1845 2726 2027 2771 transegit,
2050 2728 2191 2760 tantum
2212 2726 2250 2760 in
2273 2725 2329 2761 his
2351 2725 2460 2760 inter-

1374 2766 1529 2815 positum
1552 2774 1699 2816 pactum
1723 2771 1886 2813 nocebit,
1923 2770 1966 2805 de
1989 2770 2117 2816 quibus
2140 2770 2233 2805 inter
2257 2779 2318 2806 eos
2342 2774 2461 2805 actum
2496 2792 2499 2793 ν

1375 2825 1453 2867 esse
1474 2815 1668 2868 probatur..
1696 2816 1752 2853 his
1774 2818 1914 2851 tantum
1937 2815 2132 2860 transactio
2157 2815 2276 2859 obest,
2302 2814 2461 2860 quamvis

1374 2870 1487 2895 maior
1510 2870 1613 2897 annis
1636 2871 1670 2895 vi

1373 2905 1441 2941 bus
1465 2908 1585 2942 actum
1607 2915 1672 2950 pro
1699 2908 1791 2941 atur.
1828 2915 1912 2940 nam
1936 2914 1988 2948 ea,
2014 2915 2164 2950 quorum
2183 2903 2341 2940 actiones
2363 2915 2459 2939 com-

1373 2953 1495 2995 petere
1518 2950 1551 2986 ei
1572 2953 1702 2996 postea
1725 2952 1936 2995 conpertum
1960 2953 2034 2992 est,
2065 2948 2226 2995 iniquum
2250 2952 2304 2985 est
2326 2948 2460 2995 peremi

1372 2997 1493 3040 pacto.
1529 2994 1566 3034 id
1590 2993 1635 3030 de
1658 3004 1728 3040 quo
1753 2994 1947 3047 cogitatum
1970 3005 2043 3030 non
2066 2993 2215 3033 docetur
2227 2995 2266 3029 ¹⁰.

1422 3038 1472 3077 10
1495 3038 1605 3079 low
1618 3038 1710 3075 libro
1723 3050 1847 3086 primo
1865 3050 2120 3086 responsorum
2164 3038 2220 3074 De
2238 3048 2278 3074 re
2295 3038 2458 3081 filiorum,
2496 3039 2497 3042 ’
2524 3071 2528 3075 .

1373 3094 1462 3129 quos
1485 3084 1523 3119 in
1545 3087 1726 3129 potestate
1755 3094 1828 3120 non
1858 3083 2004 3128 habuit,
2036 3080 2290 3129 transigentem
2321 3086 2457 3129 patrem

1372 3127 1514 3164 minime
1538 3127 1589 3165 eis
1613 3128 1739 3165 obesse
1761 3129 1892 3175 placet.

1420 3171 1467 3210 11
1495 3172 1605 3209 IDEM
1623 3173 1714 3209 libro
1739 3177 1871 3220 quarto
1895 3172 1945 3209 ad
1966 3172 2118 3209 edictum
2163 3172 2253 3208 Post
2271 3183 2345 3208 rem
2365 3172 2456 3207 iudi·

1730 2860 1758 2896 ti
1781 2860 1935 2906 quinque
1959 2870 2037 2905 eam
2059 2859 2290 2905 interposuit,
2316 2859 2359 2894 de
2383 2859 2460 2905 qui-
2523 2863 2525 2865 ’

2502 2410 2528 2526 ’ὐφξςνιὲᾳς
2507 2395 2519 2400 ι’
2504 2352 2523 2386 ⁴⁶6

2503 2698 2528 2738 ’,ἓ

2495 2855 2517 2987 Ξ

2496 2994 2516 3035 ,ἕέ

1372 3221 1490 3254 661616
1521 3217 1658 3253 61161661
1689 3218 1895 3263 provocatio
1927 3227 1999 3253 non
2023 3220 2077 3253 est
2094 3217 2314 3262 interposita,
2338 3221 2458 3262 tamen
2496 3220 2528 3259 ²:41

1371 3262 1402 3298 si
1424 3266 1573 3307 negetur
1595 3262 1792 3298 iudicatum
1815 3273 1894 3299 esse
1915 3262 1970 3298 vel
1989 3261 2143 3307 ignorari
2162 3265 2281 3306 potest
2300 3272 2346 3296 an
2365 3261 2456 3297 iudi·

1372 3311 1492 3342 catum
1515 3307 1579 3342 sit:
1613 3307 1697 3352 quia
1719 3307 1837 3343 adhuc
1859 3307 1903 3343 lis
1926 3307 2074 3343 subesse
2095 3306 2228 3351 possit,
2261 3306 2455 3342 transactio

1370 3351 1448 3387 fieri
1470 3355 1599 3397 potest.

1421 3394 1471 3433 12
1498 3395 1643 3432 Cusas
1662 3396 1754 3432 libro
1778 3397 1882 3432 tertio
1900 3395 2121 3441 digestorum
2166 3394 2249 3430 Non
2268 3398 2322 3430 est
2341 3394 2459 3430 feren·
2498 3375 2507 3420 5³

1373 3510 1531 3540 untversa
1542 3508 1578 3541 F

1662 3508 1723 3550 (lo)
1748 3507 1828 3541 haec
1839 3507 1971 3551 tiu-bata
1984 3507 2299 3550 interpretationibus
2313 3507 2459 3550 antiquis
2500 3526 2504 3531 =

1373 3552 1456 3586 male
1476 3553 1560 3587 inter
1581 3551 1681 3593 verbo
1700 3550 1837 3596 recept&
1855 3551 1904 3584 sic
1924 3548 1999 3586 olim
2010 3553 2171 3595 suerunt:
2189 3553 2322 3595 tantuin
2342 3551 2377 3583 in
2398 3550 2453 3584 hi·
2495 3573 2509 3580 -

1372 3597 1556 3630 transactio
1569 3596 1675 3637 obest,
1689 3592 1840 3639 quamvis
1852 3595 1960 3628 maior
1971 3595 2094 3638 viginti
2109 3596 2258 3648 quinque
2272 3595 2370 3628 annis
2381 3605 2452 3628 eam
2497 3619 2503 3626 .

1669 3635 1792 3718 suibus
1803 3636 1915 3672 actum
1928 3639 2108 3683 probatur:
2130 3651 2207 3673 nam
2227 3640 2382 3682 iniquum
2403 3641 2454 3673 est

1371 3685 1499 3729 peremi
1507 3689 1607 3731 pacto
1619 3685 1656 3727 id
1691 3695 1709 3719 6
1722 3695 1788 3729 660
1801 3684 1985 3728 cogitatum
1998 3696 2066 3718 non
2079 3685 2226 3718 docetur.
