<?xml version="1.0" encoding="UTF-8"?>
<!DOCTYPE html PUBLIC "-//W3C//DTD XHTML 1.0 Transitional//EN"
    "http://www.w3.org/TR/xhtml1/DTD/xhtml1-transitional.dtd">
<html xmlns="http://www.w3.org/1999/xhtml" xml:lang="en" lang="en">
 <head>
  <title>
</title>
<meta http-equiv="Content-Type" content="text/html;charset=utf-8" />
  <meta name='ocr-system' content='tesseract 3.04.00' />
  <meta name='ocr-capabilities' content='ocr_page ocr_carea ocr_par ocr_line ocrx_word'/>
</head>
<body>
  <div class='ocr_page' id='page_1' title='image "./corpusjuriscivil01krueuoft_0769.png"; bbox 0 0 2528 3918; ppageno 0'>
   <div class='ocr_carea' id='block_1_1' title="bbox 0 2211 27 3918">
    <p class='ocr_par' dir='ltr' id='par_1_1' title="bbox 0 2211 27 3918">
     <span class='ocr_line' id='line_1_1' title="bbox 0 2211 27 3918; baseline 0 0"><span class='ocrx_word' id='word_1_1' title='bbox 0 2211 27 3918; x_wconf 95' lang='lat' dir='ltr'> </span> 
     </span>
    </p>
   </div>
   <div class='ocr_carea' id='block_1_2' title="bbox 132 126 711 158">
    <p class='ocr_par' dir='ltr' id='par_1_2' title="bbox 132 126 711 158">
     <span class='ocr_line' id='line_1_2' title="bbox 132 126 711 158; baseline 0 -1"><span class='ocrx_word' id='word_1_2' title='bbox 132 126 385 157; x_wconf 75' lang='lat' dir='ltr'>AMiT&#39;rENDA</span> <span class='ocrx_word' id='word_1_3' title='bbox 421 127 711 158; x_wconf 71' lang='lat' dir='ltr'>POSSESSIONE</span> 
     </span>
    </p>
   </div>
   <div class='ocr_carea' id='block_1_3' title="bbox 131 237 1217 422">
    <p class='ocr_par' dir='ltr' id='par_1_3' title="bbox 131 237 1217 422">
     <span class='ocr_line' id='line_1_3' title="bbox 132 237 1215 282; baseline -0.006 -5"><span class='ocrx_word' id='word_1_4' title='bbox 132 242 212 277; x_wconf 88' lang='lat' dir='ltr'>dam</span> <span class='ocrx_word' id='word_1_5' title='bbox 246 250 346 282; x_wconf 87' lang='lat' dir='ltr'>eum,</span> <span class='ocrx_word' id='word_1_6' title='bbox 384 242 424 274; x_wconf 89' lang='lat' dir='ltr'>tu</span> <span class='ocrx_word' id='word_1_7' title='bbox 454 242 572 274; x_wconf 81' lang='lat' dir='ltr'>autem</span> <span class='ocrx_word' id='word_1_8' title='bbox 609 240 762 273; x_wconf 83' lang='lat' dir='ltr'>nanctus</span> <span class='ocrx_word' id='word_1_9' title='bbox 792 237 904 272; x_wconf 84' lang='lat' dir='ltr'>fueris</span> <span class='ocrx_word' id='word_1_10' title='bbox 942 237 1215 282; x_wconf 87' lang='lat' dir='ltr'>possessionem,</span> 
     </span>
     <span class='ocr_line' id='line_1_4' title="bbox 132 283 1215 332; baseline -0.005 -11"><span class='ocrx_word' id='word_1_11' title='bbox 132 286 264 332; x_wconf 90' lang='lat' dir='ltr'>praedo</span> <span class='ocrx_word' id='word_1_12' title='bbox 288 286 366 320; x_wconf 89' lang='lat' dir='ltr'>es¹:</span> <span class='ocrx_word' id='word_1_13' title='bbox 406 294 518 329; x_wconf 89' lang='lat' dir='ltr'>aeque</span> <span class='ocrx_word' id='word_1_14' title='bbox 549 283 580 319; x_wconf 89' lang='lat' dir='ltr'>si</span> <span class='ocrx_word' id='word_1_15' title='bbox 611 283 802 319; x_wconf 81' lang='lat' dir='ltr'><strong>vendidero</strong></span> <span class='ocrx_word' id='word_1_16' title='bbox 834 293 900 317; x_wconf 89' lang='lat' dir='ltr'>nec</span> <span class='ocrx_word' id='word_1_17' title='bbox 926 283 1105 318; x_wconf 82' lang='lat' dir='ltr'>tradidero</span> <span class='ocrx_word' id='word_1_18' title='bbox 1131 293 1215 324; x_wconf 86' lang='lat' dir='ltr'>rem,</span> 
     </span>
     <span class='ocr_line' id='line_1_5' title="bbox 132 328 1217 373; baseline -0.005 -6"><span class='ocrx_word' id='word_1_19' title='bbox 132 332 160 368; x_wconf 84' lang='lat' dir='ltr'>si</span> <span class='ocrx_word' id='word_1_20' title='bbox 184 341 255 366; x_wconf 92' lang='lat' dir='ltr'>non</span> <span class='ocrx_word' id='word_1_21' title='bbox 279 330 463 365; x_wconf 88' lang='lat' dir='ltr'>voluntate</span> <span class='ocrx_word' id='word_1_22' title='bbox 486 339 565 364; x_wconf 88' lang='lat' dir='ltr'>mea</span> <span class='ocrx_word' id='word_1_23' title='bbox 588 332 742 364; x_wconf 87' lang='lat' dir='ltr'>nanctus</span> <span class='ocrx_word' id='word_1_24' title='bbox 766 328 815 364; x_wconf 89' lang='lat' dir='ltr'>sis</span> <span class='ocrx_word' id='word_1_25' title='bbox 839 329 1120 373; x_wconf 87' lang='lat' dir='ltr'>possessionem,</span> <span class='ocrx_word' id='word_1_26' title='bbox 1144 339 1217 362; x_wconf 93' lang='lat' dir='ltr'>non</span> 
     </span>
     <span class='ocr_line' id='line_1_6' title="bbox 131 373 892 422; baseline -0.005 -11"><span class='ocrx_word' id='word_1_27' title='bbox 131 387 194 422; x_wconf 90' lang='lat' dir='ltr'>pro</span> <span class='ocrx_word' id='word_1_28' title='bbox 219 379 378 420; x_wconf 83' lang='lat' dir='ltr'>emptore</span> <span class='ocrx_word' id='word_1_29' title='bbox 401 374 574 420; x_wconf 85' lang='lat' dir='ltr'>possides,</span> <span class='ocrx_word' id='word_1_30' title='bbox 598 373 662 409; x_wconf 89' lang='lat' dir='ltr'>sed</span> <span class='ocrx_word' id='word_1_31' title='bbox 684 373 818 418; x_wconf 86' lang='lat' dir='ltr'>praedo</span> <span class='ocrx_word' id='word_1_32' title='bbox 843 383 892 408; x_wconf 88' lang='lat' dir='ltr'>es.</span> 
     </span>
    </p>
   </div>
   <div class='ocr_carea' id='block_1_4' title="bbox 178 416 1254 466">
    <p class='ocr_par' dir='ltr' id='par_1_4' title="bbox 178 416 1254 466">
     <span class='ocr_line' id='line_1_7' title="bbox 178 416 1254 466; baseline -0.006 -9"><span class='ocrx_word' id='word_1_33' title='bbox 178 420 202 457; x_wconf 85' lang='grc'>6</span> <span class='ocrx_word' id='word_1_34' title='bbox 235 420 428 455; x_wconf 66' lang='grc' dir='ltr'>ΗιΡΙΛΝυε</span> <span class='ocrx_word' id='word_1_35' title='bbox 441 420 531 454; x_wconf 71' lang='lat' dir='ltr'>libro</span> <span class='ocrx_word' id='word_1_36' title='bbox 551 419 841 464; x_wconf 74' lang='lat' dir='ltr'>septuaqeusz&#39;mo</span> <span class='ocrx_word' id='word_1_37' title='bbox 860 418 909 452; x_wconf 78' lang='lat' dir='ltr'>ad</span> <span class='ocrx_word' id='word_1_38' title='bbox 927 418 1081 453; x_wconf 74' lang='lat' dir='ltr'>edietum</span> <span class='ocrx_word' id='word_1_39' title='bbox 1118 416 1216 452; x_wconf 88' lang='lat' dir='ltr'>Clam</span> <span class='ocrx_word' id='word_1_40' title='bbox 1252 457 1254 466; x_wconf 47' lang='grc' dir='ltr'>Ι</span> 
     </span>
    </p>
   </div>
   <div class='ocr_carea' id='block_1_5' title="bbox 130 463 1223 3535">
    <p class='ocr_par' dir='ltr' id='par_1_5' title="bbox 130 463 1221 1323">
     <span class='ocr_line' id='line_1_8' title="bbox 132 463 1216 511; baseline -0.004 -10"><span class='ocrx_word' id='word_1_41' title='bbox 132 465 315 511; x_wconf 89' lang='lat' dir='ltr'>possidere</span> <span class='ocrx_word' id='word_1_42' title='bbox 333 476 412 499; x_wconf 90' lang='lat' dir='ltr'>eum</span> <span class='ocrx_word' id='word_1_43' title='bbox 438 464 597 505; x_wconf 84' lang='lat' dir='ltr'><strong>dicimus,</strong></span> <span class='ocrx_word' id='word_1_44' title='bbox 623 463 684 509; x_wconf 90' lang='lat' dir='ltr'>qui</span> <span class='ocrx_word' id='word_1_45' title='bbox 707 463 838 498; x_wconf 88' lang='lat' dir='ltr'>furtive</span> <span class='ocrx_word' id='word_1_46' title='bbox 861 463 1043 507; x_wconf 86' lang='lat' dir='ltr'>ingressus</span> <span class='ocrx_word' id='word_1_47' title='bbox 1057 467 1111 498; x_wconf 88' lang='lat' dir='ltr'>est</span> <span class='ocrx_word' id='word_1_48' title='bbox 1134 473 1216 507; x_wconf 90' lang='lat' dir='ltr'>pos-</span> 
     </span>
     <span class='ocr_line' id='line_1_9' title="bbox 132 507 1217 554; baseline -0.005 -8"><span class='ocrx_word' id='word_1_49' title='bbox 132 511 323 546; x_wconf 88' lang='lat' dir='ltr'>sessionem</span> <span class='ocrx_word' id='word_1_50' title='bbox 358 510 543 554; x_wconf 78' lang='lat' dir='ltr'>ignorante</span> <span class='ocrx_word' id='word_1_51' title='bbox 581 519 643 551; x_wconf 89' lang='lat' dir='ltr'>eo,</span> <span class='ocrx_word' id='word_1_52' title='bbox 692 519 795 553; x_wconf 90' lang='lat' dir='ltr'>quem</span> <span class='ocrx_word' id='word_1_53' title='bbox 835 509 902 543; x_wconf 89' lang='lat' dir='ltr'>sibi</span> <span class='ocrx_word' id='word_1_54' title='bbox 941 507 1217 544; x_wconf 88' lang='lat' dir='ltr'>controversiam</span> 
     </span>
     <span class='ocr_line' id='line_1_10' title="bbox 131 553 1217 599; baseline -0.004 -8"><span class='ocrx_word' id='word_1_55' title='bbox 131 557 309 591; x_wconf 81' lang='lat' dir='ltr'>facturum</span> <span class='ocrx_word' id='word_1_56' title='bbox 340 554 592 599; x_wconf 86' lang='lat' dir='ltr'>suspicabatur</span> <span class='ocrx_word' id='word_1_57' title='bbox 623 557 676 596; x_wconf 89' lang='lat' dir='ltr'>et,</span> <span class='ocrx_word' id='word_1_58' title='bbox 717 565 761 589; x_wconf 88' lang='lat' dir='ltr'>ne</span> <span class='ocrx_word' id='word_1_59' title='bbox 793 553 947 596; x_wconf 86' lang='lat' dir='ltr'>faceret,</span> <span class='ocrx_word' id='word_1_60' title='bbox 980 554 1138 588; x_wconf 87' lang='lat' dir='ltr'>timebat.</span> <span class='ocrx_word' id='word_1_61' title='bbox 1187 553 1217 587; x_wconf 91' lang='lat' dir='ltr'>is</span> 
     </span>
     <span class='ocr_line' id='line_1_11' title="bbox 130 598 1216 645; baseline -0.004 -9"><span class='ocrx_word' id='word_1_62' title='bbox 130 604 249 636; x_wconf 86' lang='lat' dir='ltr'>autem</span> <span class='ocrx_word' id='word_1_63' title='bbox 282 600 360 645; x_wconf 88' lang='lat' dir='ltr'>qui,</span> <span class='ocrx_word' id='word_1_64' title='bbox 402 610 483 634; x_wconf 90' lang='lat' dir='ltr'>cum</span> <span class='ocrx_word' id='word_1_65' title='bbox 521 599 721 644; x_wconf 84' lang='lat' dir='ltr'>possideret</span> <span class='ocrx_word' id='word_1_66' title='bbox 752 609 824 634; x_wconf 89' lang='lat' dir='ltr'>non</span> <span class='ocrx_word' id='word_1_67' title='bbox 859 599 966 642; x_wconf 89' lang='lat' dir='ltr'>clam,</span> <span class='ocrx_word' id='word_1_68' title='bbox 1007 609 1046 634; x_wconf 90' lang='lat' dir='ltr'>se</span> <span class='ocrx_word' id='word_1_69' title='bbox 1077 598 1216 640; x_wconf 88' lang='lat' dir='ltr'>celavit,</span> 
     </span>
     <span class='ocr_line' id='line_1_12' title="bbox 131 643 1216 689; baseline -0.002 -9"><span class='ocrx_word' id='word_1_70' title='bbox 131 647 167 681; x_wconf 85' lang='lat' dir='ltr'>in</span> <span class='ocrx_word' id='word_1_71' title='bbox 199 656 242 682; x_wconf 84' lang='lat' dir='ltr'>ea</span> <span class='ocrx_word' id='word_1_72' title='bbox 277 655 387 680; x_wconf 87' lang='lat' dir='ltr'>causa</span> <span class='ocrx_word' id='word_1_73' title='bbox 418 648 488 688; x_wconf 89' lang='lat' dir='ltr'>est,</span> <span class='ocrx_word' id='word_1_74' title='bbox 523 648 564 679; x_wconf 93' lang='lat' dir='ltr'>ut</span> <span class='ocrx_word' id='word_1_75' title='bbox 595 655 667 679; x_wconf 92' lang='lat' dir='ltr'>non</span> <span class='ocrx_word' id='word_1_76' title='bbox 696 643 858 679; x_wconf 90' lang='lat' dir='ltr'>videatur</span> <span class='ocrx_word' id='word_1_77' title='bbox 890 644 979 679; x_wconf 87' lang='lat' dir='ltr'>clam</span> <span class='ocrx_word' id='word_1_78' title='bbox 1015 643 1216 689; x_wconf 87' lang='lat' dir='ltr'>possidere:</span> 
     </span>
     <span class='ocr_line' id='line_1_13' title="bbox 132 689 1217 734; baseline -0.003 -8"><span class='ocrx_word' id='word_1_79' title='bbox 132 702 202 726; x_wconf 90' lang='lat' dir='ltr'>non</span> <span class='ocrx_word' id='word_1_80' title='bbox 234 690 324 725; x_wconf 88' lang='lat' dir='ltr'>enim</span> <span class='ocrx_word' id='word_1_81' title='bbox 354 691 446 725; x_wconf 85' lang='lat' dir='ltr'>ratio</span> <span class='ocrx_word' id='word_1_82' title='bbox 488 689 701 734; x_wconf 83' lang='lat' dir='ltr'>optinendae</span> <span class='ocrx_word' id='word_1_83' title='bbox 733 690 990 734; x_wconf 82' lang='lat' dir='ltr'>possessionis,</span> <span class='ocrx_word' id='word_1_84' title='bbox 1027 689 1091 724; x_wconf 91' lang='lat' dir='ltr'>sed</span> <span class='ocrx_word' id='word_1_85' title='bbox 1121 689 1217 732; x_wconf 86' lang='lat' dir='ltr'>origo</span> 
     </span>
     <span class='ocr_line' id='line_1_14' title="bbox 131 734 1219 779; baseline -0.003 -8"><span class='ocrx_word' id='word_1_86' title='bbox 131 736 389 771; x_wconf 82' lang='lat' dir='ltr'>nanciscendae</span> <span class='ocrx_word' id='word_1_87' title='bbox 428 734 645 779; x_wconf 84' lang='lat' dir='ltr'>exquirenda</span> <span class='ocrx_word' id='word_1_88' title='bbox 677 738 746 770; x_wconf 91' lang='lat' dir='ltr'>est:</span> <span class='ocrx_word' id='word_1_89' title='bbox 781 745 860 770; x_wconf 91' lang='lat' dir='ltr'>nec·</span> <span class='ocrx_word' id='word_1_90' title='bbox 884 745 1095 779; x_wconf 84' lang='lat' dir='ltr'>quemquam</span> <span class='ocrx_word' id='word_1_91' title='bbox 1128 734 1219 769; x_wconf 89' lang='lat' dir='ltr'>clam</span> 
     </span>
     <span class='ocr_line' id='line_1_15' title="bbox 131 778 1219 826; baseline -0.004 -9"><span class='ocrx_word' id='word_1_92' title='bbox 131 781 313 826; x_wconf 86' lang='lat' dir='ltr'>possidere</span> <span class='ocrx_word' id='word_1_93' title='bbox 348 781 522 825; x_wconf 82' lang='lat' dir='ltr'>incipere,</span> <span class='ocrx_word' id='word_1_94' title='bbox 562 780 622 824; x_wconf 92' lang='lat' dir='ltr'>qui</span> <span class='ocrx_word' id='word_1_95' title='bbox 653 780 788 815; x_wconf 85' lang='lat' dir='ltr'>sciente</span> <span class='ocrx_word' id='word_1_96' title='bbox 821 784 884 814; x_wconf 88' lang='lat' dir='ltr'>aut</span> <span class='ocrx_word' id='word_1_97' title='bbox 916 780 1053 815; x_wconf 88' lang='lat' dir='ltr'>volente</span> <span class='ocrx_word' id='word_1_98' title='bbox 1077 790 1138 822; x_wconf 91' lang='lat' dir='ltr'>eo,</span> <span class='ocrx_word' id='word_1_99' title='bbox 1173 778 1219 813; x_wconf 93' lang='lat' dir='ltr'>ad</span> 
     </span>
     <span class='ocr_line' id='line_1_16' title="bbox 131 825 1219 871; baseline 0 -12"><span class='ocrx_word' id='word_1_100' title='bbox 131 837 235 871; x_wconf 88' lang='lat' dir='ltr'>quem</span> <span class='ocrx_word' id='word_1_101' title='bbox 266 837 309 861; x_wconf 92' lang='lat' dir='ltr'>ea</span> <span class='ocrx_word' id='word_1_102' title='bbox 339 837 396 861; x_wconf 86' lang='lat' dir='ltr'>res</span> <span class='ocrx_word' id='word_1_103' title='bbox 427 825 599 870; x_wconf 83' lang='lat' dir='ltr'>pertinet,</span> <span class='ocrx_word' id='word_1_104' title='bbox 640 829 704 860; x_wconf 89' lang='lat' dir='ltr'>aut</span> <span class='ocrx_word' id='word_1_105' title='bbox 743 826 887 870; x_wconf 78' lang='lat' dir='ltr'>aliqua²</span> <span class='ocrx_word' id='word_1_106' title='bbox 926 826 1064 860; x_wconf 90' lang='lat' dir='ltr'>ratione</span> <span class='ocrx_word' id='word_1_107' title='bbox 1103 825 1219 859; x_wconf 92' lang='lat' dir='ltr'>bonae</span> 
     </span>
     <span class='ocr_line' id='line_1_17' title="bbox 135 869 1218 916; baseline -0.002 -10"><span class='ocrx_word' id='word_1_108' title='bbox 135 872 215 906; x_wconf 87' lang='lat' dir='ltr'>fidei</span> <span class='ocrx_word' id='word_1_109' title='bbox 239 871 502 916; x_wconf 89' lang='lat' dir='ltr'>possessionem</span> <span class='ocrx_word' id='word_1_110' title='bbox 526 870 757 905; x_wconf 85' lang='lat' dir='ltr'>nanciscitur.</span> <span class='ocrx_word' id='word_1_111' title='bbox 805 871 943 915; x_wconf 87' lang='lat' dir='ltr'>itaque,</span> <span class='ocrx_word' id='word_1_112' title='bbox 976 870 1090 915; x_wconf 87' lang='lat' dir='ltr'>inquit</span> <span class='ocrx_word' id='word_1_113' title='bbox 1112 869 1218 904; x_wconf 91' lang='lat' dir='ltr'>Pom-</span> 
     </span>
     <span class='ocr_line' id='line_1_18' title="bbox 133 915 1219 961; baseline -0.001 -12"><span class='ocrx_word' id='word_1_114' title='bbox 133 917 276 961; x_wconf 85' lang='lat' dir='ltr'>ponius,</span> <span class='ocrx_word' id='word_1_115' title='bbox 303 917 393 951; x_wconf 90' lang='lat' dir='ltr'>clam</span> <span class='ocrx_word' id='word_1_116' title='bbox 418 916 638 950; x_wconf 85' lang='lat' dir='ltr'>nanciscitur</span> <span class='ocrx_word' id='word_1_117' title='bbox 660 916 939 960; x_wconf 87' lang='lat' dir='ltr'>possessionem,</span> <span class='ocrx_word' id='word_1_118' title='bbox 977 916 1038 960; x_wconf 90' lang='lat' dir='ltr'>qui</span> <span class='ocrx_word' id='word_1_119' title='bbox 1062 915 1219 949; x_wconf 88' lang='lat' dir='ltr'>futuram</span> 
     </span>
     <span class='ocr_line' id='line_1_19' title="bbox 132 960 1218 1005; baseline -0.004 -8"><span class='ocrx_word' id='word_1_120' title='bbox 132 961 408 997; x_wconf 81' lang='lat' dir='ltr'>controversiam</span> <span class='ocrx_word' id='word_1_121' title='bbox 438 965 599 995; x_wconf 85' lang='lat' dir='ltr'>metuens</span> <span class='ocrx_word' id='word_1_122' title='bbox 628 961 813 1005; x_wconf 88' lang='lat' dir='ltr'>ignorante</span> <span class='ocrx_word' id='word_1_123' title='bbox 846 971 906 1004; x_wconf 92' lang='lat' dir='ltr'>eo,</span> <span class='ocrx_word' id='word_1_124' title='bbox 946 971 1050 1005; x_wconf 87' lang='lat' dir='ltr'>quem</span> <span class='ocrx_word' id='word_1_125' title='bbox 1082 960 1218 1000; x_wconf 90' lang='lat' dir='ltr'>metuit,</span> 
     </span>
     <span class='ocr_line' id='line_1_20' title="bbox 139 1005 1217 1050; baseline -0.002 -9"><span class='ocrx_word' id='word_1_126' title='bbox 139 1013 145 1041; x_wconf 77' lang='grc'>1</span> <span class='ocrx_word' id='word_1_127' title='bbox 198 1007 327 1041; x_wconf 80' lang='lat' dir='ltr'>furtive</span> <span class='ocrx_word' id='word_1_128' title='bbox 353 1007 389 1040; x_wconf 93' lang='lat' dir='ltr'>in</span> <span class='ocrx_word' id='word_1_129' title='bbox 414 1006 676 1050; x_wconf 89' lang='lat' dir='ltr'>possessionem</span> <span class='ocrx_word' id='word_1_130' title='bbox 699 1006 905 1050; x_wconf 86' lang='lat' dir='ltr'>ingreditur.</span> <span class='ocrx_word' id='word_1_131' title='bbox 943 1006 1035 1050; x_wconf 79' lang='lat' dir='ltr'>Qui³</span> <span class='ocrx_word' id='word_1_132' title='bbox 1059 1005 1105 1040; x_wconf 89' lang='lat' dir='ltr'>ad</span> <span class='ocrx_word' id='word_1_133' title='bbox 1128 1017 1217 1040; x_wconf 91' lang='lat' dir='ltr'>nun-</span> 
     </span>
     <span class='ocr_line' id='line_1_21' title="bbox 131 1051 1220 1104; baseline -0.002 -17"><span class='ocrx_word' id='word_1_134' title='bbox 131 1053 232 1087; x_wconf 86' lang='lat' dir='ltr'>dinas</span> <span class='ocrx_word' id='word_1_135' title='bbox 270 1052 454 1104; x_wconf 83' lang='lat' dir='ltr'>prefectus</span> <span class='ocrx_word' id='word_1_136' title='bbox 485 1052 660 1087; x_wconf 90' lang='lat' dir='ltr'>neminem</span> <span class='ocrx_word' id='word_1_137' title='bbox 690 1052 872 1096; x_wconf 82' lang='lat' dir='ltr'>reliquerit</span> <span class='ocrx_word' id='word_1_138' title='bbox 909 1055 959 1093; x_wconf 92' lang='lat' dir='ltr'>et,</span> <span class='ocrx_word' id='word_1_139' title='bbox 997 1051 1080 1086; x_wconf 91' lang='lat' dir='ltr'>dum</span> <span class='ocrx_word' id='word_1_140' title='bbox 1108 1051 1167 1085; x_wconf 90' lang='lat' dir='ltr'>ille</span> <span class='ocrx_word' id='word_1_141' title='bbox 1198 1061 1220 1085; x_wconf 83' lang='lat' dir='ltr'>a</span> 
     </span>
     <span class='ocr_line' id='line_1_22' title="bbox 134 1096 1219 1141; baseline -0.001 -10"><span class='ocrx_word' id='word_1_142' title='bbox 134 1097 298 1132; x_wconf 83' lang='lat' dir='ltr'>nnndims</span> <span class='ocrx_word' id='word_1_143' title='bbox 341 1097 451 1138; x_wconf 81' lang='lat' dir='ltr'>redit,</span> <span class='ocrx_word' id='word_1_144' title='bbox 498 1097 625 1141; x_wconf 88' lang='lat' dir='ltr'>aliquis</span> <span class='ocrx_word' id='word_1_145' title='bbox 673 1097 902 1141; x_wconf 87' lang='lat' dir='ltr'>occupaverit</span> <span class='ocrx_word' id='word_1_146' title='bbox 945 1096 1219 1141; x_wconf 88' lang='lat' dir='ltr'>possessionem,</span> 
     </span>
     <span class='ocr_line' id='line_1_23' title="bbox 134 1141 1221 1186; baseline -0.002 -9"><span class='ocrx_word' id='word_1_147' title='bbox 134 1143 242 1177; x_wconf 89' lang='lat' dir='ltr'>videri</span> <span class='ocrx_word' id='word_1_148' title='bbox 285 1153 365 1177; x_wconf 90' lang='lat' dir='ltr'>eum</span> <span class='ocrx_word' id='word_1_149' title='bbox 405 1143 496 1176; x_wconf 84' lang='lat' dir='ltr'>clam</span> <span class='ocrx_word' id='word_1_150' title='bbox 533 1142 716 1186; x_wconf 87' lang='lat' dir='ltr'>possidere</span> <span class='ocrx_word' id='word_1_151' title='bbox 751 1142 874 1177; x_wconf 87' lang='lat' dir='ltr'>Labeo</span> <span class='ocrx_word' id='word_1_152' title='bbox 915 1142 1055 1177; x_wconf 90' lang='lat' dir='ltr'>scribit:</span> <span class='ocrx_word' id='word_1_153' title='bbox 1092 1141 1221 1176; x_wconf 90' lang='lat' dir='ltr'>retinet</span> 
     </span>
     <span class='ocr_line' id='line_1_24' title="bbox 131 1187 1221 1233; baseline -0.001 -11"><span class='ocrx_word' id='word_1_154' title='bbox 131 1199 214 1233; x_wconf 84' lang='lat' dir='ltr'>ergo</span> <span class='ocrx_word' id='word_1_155' title='bbox 239 1188 502 1233; x_wconf 89' lang='lat' dir='ltr'>possessionem</span> <span class='ocrx_word' id='word_1_156' title='bbox 524 1187 572 1230; x_wconf 92' lang='lat' dir='ltr'>is,</span> <span class='ocrx_word' id='word_1_157' title='bbox 605 1187 664 1232; x_wconf 88' lang='lat' dir='ltr'>qui</span> <span class='ocrx_word' id='word_1_158' title='bbox 689 1187 734 1221; x_wconf 90' lang='lat' dir='ltr'>ad</span> <span class='ocrx_word' id='word_1_159' title='bbox 758 1187 936 1222; x_wconf 87' lang='lat' dir='ltr'>nundinas</span> <span class='ocrx_word' id='word_1_160' title='bbox 961 1187 1066 1222; x_wconf 90' lang='lat' dir='ltr'>abiit:</span> <span class='ocrx_word' id='word_1_161' title='bbox 1100 1197 1221 1221; x_wconf 88' lang='lat' dir='ltr'>verum</span> 
     </span>
     <span class='ocr_line' id='line_1_25' title="bbox 132 1231 1218 1276; baseline -0.003 -7"><span class='ocrx_word' id='word_1_162' title='bbox 132 1234 161 1269; x_wconf 90' lang='lat' dir='ltr'>si</span> <span class='ocrx_word' id='word_1_163' title='bbox 184 1236 418 1269; x_wconf 88' lang='lat' dir='ltr'>revertentem</span> <span class='ocrx_word' id='word_1_164' title='bbox 443 1233 623 1267; x_wconf 88' lang='lat' dir='ltr'>dominum</span> <span class='ocrx_word' id='word_1_165' title='bbox 647 1243 718 1267; x_wconf 92' lang='lat' dir='ltr'>non</span> <span class='ocrx_word' id='word_1_166' title='bbox 742 1232 941 1274; x_wconf 89' lang='lat' dir='ltr'>admiserit,</span> <span class='ocrx_word' id='word_1_167' title='bbox 974 1233 1007 1266; x_wconf 92' lang='lat' dir='ltr'>vi</span> <span class='ocrx_word' id='word_1_168' title='bbox 1031 1232 1141 1276; x_wconf 84' lang='lat' dir='ltr'>magis</span> <span class='ocrx_word' id='word_1_169' title='bbox 1165 1231 1218 1266; x_wconf 91' lang='lat' dir='ltr'>in-</span> 
     </span>
     <span class='ocr_line' id='line_1_26' title="bbox 131 1278 695 1323; baseline -0.002 -10"><span class='ocrx_word' id='word_1_170' title='bbox 131 1278 249 1323; x_wconf 86' lang='lat' dir='ltr'>tellegi</span> <span class='ocrx_word' id='word_1_171' title='bbox 271 1278 470 1323; x_wconf 88' lang='lat' dir='ltr'>possidere,</span> <span class='ocrx_word' id='word_1_172' title='bbox 495 1288 567 1312; x_wconf 92' lang='lat' dir='ltr'>non</span> <span class='ocrx_word' id='word_1_173' title='bbox 593 1278 695 1313; x_wconf 85' lang='lat' dir='ltr'>clam.</span> 
     </span>
    </p>

    <p class='ocr_par' dir='ltr' id='par_1_6' title="bbox 131 1321 1219 1503">
     <span class='ocr_line' id='line_1_27' title="bbox 177 1321 1218 1369; baseline -0.001 -11"><span class='ocrx_word' id='word_1_174' title='bbox 177 1321 200 1360; x_wconf 89' lang='lat'><strong>7</strong></span> <span class='ocrx_word' id='word_1_175' title='bbox 228 1322 386 1358; x_wconf 54' lang='lat' dir='ltr'>Psaros</span> <span class='ocrx_word' id='word_1_176' title='bbox 407 1323 522 1358; x_wconf 74' lang='lat' dir='ltr'>libro⁴</span> <span class='ocrx_word' id='word_1_177' title='bbox 546 1323 871 1369; x_wconf 74' lang='lat' dir='ltr'>quinquaqensz‘mo</span> <span class='ocrx_word' id='word_1_178' title='bbox 897 1326 1028 1367; x_wconf 75' lang='lat' dir='ltr'>quarto</span> <span class='ocrx_word' id='word_1_179' title='bbox 1053 1322 1103 1356; x_wconf 82' lang='lat' dir='ltr'>ad</span> <span class='ocrx_word' id='word_1_180' title='bbox 1125 1322 1218 1357; x_wconf 75' lang='lat' dir='ltr'>edic-</span> 
     </span>
     <span class='ocr_line' id='line_1_28' title="bbox 132 1367 1219 1411; baseline -0.001 -9"><span class='ocrx_word' id='word_1_181' title='bbox 132 1372 204 1402; x_wconf 81' lang='lat' dir='ltr'>tum</span> <span class='ocrx_word' id='word_1_182' title='bbox 252 1368 323 1404; x_wconf 87' lang='lat' dir='ltr'>Sed</span> <span class='ocrx_word' id='word_1_183' title='bbox 353 1372 389 1403; x_wconf 86' lang='lat' dir='ltr'>et</span> <span class='ocrx_word' id='word_1_184' title='bbox 420 1368 451 1403; x_wconf 91' lang='lat' dir='ltr'>si</span> <span class='ocrx_word' id='word_1_185' title='bbox 486 1368 574 1403; x_wconf 91' lang='lat' dir='ltr'>nolit</span> <span class='ocrx_word' id='word_1_186' title='bbox 605 1368 641 1402; x_wconf 94' lang='lat' dir='ltr'>in</span> <span class='ocrx_word' id='word_1_187' title='bbox 665 1367 816 1402; x_wconf 83' lang='lat' dir='ltr'>fundum</span> <span class='ocrx_word' id='word_1_188' title='bbox 848 1368 996 1409; x_wconf 88' lang='lat' dir='ltr'>reverti,</span> <span class='ocrx_word' id='word_1_189' title='bbox 1032 1367 1127 1411; x_wconf 90' lang='lat' dir='ltr'>quod</span> <span class='ocrx_word' id='word_1_190' title='bbox 1150 1367 1219 1401; x_wconf 87' lang='lat' dir='ltr'>vim</span> 
     </span>
     <span class='ocr_line' id='line_1_29' title="bbox 131 1412 1217 1458; baseline -0.003 -9"><span class='ocrx_word' id='word_1_191' title='bbox 131 1415 299 1449; x_wconf 89' lang='lat' dir='ltr'>maiorem</span> <span class='ocrx_word' id='word_1_192' title='bbox 322 1417 495 1456; x_wconf 83' lang='lat' dir='ltr'>vereatur,</span> <span class='ocrx_word' id='word_1_193' title='bbox 529 1413 709 1448; x_wconf 87' lang='lat' dir='ltr'>amississe</span> <span class='ocrx_word' id='word_1_194' title='bbox 733 1414 996 1458; x_wconf 90' lang='lat' dir='ltr'>possessionem</span> <span class='ocrx_word' id='word_1_195' title='bbox 1024 1412 1217 1447; x_wconf 90' lang='lat' dir='ltr'>videbitur:</span> 
     </span>
     <span class='ocr_line' id='line_1_30' title="bbox 132 1458 756 1503; baseline -0.002 -10"><span class='ocrx_word' id='word_1_196' title='bbox 132 1463 166 1493; x_wconf 88' lang='lat' dir='ltr'>ct</span> <span class='ocrx_word' id='word_1_197' title='bbox 188 1459 240 1493; x_wconf 89' lang='lat' dir='ltr'>ita</span> <span class='ocrx_word' id='word_1_198' title='bbox 263 1458 432 1494; x_wconf 88' lang='lat' dir='ltr'>Neratius</span> <span class='ocrx_word' id='word_1_199' title='bbox 457 1469 598 1503; x_wconf 90' lang='lat' dir='ltr'>quoque</span> <span class='ocrx_word' id='word_1_200' title='bbox 621 1458 756 1493; x_wconf 87' lang='lat' dir='ltr'>scribit.</span> 
     </span>
    </p>

    <p class='ocr_par' dir='ltr' id='par_1_7' title="bbox 130 1501 1221 1686">
     <span class='ocr_line' id='line_1_31' title="bbox 177 1501 1220 1548; baseline -0.004 -7"><span class='ocrx_word' id='word_1_201' title='bbox 177 1501 225 1541; x_wconf 80' lang='lat'>8⁵</span> <span class='ocrx_word' id='word_1_202' title='bbox 257 1504 364 1538; x_wconf 77' lang='lat' dir='ltr'><em>IDEM</em></span> <span class='ocrx_word' id='word_1_203' title='bbox 401 1504 491 1539; x_wconf 78' lang='lat' dir='ltr'>libro</span> <span class='ocrx_word' id='word_1_204' title='bbox 530 1504 786 1548; x_wconf 71' lang='lat' dir='ltr'>sexaqensimo</span> <span class='ocrx_word' id='word_1_205' title='bbox 828 1505 953 1548; x_wconf 70' lang='lat' dir='ltr'>quinto</span> <span class='ocrx_word' id='word_1_206' title='bbox 986 1503 1036 1537; x_wconf 83' lang='lat' dir='ltr'>ad</span> <span class='ocrx_word' id='word_1_207' title='bbox 1066 1503 1220 1538; x_wconf 72' lang='lat' dir='ltr'>edictum</span> 
     </span>
     <span class='ocr_line' id='line_1_32' title="bbox 130 1548 1221 1594; baseline -0.002 -10"><span class='ocrx_word' id='word_1_208' title='bbox 130 1549 458 1594; x_wconf 75' lang='lat' dir='ltr'>Quemadmodum⁶</span> <span class='ocrx_word' id='word_1_209' title='bbox 482 1549 580 1584; x_wconf 89' lang='lat' dir='ltr'>nulla</span> <span class='ocrx_word' id='word_1_210' title='bbox 598 1549 777 1594; x_wconf 88' lang='lat' dir='ltr'>possessio</span> <span class='ocrx_word' id='word_1_211' title='bbox 797 1548 937 1593; x_wconf 91' lang='lat' dir='ltr'>adquiri</span> <span class='ocrx_word' id='word_1_212' title='bbox 962 1548 1030 1583; x_wconf 88' lang='lat' dir='ltr'>nisi</span> <span class='ocrx_word' id='word_1_213' title='bbox 1046 1548 1164 1584; x_wconf 88' lang='lat' dir='ltr'>animo</span> <span class='ocrx_word' id='word_1_214' title='bbox 1185 1552 1221 1583; x_wconf 91' lang='lat' dir='ltr'>et</span> 
     </span>
     <span class='ocr_line' id='line_1_33' title="bbox 131 1594 1219 1640; baseline -0.003 -9"><span class='ocrx_word' id='word_1_215' title='bbox 131 1605 281 1640; x_wconf 87' lang='lat' dir='ltr'>corpore</span> <span class='ocrx_word' id='word_1_216' title='bbox 298 1598 428 1639; x_wconf 89' lang='lat' dir='ltr'>potest,</span> <span class='ocrx_word' id='word_1_217' title='bbox 452 1595 503 1629; x_wconf 92' lang='lat' dir='ltr'>ita</span> <span class='ocrx_word' id='word_1_218' title='bbox 521 1594 619 1629; x_wconf 92' lang='lat' dir='ltr'>nulla</span> <span class='ocrx_word' id='word_1_219' title='bbox 637 1594 822 1636; x_wconf 84' lang='lat' dir='ltr'>amittitur,</span> <span class='ocrx_word' id='word_1_220' title='bbox 847 1594 916 1629; x_wconf 90' lang='lat' dir='ltr'>nisi</span> <span class='ocrx_word' id='word_1_221' title='bbox 939 1594 976 1628; x_wconf 92' lang='lat' dir='ltr'>in</span> <span class='ocrx_word' id='word_1_222' title='bbox 995 1605 1066 1638; x_wconf 90' lang='lat' dir='ltr'>qua</span> <span class='ocrx_word' id='word_1_223' title='bbox 1084 1597 1219 1629; x_wconf 89' lang='lat' dir='ltr'>utrum-</span> 
     </span>
     <span class='ocr_line' id='line_1_34' title="bbox 131 1640 734 1686; baseline -0.003 -10"><span class='ocrx_word' id='word_1_224' title='bbox 131 1650 200 1686; x_wconf 87' lang='lat' dir='ltr'>que</span> <span class='ocrx_word' id='word_1_225' title='bbox 222 1641 259 1674; x_wconf 90' lang='lat' dir='ltr'>in</span> <span class='ocrx_word' id='word_1_226' title='bbox 284 1640 501 1676; x_wconf 87' lang='lat' dir='ltr'>contrarium</span> <span class='ocrx_word' id='word_1_227' title='bbox 526 1643 645 1674; x_wconf 91' lang='lat' dir='ltr'>actum</span> <span class='ocrx_word' id='word_1_228' title='bbox 669 1643 734 1674; x_wconf 88' lang='lat' dir='ltr'>est.</span> 
     </span>
    </p>

    <p class='ocr_par' dir='ltr' id='par_1_8' title="bbox 132 1684 1221 1856">
     <span class='ocr_line' id='line_1_35' title="bbox 177 1684 1221 1731; baseline -0.004 -8"><span class='ocrx_word' id='word_1_229' title='bbox 177 1684 201 1723; x_wconf 86' lang='lat'>9</span> <span class='ocrx_word' id='word_1_230' title='bbox 230 1685 352 1721; x_wconf 62' lang='lat' dir='ltr'>(3211st</span> <span class='ocrx_word' id='word_1_231' title='bbox 380 1686 470 1721; x_wconf 77' lang='lat' dir='ltr'>libro</span> <span class='ocrx_word' id='word_1_232' title='bbox 501 1686 690 1720; x_wconf 73' lang='lat' dir='ltr'>vicensimo</span> <span class='ocrx_word' id='word_1_233' title='bbox 723 1686 848 1730; x_wconf 70' lang='lat' dir='ltr'>quinto</span> <span class='ocrx_word' id='word_1_234' title='bbox 873 1684 923 1719; x_wconf 86' lang='lat' dir='ltr'>ad</span> <span class='ocrx_word' id='word_1_235' title='bbox 953 1685 1106 1720; x_wconf 72' lang='lat' dir='ltr'>edictum</span> <span class='ocrx_word' id='word_1_236' title='bbox 1130 1695 1221 1731; x_wconf 82' lang='lat' dir='ltr'>pro-</span> 
     </span>
     <span class='ocr_line' id='line_1_36' title="bbox 132 1730 1221 1775; baseline -0.001 -9"><span class='ocrx_word' id='word_1_237' title='bbox 132 1731 283 1766; x_wconf 76' lang='lat' dir='ltr'>vinciale</span> <span class='ocrx_word' id='word_1_238' title='bbox 330 1730 553 1766; x_wconf 85' lang='lat' dir='ltr'>Generaliter</span> <span class='ocrx_word' id='word_1_239' title='bbox 601 1730 736 1775; x_wconf 88' lang='lat' dir='ltr'>uisquis</span> <span class='ocrx_word' id='word_1_240' title='bbox 761 1730 903 1764; x_wconf 91' lang='lat' dir='ltr'>omnino</span> <span class='ocrx_word' id='word_1_241' title='bbox 929 1734 1053 1765; x_wconf 88' lang='lat' dir='ltr'>nostro</span> <span class='ocrx_word' id='word_1_242' title='bbox 1077 1730 1221 1765; x_wconf 88' lang='lat' dir='ltr'>nomine</span> 
     </span>
     <span class='ocr_line' id='line_1_37' title="bbox 132 1775 1220 1856; baseline -0.001 -46"><span class='ocrx_word' id='word_1_243' title='bbox 132 1776 179 1811; x_wconf 88' lang='lat' dir='ltr'>sit</span> <span class='ocrx_word' id='word_1_244' title='bbox 208 1776 244 1810; x_wconf 85' lang='lat' dir='ltr'>in</span> <span class='ocrx_word' id='word_1_245' title='bbox 273 1776 516 1856; x_wconf 53' lang='lat' dir='ltr'>pqgsessionie,</span> <span class='ocrx_word' id='word_1_246' title='bbox 547 1785 590 1811; x_wconf 89' lang='lat' dir='ltr'>ve</span> <span class='ocrx_word' id='word_1_247' title='bbox 605 1776 656 1810; x_wconf 87' lang='lat' dir='ltr'>uti</span> <span class='ocrx_word' id='word_1_248' title='bbox 679 1779 893 1820; x_wconf 90' lang='lat' dir='ltr'>procurator</span> <span class='ocrx_word' id='word_1_249' title='bbox 916 1775 1047 1820; x_wconf 84' lang='lat' dir='ltr'>hospes</span> <span class='ocrx_word' id='word_1_250' title='bbox 1073 1775 1220 1819; x_wconf 87' lang='lat' dir='ltr'>amicus,</span> 
     </span>
    </p>

    <p class='ocr_par' dir='ltr' id='par_1_9' title="bbox 131 1831 1223 2725">
     <span class='ocr_line' id='line_1_38' title="bbox 182 1831 597 1855; baseline 0 0"><span class='ocrx_word' id='word_1_251' title='bbox 182 1832 197 1855; x_wconf 92' lang='lat' dir='ltr'>s</span> <span class='ocrx_word' id='word_1_252' title='bbox 249 1832 268 1855; x_wconf 90' lang='lat'>0</span> <span class='ocrx_word' id='word_1_253' title='bbox 291 1831 320 1855; x_wconf 83' lang='lat' dir='ltr'>si</span> <span class='ocrx_word' id='word_1_254' title='bbox 368 1831 405 1855; x_wconf 89' lang='lat' dir='ltr'>re</span> <span class='ocrx_word' id='word_1_255' title='bbox 429 1832 462 1855; x_wconf 85' lang='lat' dir='ltr'>vi</span> <span class='ocrx_word' id='word_1_256' title='bbox 490 1831 597 1855; x_wconf 89' lang='lat' dir='ltr'>emur.</span> 
     </span>
     <span class='ocr_line' id='line_1_39' title="bbox 135 1831 1220 1912; baseline -0.004 -9"><span class='ocrx_word' id='word_1_257' title='bbox 135 1832 254 1903; x_wconf 75' lang='lat' dir='ltr'>n⁰10p⁷</span> <span class='ocrx_word' id='word_1_258' title='bbox 272 1831 481 1902; x_wconf 46' lang='lat' dir='ltr'>SUliglANUs</span> <span class='ocrx_word' id='word_1_259' title='bbox 495 1866 586 1901; x_wconf 73' lang='lat' dir='ltr'>libro</span> <span class='ocrx_word' id='word_1_260' title='bbox 610 1866 864 1912; x_wconf 73' lang='lat' dir='ltr'>sexaqensz&#39;mo</span> <span class='ocrx_word' id='word_1_261' title='bbox 881 1876 977 1900; x_wconf 80' lang='lat' dir='ltr'>nono</span> <span class='ocrx_word' id='word_1_262' title='bbox 999 1865 1049 1900; x_wconf 85' lang='lat' dir='ltr'>ad</span> <span class='ocrx_word' id='word_1_263' title='bbox 1065 1865 1220 1900; x_wconf 75' lang='lat' dir='ltr'>edictum</span> 
     </span>
     <span class='ocr_line' id='line_1_40' title="bbox 132 1910 1221 1956; baseline -0.001 -10"><span class='ocrx_word' id='word_1_264' title='bbox 132 1912 168 1946; x_wconf 88' lang='lat' dir='ltr'>Si</span> <span class='ocrx_word' id='word_1_265' title='bbox 194 1912 271 1956; x_wconf 91' lang='lat' dir='ltr'>quis</span> <span class='ocrx_word' id='word_1_266' title='bbox 297 1915 380 1946; x_wconf 89' lang='lat' dir='ltr'>ante</span> <span class='ocrx_word' id='word_1_267' title='bbox 406 1911 588 1953; x_wconf 89' lang='lat' dir='ltr'>conduxit,</span> <span class='ocrx_word' id='word_1_268' title='bbox 614 1915 740 1955; x_wconf 87' lang='lat' dir='ltr'>postea</span> <span class='ocrx_word' id='word_1_269' title='bbox 764 1911 928 1955; x_wconf 86' lang='lat' dir='ltr'>precario</span> <span class='ocrx_word' id='word_1_270' title='bbox 952 1911 1100 1955; x_wconf 89' lang='lat' dir='ltr'>rogavit,</span> <span class='ocrx_word' id='word_1_271' title='bbox 1125 1910 1221 1945; x_wconf 91' lang='lat' dir='ltr'>vide-</span> 
     </span>
     <span class='ocr_line' id='line_1_41' title="bbox 131 1956 1222 2001; baseline -0.002 -9"><span class='ocrx_word' id='word_1_272' title='bbox 131 1957 227 1992; x_wconf 89' lang='lat' dir='ltr'>bitur</span> <span class='ocrx_word' id='word_1_273' title='bbox 251 1957 461 1992; x_wconf 87' lang='lat' dir='ltr'>discessisse</span> <span class='ocrx_word' id='word_1_274' title='bbox 484 1967 505 1991; x_wconf 85' lang='lat' dir='ltr'>a</span> <span class='ocrx_word' id='word_1_275' title='bbox 531 1956 784 1992; x_wconf 88' lang='lat' dir='ltr'>conductione:</span> <span class='ocrx_word' id='word_1_276' title='bbox 823 1956 919 2001; x_wconf 90' lang='lat' dir='ltr'>quod</span> <span class='ocrx_word' id='word_1_277' title='bbox 949 1956 978 1990; x_wconf 92' lang='lat' dir='ltr'>si</span> <span class='ocrx_word' id='word_1_278' title='bbox 1010 1960 1094 1990; x_wconf 88' lang='lat' dir='ltr'>ante</span> <span class='ocrx_word' id='word_1_279' title='bbox 1117 1966 1222 2000; x_wconf 86' lang='lat' dir='ltr'>roga-</span> 
     </span>
     <span class='ocr_line' id='line_1_42' title="bbox 132 2001 1221 2047; baseline -0.002 -9"><span class='ocrx_word' id='word_1_280' title='bbox 132 2003 198 2044; x_wconf 91' lang='lat' dir='ltr'>vit,</span> <span class='ocrx_word' id='word_1_281' title='bbox 238 2006 366 2047; x_wconf 89' lang='lat' dir='ltr'>postea</span> <span class='ocrx_word' id='word_1_282' title='bbox 397 2002 585 2043; x_wconf 82' lang='lat' dir='ltr'>conduxit,</span> <span class='ocrx_word' id='word_1_283' title='bbox 622 2002 836 2036; x_wconf 85' lang='lat' dir='ltr'>conduxisse</span> <span class='ocrx_word' id='word_1_284' title='bbox 864 2001 1052 2035; x_wconf 88' lang='lat' dir='ltr'>videbitur.</span> <span class='ocrx_word' id='word_1_285' title='bbox 1101 2002 1221 2045; x_wconf 91' lang='lat' dir='ltr'>potius</span> 
     </span>
     <span class='ocr_line' id='line_1_43' title="bbox 132 2046 1222 2092; baseline -0.001 -10"><span class='ocrx_word' id='word_1_286' title='bbox 132 2048 223 2083; x_wconf 89' lang='lat' dir='ltr'>enim</span> <span class='ocrx_word' id='word_1_287' title='bbox 247 2048 316 2082; x_wconf 93' lang='lat' dir='ltr'>hoc</span> <span class='ocrx_word' id='word_1_288' title='bbox 340 2047 536 2092; x_wconf 87' lang='lat' dir='ltr'>procedere</span> <span class='ocrx_word' id='word_1_289' title='bbox 559 2047 716 2088; x_wconf 89' lang='lat' dir='ltr'>videtur,</span> <span class='ocrx_word' id='word_1_290' title='bbox 748 2046 844 2091; x_wconf 92' lang='lat' dir='ltr'>quod</span> <span class='ocrx_word' id='word_1_291' title='bbox 874 2047 1062 2081; x_wconf 86' lang='lat' dir='ltr'>novissime</span> <span class='ocrx_word' id='word_1_292' title='bbox 1085 2047 1222 2082; x_wconf 83' lang='lat' dir='ltr'>factum</span> 
     </span>
     <span class='ocr_line' id='line_1_44' title="bbox 137 2091 1222 2137; baseline -0.001 -10"><span class='ocrx_word' id='word_1_293' title='bbox 137 2098 147 2127; x_wconf 90' lang='grc'>1</span> <span class='ocrx_word' id='word_1_294' title='bbox 201 2096 269 2128; x_wconf 88' lang='lat' dir='ltr'>est:</span> <span class='ocrx_word' id='word_1_295' title='bbox 311 2097 347 2128; x_wconf 91' lang='lat' dir='ltr'>et</span> <span class='ocrx_word' id='word_1_296' title='bbox 386 2093 455 2128; x_wconf 92' lang='lat' dir='ltr'>hoc</span> <span class='ocrx_word' id='word_1_297' title='bbox 492 2092 710 2137; x_wconf 88' lang='lat' dir='ltr'>Pomponius</span> <span class='ocrx_word' id='word_1_298' title='bbox 750 2092 811 2127; x_wconf 88' lang='lat' dir='ltr'>ait.</span> <span class='ocrx_word' id='word_1_299' title='bbox 867 2091 964 2127; x_wconf 90' lang='lat' dir='ltr'>Idem</span> <span class='ocrx_word' id='word_1_300' title='bbox 1002 2092 1091 2127; x_wconf 92' lang='lat' dir='ltr'>Pom</span> <span class='ocrx_word' id='word_1_301' title='bbox 1120 2092 1222 2127; x_wconf 91' lang='lat' dir='ltr'>onius</span> 
     </span>
     <span class='ocr_line' id='line_1_45' title="bbox 132 2136 1223 2182; baseline -0.002 -8"><span class='ocrx_word' id='word_1_302' title='bbox 132 2138 322 2174; x_wconf 90' lang='lat' dir='ltr'>bellissime</span> <span class='ocrx_word' id='word_1_303' title='bbox 351 2142 503 2182; x_wconf 88' lang='lat' dir='ltr'>temptat</span> <span class='ocrx_word' id='word_1_304' title='bbox 535 2137 671 2180; x_wconf 87' lang='lat' dir='ltr'>dicere,</span> <span class='ocrx_word' id='word_1_305' title='bbox 711 2136 883 2182; x_wconf 90' lang='lat' dir='ltr'>numquid</span> <span class='ocrx_word' id='word_1_306' title='bbox 919 2137 980 2182; x_wconf 85' lang='lat' dir='ltr'>qui</span> <span class='ocrx_word' id='word_1_307' title='bbox 1011 2147 1078 2172; x_wconf 90' lang='lat' dir='ltr'>con</span> <span class='ocrx_word' id='word_1_308' title='bbox 1105 2137 1223 2172; x_wconf 84' lang='lat' dir='ltr'>uxerit</span> 
     </span>
     <span class='ocr_line' id='line_1_46' title="bbox 132 2182 1223 2228; baseline -0.001 -10"><span class='ocrx_word' id='word_1_309' title='bbox 132 2183 274 2228; x_wconf 86' lang='lat' dir='ltr'>quidem</span> <span class='ocrx_word' id='word_1_310' title='bbox 312 2183 515 2228; x_wconf 89' lang='lat' dir='ltr'>praedium,</span> <span class='ocrx_word' id='word_1_311' title='bbox 557 2183 718 2227; x_wconf 89' lang='lat' dir='ltr'>precario</span> <span class='ocrx_word' id='word_1_312' title='bbox 751 2187 870 2217; x_wconf 84' lang='lat' dir='ltr'>autem</span> <span class='ocrx_word' id='word_1_313' title='bbox 910 2182 1048 2227; x_wconf 81' lang='lat' dir='ltr'>rogavit</span> <span class='ocrx_word' id='word_1_314' title='bbox 1078 2193 1150 2217; x_wconf 87' lang='lat' dir='ltr'>non</span> <span class='ocrx_word' id='word_1_315' title='bbox 1182 2186 1223 2217; x_wconf 90' lang='lat' dir='ltr'>ut</span> 
     </span>
     <span class='ocr_line' id='line_1_47' title="bbox 132 2228 1222 2273; baseline -0.001 -10"><span class='ocrx_word' id='word_1_316' title='bbox 132 2228 350 2273; x_wconf 84' lang='lat' dir='ltr'>possideret,</span> <span class='ocrx_word' id='word_1_317' title='bbox 384 2228 446 2263; x_wconf 90' lang='lat' dir='ltr'>sed</span> <span class='ocrx_word' id='word_1_318' title='bbox 476 2232 517 2263; x_wconf 89' lang='lat' dir='ltr'>ut</span> <span class='ocrx_word' id='word_1_319' title='bbox 545 2228 582 2262; x_wconf 91' lang='lat' dir='ltr'>in</span> <span class='ocrx_word' id='word_1_320' title='bbox 616 2228 843 2272; x_wconf 88' lang='lat' dir='ltr'>possessione</span> <span class='ocrx_word' id='word_1_321' title='bbox 875 2232 969 2263; x_wconf 88' lang='lat' dir='ltr'>esset</span> <span class='ocrx_word' id='word_1_322' title='bbox 1004 2230 1073 2269; x_wconf 90' lang='lat' dir='ltr'>(est</span> <span class='ocrx_word' id='word_1_323' title='bbox 1102 2232 1222 2263; x_wconf 87' lang='lat' dir='ltr'>autem</span> 
     </span>
     <span class='ocr_line' id='line_1_48' title="bbox 132 2273 1222 2318; baseline -0.001 -10"><span class='ocrx_word' id='word_1_324' title='bbox 132 2275 234 2318; x_wconf 88' lang='lat' dir='ltr'>longe</span> <span class='ocrx_word' id='word_1_325' title='bbox 255 2274 447 2309; x_wconf 88' lang='lat' dir='ltr'>diversum:</span> <span class='ocrx_word' id='word_1_326' title='bbox 474 2274 570 2308; x_wconf 91' lang='lat' dir='ltr'>aliud</span> <span class='ocrx_word' id='word_1_327' title='bbox 595 2278 650 2308; x_wconf 89' lang='lat' dir='ltr'>est</span> <span class='ocrx_word' id='word_1_328' title='bbox 673 2273 766 2308; x_wconf 91' lang='lat' dir='ltr'>enim</span> <span class='ocrx_word' id='word_1_329' title='bbox 789 2273 983 2317; x_wconf 89' lang='lat' dir='ltr'>possidere,</span> <span class='ocrx_word' id='word_1_330' title='bbox 1009 2273 1112 2318; x_wconf 85' lang='lat' dir='ltr'>longe</span> <span class='ocrx_word' id='word_1_331' title='bbox 1124 2273 1222 2308; x_wconf 88' lang='lat' dir='ltr'>aliud</span> 
     </span>
     <span class='ocr_line' id='line_1_49' title="bbox 134 2318 1220 2363; baseline 0 -10"><span class='ocrx_word' id='word_1_332' title='bbox 134 2320 168 2353; x_wconf 88' lang='lat' dir='ltr'>in</span> <span class='ocrx_word' id='word_1_333' title='bbox 204 2319 430 2363; x_wconf 85' lang='lat' dir='ltr'>possessione</span> <span class='ocrx_word' id='word_1_334' title='bbox 470 2329 564 2354; x_wconf 81' lang='lat' dir='ltr'>esse:</span> <span class='ocrx_word' id='word_1_335' title='bbox 605 2318 755 2363; x_wconf 89' lang='lat' dir='ltr'>denique</span> <span class='ocrx_word' id='word_1_336' title='bbox 787 2319 839 2353; x_wconf 88' lang='lat' dir='ltr'>rei</span> <span class='ocrx_word' id='word_1_337' title='bbox 872 2318 1066 2353; x_wconf 87' lang='lat' dir='ltr'>servandae</span> <span class='ocrx_word' id='word_1_338' title='bbox 1099 2328 1220 2360; x_wconf 89' lang='lat' dir='ltr'>causa,</span> 
     </span>
     <span class='ocr_line' id='line_1_50' title="bbox 133 2363 1222 2409; baseline 0 -11"><span class='ocrx_word' id='word_1_339' title='bbox 133 2365 347 2408; x_wconf 86' lang='lat' dir='ltr'>legatorum,</span> <span class='ocrx_word' id='word_1_340' title='bbox 385 2364 506 2399; x_wconf 89' lang='lat' dir='ltr'>damni</span> <span class='ocrx_word' id='word_1_341' title='bbox 529 2364 652 2399; x_wconf 90' lang='lat' dir='ltr'>infecti</span> <span class='ocrx_word' id='word_1_342' title='bbox 676 2375 748 2398; x_wconf 91' lang='lat' dir='ltr'>non</span> <span class='ocrx_word' id='word_1_343' title='bbox 771 2363 965 2409; x_wconf 90' lang='lat' dir='ltr'>possident,</span> <span class='ocrx_word' id='word_1_344' title='bbox 991 2364 1055 2399; x_wconf 91' lang='lat' dir='ltr'>sed</span> <span class='ocrx_word' id='word_1_345' title='bbox 1078 2367 1163 2399; x_wconf 91' lang='lat' dir='ltr'>sunt</span> <span class='ocrx_word' id='word_1_346' title='bbox 1184 2364 1222 2398; x_wconf 90' lang='lat' dir='ltr'>in</span> 
     </span>
     <span class='ocr_line' id='line_1_51' title="bbox 132 2409 1219 2454; baseline -0.002 -9"><span class='ocrx_word' id='word_1_347' title='bbox 132 2410 358 2454; x_wconf 88' lang='lat' dir='ltr'>possessione</span> <span class='ocrx_word' id='word_1_348' title='bbox 398 2409 582 2444; x_wconf 84' lang='lat' dir='ltr'>custodiae</span> <span class='ocrx_word' id='word_1_349' title='bbox 616 2417 755 2445; x_wconf 57' lang='lat' dir='ltr'>causan</span> <span class='ocrx_word' id='word_1_350' title='bbox 797 2409 893 2454; x_wconf 88' lang='lat' dir='ltr'>quod</span> <span class='ocrx_word' id='word_1_351' title='bbox 924 2410 955 2444; x_wconf 93' lang='lat' dir='ltr'>si</span> <span class='ocrx_word' id='word_1_352' title='bbox 986 2409 1122 2444; x_wconf 87' lang='lat' dir='ltr'>factum</span> <span class='ocrx_word' id='word_1_353' title='bbox 1155 2413 1219 2452; x_wconf 91' lang='lat' dir='ltr'>est,</span> 
     </span>
     <span class='ocr_line' id='line_1_52' title="bbox 133 2454 1220 2500; baseline 0.001 -11"><span class='ocrx_word' id='word_1_354' title='bbox 133 2459 152 2488; x_wconf 84' lang='lat'>2</span> <span class='ocrx_word' id='word_1_355' title='bbox 200 2458 391 2500; x_wconf 89' lang='lat' dir='ltr'>utrumque</span> <span class='ocrx_word' id='word_1_356' title='bbox 414 2455 589 2499; x_wconf 88' lang='lat' dir='ltr'>procedit.</span> <span class='ocrx_word' id='word_1_357' title='bbox 638 2454 676 2489; x_wconf 88' lang='lat' dir='ltr'>Si</span> <span class='ocrx_word' id='word_1_358' title='bbox 701 2454 779 2499; x_wconf 87' lang='lat' dir='ltr'>quis</span> <span class='ocrx_word' id='word_1_359' title='bbox 810 2458 845 2488; x_wconf 89' lang='lat' dir='ltr'>et</span> <span class='ocrx_word' id='word_1_360' title='bbox 870 2454 1080 2490; x_wconf 84' lang='lat' dir='ltr'>conduxerit</span> <span class='ocrx_word' id='word_1_361' title='bbox 1103 2458 1139 2489; x_wconf 92' lang='lat' dir='ltr'>et</span> <span class='ocrx_word' id='word_1_362' title='bbox 1162 2465 1220 2490; x_wconf 91' lang='lat' dir='ltr'>ro-</span> 
     </span>
     <span class='ocr_line' id='line_1_53' title="bbox 131 2499 1221 2544; baseline 0.001 -11"><span class='ocrx_word' id='word_1_363' title='bbox 131 2501 266 2544; x_wconf 83' lang='lat' dir='ltr'>gaverit</span> <span class='ocrx_word' id='word_1_364' title='bbox 296 2500 476 2544; x_wconf 85' lang='lat' dir='ltr'>precario,</span> <span class='ocrx_word' id='word_1_365' title='bbox 509 2500 562 2534; x_wconf 92' lang='lat' dir='ltr'>uti</span> <span class='ocrx_word' id='word_1_366' title='bbox 594 2499 810 2544; x_wconf 86' lang='lat' dir='ltr'>possideret,</span> <span class='ocrx_word' id='word_1_367' title='bbox 845 2500 875 2534; x_wconf 91' lang='lat' dir='ltr'>si</span> <span class='ocrx_word' id='word_1_368' title='bbox 907 2500 1049 2544; x_wconf 87' lang='lat' dir='ltr'>quidem</span> <span class='ocrx_word' id='word_1_369' title='bbox 1077 2510 1221 2535; x_wconf 90' lang='lat' dir='ltr'>nummo</span> 
     </span>
     <span class='ocr_line' id='line_1_54' title="bbox 133 2545 1222 2589; baseline -0.001 -9"><span class='ocrx_word' id='word_1_370' title='bbox 133 2555 202 2580; x_wconf 91' lang='lat' dir='ltr'>uno</span> <span class='ocrx_word' id='word_1_371' title='bbox 229 2545 417 2587; x_wconf 81' lang='lat' dir='ltr'>conduxit,</span> <span class='ocrx_word' id='word_1_372' title='bbox 443 2545 541 2580; x_wconf 87' lang='lat' dir='ltr'>nulla</span> <span class='ocrx_word' id='word_1_373' title='bbox 566 2545 738 2580; x_wconf 87' lang='lat' dir='ltr'>dubitatio</span> <span class='ocrx_word' id='word_1_374' title='bbox 765 2549 829 2586; x_wconf 90' lang='lat' dir='ltr'>est,</span> <span class='ocrx_word' id='word_1_375' title='bbox 856 2546 939 2589; x_wconf 90' lang='lat' dir='ltr'>quin</span> <span class='ocrx_word' id='word_1_376' title='bbox 964 2545 996 2579; x_wconf 90' lang='lat' dir='ltr'>ei</span> <span class='ocrx_word' id='word_1_377' title='bbox 1020 2546 1222 2589; x_wconf 88' lang='lat' dir='ltr'>precarium</span> 
     </span>
     <span class='ocr_line' id='line_1_55' title="bbox 133 2589 1222 2635; baseline 0 -10"><span class='ocrx_word' id='word_1_378' title='bbox 133 2590 247 2625; x_wconf 91' lang='lat' dir='ltr'>solum</span> <span class='ocrx_word' id='word_1_379' title='bbox 270 2594 409 2632; x_wconf 85' lang='lat' dir='ltr'>teneat,</span> <span class='ocrx_word' id='word_1_380' title='bbox 442 2591 524 2635; x_wconf 80' lang='lat' dir='ltr'>quia</span> <span class='ocrx_word' id='word_1_381' title='bbox 549 2590 740 2625; x_wconf 89' lang='lat' dir='ltr'>conductio</span> <span class='ocrx_word' id='word_1_382' title='bbox 764 2589 864 2624; x_wconf 91' lang='lat' dir='ltr'>nulla</span> <span class='ocrx_word' id='word_1_383' title='bbox 888 2594 960 2632; x_wconf 90' lang='lat' dir='ltr'>est,</span> <span class='ocrx_word' id='word_1_384' title='bbox 991 2601 1082 2635; x_wconf 88' lang='lat' dir='ltr'>quae</span> <span class='ocrx_word' id='word_1_385' title='bbox 1108 2594 1162 2626; x_wconf 89' lang='lat' dir='ltr'>est</span> <span class='ocrx_word' id='word_1_386' title='bbox 1185 2591 1222 2625; x_wconf 91' lang='lat' dir='ltr'>in</span> 
     </span>
     <span class='ocr_line' id='line_1_56' title="bbox 132 2635 1220 2680; baseline 0.001 -10"><span class='ocrx_word' id='word_1_387' title='bbox 132 2646 203 2670; x_wconf 91' lang='lat' dir='ltr'>uno</span> <span class='ocrx_word' id='word_1_388' title='bbox 236 2636 420 2670; x_wconf 79' lang='lat' dir='ltr'>nummo⁸:</span> <span class='ocrx_word' id='word_1_389' title='bbox 453 2635 508 2670; x_wconf 91' lang='lat' dir='ltr'>sin</span> <span class='ocrx_word' id='word_1_390' title='bbox 539 2645 622 2670; x_wconf 89' lang='lat' dir='ltr'>vero</span> <span class='ocrx_word' id='word_1_391' title='bbox 646 2635 775 2679; x_wconf 90' lang='lat' dir='ltr'>pretio,</span> <span class='ocrx_word' id='word_1_392' title='bbox 812 2639 898 2670; x_wconf 89' lang='lat' dir='ltr'>tunc</span> <span class='ocrx_word' id='word_1_393' title='bbox 922 2635 1220 2680; x_wconf 83' lang='lat' dir='ltr'>distinguendum,</span> 
     </span>
     <span class='ocr_line' id='line_1_57' title="bbox 133 2680 590 2725; baseline 0 -11"><span class='ocrx_word' id='word_1_394' title='bbox 133 2680 217 2724; x_wconf 92' lang='lat' dir='ltr'>quid</span> <span class='ocrx_word' id='word_1_395' title='bbox 241 2681 339 2725; x_wconf 91' lang='lat' dir='ltr'>prius</span> <span class='ocrx_word' id='word_1_396' title='bbox 364 2681 500 2715; x_wconf 86' lang='lat' dir='ltr'>factum</span> <span class='ocrx_word' id='word_1_397' title='bbox 525 2685 590 2715; x_wconf 90' lang='lat' dir='ltr'>est.</span> 
     </span>
    </p>

    <p class='ocr_par' dir='ltr' id='par_1_10' title="bbox 133 2723 1219 2815">
     <span class='ocr_line' id='line_1_58' title="bbox 183 2723 1219 2770; baseline 0 -10"><span class='ocrx_word' id='word_1_398' title='bbox 183 2723 230 2762; x_wconf 90' lang='lat'>11</span> <span class='ocrx_word' id='word_1_399' title='bbox 258 2725 417 2760; x_wconf 63' lang='lat' dir='ltr'>mes</span> <span class='ocrx_word' id='word_1_400' title='bbox 445 2726 535 2759; x_wconf 80' lang='lat' dir='ltr'>libro</span> <span class='ocrx_word' id='word_1_401' title='bbox 559 2726 812 2770; x_wconf 73' lang='lat' dir='ltr'>sexaqensz&#39;rno</span> <span class='ocrx_word' id='word_1_402' title='bbox 837 2725 962 2770; x_wconf 77' lang='lat' dir='ltr'>quinto</span> <span class='ocrx_word' id='word_1_403' title='bbox 994 2725 1044 2760; x_wconf 78' lang='lat' dir='ltr'>ad</span> <span class='ocrx_word' id='word_1_404' title='bbox 1066 2725 1219 2761; x_wconf 82' lang='lat' dir='ltr'>edictum</span> 
     </span>
     <span class='ocr_line' id='line_1_59' title="bbox 133 2770 1064 2815; baseline 0.001 -11"><span class='ocrx_word' id='word_1_405' title='bbox 133 2770 231 2805; x_wconf 90' lang='lat' dir='ltr'>Iuste</span> <span class='ocrx_word' id='word_1_406' title='bbox 253 2770 424 2815; x_wconf 89' lang='lat' dir='ltr'>possidet,</span> <span class='ocrx_word' id='word_1_407' title='bbox 451 2770 512 2814; x_wconf 90' lang='lat' dir='ltr'>qui</span> <span class='ocrx_word' id='word_1_408' title='bbox 536 2774 682 2805; x_wconf 88' lang='lat' dir='ltr'>auctore</span> <span class='ocrx_word' id='word_1_409' title='bbox 705 2773 871 2814; x_wconf 89' lang='lat' dir='ltr'>praetore</span> <span class='ocrx_word' id='word_1_410' title='bbox 894 2770 1064 2814; x_wconf 90' lang='lat' dir='ltr'>possidet.</span> 
     </span>
    </p>

    <p class='ocr_par' dir='ltr' id='par_1_11' title="bbox 133 2813 1222 3085">
     <span class='ocr_line' id='line_1_60' title="bbox 183 2813 1220 2861; baseline 0 -10"><span class='ocrx_word' id='word_1_411' title='bbox 183 2813 233 2851; x_wconf 87' lang='lat'>12</span> <span class='ocrx_word' id='word_1_412' title='bbox 266 2815 460 2851; x_wconf 79' lang='lat' dir='ltr'><em>ULPIANUS</em></span> <span class='ocrx_word' id='word_1_413' title='bbox 477 2815 568 2850; x_wconf 80' lang='lat' dir='ltr'>libro</span> <span class='ocrx_word' id='word_1_414' title='bbox 585 2816 875 2861; x_wconf 57' lang='lat' dir='ltr'>septuagensimo</span> <span class='ocrx_word' id='word_1_415' title='bbox 892 2815 941 2849; x_wconf 82' lang='lat' dir='ltr'>ad</span> <span class='ocrx_word' id='word_1_416' title='bbox 955 2816 1108 2850; x_wconf 73' lang='lat' dir='ltr'>edictum</span> <span class='ocrx_word' id='word_1_417' title='bbox 1146 2815 1220 2851; x_wconf 88' lang='lat' dir='ltr'>Na-</span> 
     </span>
     <span class='ocr_line' id='line_1_61' title="bbox 133 2860 1219 2904; baseline 0.002 -10"><span class='ocrx_word' id='word_1_418' title='bbox 133 2860 298 2895; x_wconf 88' lang='lat' dir='ltr'>turaliter</span> <span class='ocrx_word' id='word_1_419' title='bbox 315 2860 453 2895; x_wconf 88' lang='lat' dir='ltr'>videtur</span> <span class='ocrx_word' id='word_1_420' title='bbox 477 2860 661 2904; x_wconf 89' lang='lat' dir='ltr'>possidere</span> <span class='ocrx_word' id='word_1_421' title='bbox 682 2860 712 2894; x_wconf 90' lang='lat' dir='ltr'>is</span> <span class='ocrx_word' id='word_1_422' title='bbox 729 2860 789 2904; x_wconf 92' lang='lat' dir='ltr'>qui</span> <span class='ocrx_word' id='word_1_423' title='bbox 807 2871 909 2895; x_wconf 91' lang='lat' dir='ltr'>usum</span> <span class='ocrx_word' id='word_1_424' title='bbox 927 2860 1083 2895; x_wconf 86' lang='lat' dir='ltr'>fructum</span> <span class='ocrx_word' id='word_1_425' title='bbox 1099 2861 1219 2897; x_wconf 83' lang='lat' dir='ltr'>habet.</span> 
     </span>
     <span class='ocr_line' id='line_1_62' title="bbox 139 2905 1220 2950; baseline 0.003 -11"><span class='ocrx_word' id='word_1_426' title='bbox 139 2910 149 2938; x_wconf 89' lang='grc'>1</span> <span class='ocrx_word' id='word_1_427' title='bbox 201 2905 298 2940; x_wconf 83' lang='grc' dir='ltr'><strong>Ν11111</strong></span> <span class='ocrx_word' id='word_1_428' title='bbox 338 2915 525 2940; x_wconf 84' lang='grc'><strong>0011111111110</strong></span> <span class='ocrx_word' id='word_1_429' title='bbox 568 2906 677 2940; x_wconf 89' lang='lat' dir='ltr'>habet</span> <span class='ocrx_word' id='word_1_430' title='bbox 715 2905 916 2950; x_wconf 88' lang='lat' dir='ltr'>proprietas</span> <span class='ocrx_word' id='word_1_431' title='bbox 955 2917 1034 2940; x_wconf 90' lang='lat' dir='ltr'>cum</span> <span class='ocrx_word' id='word_1_432' title='bbox 1079 2917 1220 2950; x_wconf 88' lang='lat' dir='ltr'>posses-</span> 
     </span>
     <span class='ocr_line' id='line_1_63' title="bbox 134 2950 1221 2996; baseline 0.002 -11"><span class='ocrx_word' id='word_1_433' title='bbox 134 2950 250 2986; x_wconf 90' lang='lat' dir='ltr'>sione:</span> <span class='ocrx_word' id='word_1_434' title='bbox 277 2955 313 2985; x_wconf 93' lang='lat' dir='ltr'>et</span> <span class='ocrx_word' id='word_1_435' title='bbox 335 2950 414 2985; x_wconf 92' lang='lat' dir='ltr'>ideo</span> <span class='ocrx_word' id='word_1_436' title='bbox 441 2960 512 2984; x_wconf 92' lang='lat' dir='ltr'>non</span> <span class='ocrx_word' id='word_1_437' title='bbox 537 2950 732 2994; x_wconf 88' lang='lat' dir='ltr'>denegatur</span> <span class='ocrx_word' id='word_1_438' title='bbox 755 2950 788 2985; x_wconf 87' lang='lat' dir='ltr'>ei</span> <span class='ocrx_word' id='word_1_439' title='bbox 815 2950 1042 2985; x_wconf 90' lang='lat' dir='ltr'>interdictum</span> <span class='ocrx_word' id='word_1_440' title='bbox 1061 2951 1114 2986; x_wconf 90' lang='lat' dir='ltr'>uti</span> <span class='ocrx_word' id='word_1_441' title='bbox 1138 2962 1221 2996; x_wconf 90' lang='lat' dir='ltr'>pos-</span> 
     </span>
     <span class='ocr_line' id='line_1_64' title="bbox 134 2995 1222 3040; baseline 0.003 -11"><span class='ocrx_word' id='word_1_442' title='bbox 134 2995 273 3037; x_wconf 88' lang='lat' dir='ltr'>sidetis,</span> <span class='ocrx_word' id='word_1_443' title='bbox 307 2996 367 3040; x_wconf 86' lang='lat' dir='ltr'>qui</span> <span class='ocrx_word' id='word_1_444' title='bbox 393 2997 510 3040; x_wconf 90' lang='lat' dir='ltr'>coepit</span> <span class='ocrx_word' id='word_1_445' title='bbox 533 3006 607 3030; x_wconf 90' lang='lat' dir='ltr'>rem</span> <span class='ocrx_word' id='word_1_446' title='bbox 639 2995 836 3031; x_wconf 89' lang='lat' dir='ltr'>vindicare:</span> <span class='ocrx_word' id='word_1_447' title='bbox 869 3007 940 3031; x_wconf 92' lang='lat' dir='ltr'>non</span> <span class='ocrx_word' id='word_1_448' title='bbox 966 2997 1056 3030; x_wconf 91' lang='lat' dir='ltr'>enim</span> <span class='ocrx_word' id='word_1_449' title='bbox 1081 2996 1222 3032; x_wconf 88' lang='lat' dir='ltr'>videtur</span> 
     </span>
     <span class='ocr_line' id='line_1_65' title="bbox 134 3040 1016 3085; baseline 0 -10"><span class='ocrx_word' id='word_1_450' title='bbox 134 3041 351 3085; x_wconf 87' lang='lat' dir='ltr'>possessioni</span> <span class='ocrx_word' id='word_1_451' title='bbox 375 3040 609 3082; x_wconf 89' lang='lat' dir='ltr'>renuntiasse,</span> <span class='ocrx_word' id='word_1_452' title='bbox 636 3041 696 3084; x_wconf 90' lang='lat' dir='ltr'>qui</span> <span class='ocrx_word' id='word_1_453' title='bbox 720 3051 795 3075; x_wconf 92' lang='lat' dir='ltr'>rem</span> <span class='ocrx_word' id='word_1_454' title='bbox 814 3041 1016 3076; x_wconf 85' lang='lat' dir='ltr'>vindicavit.</span> 
     </span>
    </p>

    <p class='ocr_par' dir='ltr' id='par_1_12' title="bbox 133 3083 1223 3535">
     <span class='ocr_line' id='line_1_66' title="bbox 184 3083 1220 3131; baseline 0 -10"><span class='ocrx_word' id='word_1_455' title='bbox 184 3083 233 3123; x_wconf 87' lang='lat'>13</span> <span class='ocrx_word' id='word_1_456' title='bbox 259 3085 366 3120; x_wconf 77' lang='lat' dir='ltr'><em>IDEM</em></span> <span class='ocrx_word' id='word_1_457' title='bbox 385 3086 499 3121; x_wconf 65' lang='grc' dir='ltr'>ίίὸνο9</span> <span class='ocrx_word' id='word_1_458' title='bbox 523 3089 650 3131; x_wconf 79' lang='lat' dir='ltr'>septua</span> <span class='ocrx_word' id='word_1_459' title='bbox 677 3087 811 3121; x_wconf 78' lang='lat' dir='ltr'>ensimo</span> <span class='ocrx_word' id='word_1_460' title='bbox 835 3086 991 3121; x_wconf 76' lang='lat' dir='ltr'>secundo</span> <span class='ocrx_word' id='word_1_461' title='bbox 1004 3086 1053 3120; x_wconf 77' lang='lat' dir='ltr'>ad</span> <span class='ocrx_word' id='word_1_462' title='bbox 1068 3086 1220 3121; x_wconf 72' lang='lat' dir='ltr'>edictum</span> 
     </span>
     <span class='ocr_line' id='line_1_67' title="bbox 134 3130 1223 3175; baseline 0.002 -10"><span class='ocrx_word' id='word_1_463' title='bbox 134 3130 351 3175; x_wconf 87' lang='lat' dir='ltr'>Pomponius</span> <span class='ocrx_word' id='word_1_464' title='bbox 383 3131 510 3173; x_wconf 81' lang='lat' dir='ltr'>refert,</span> <span class='ocrx_word' id='word_1_465' title='bbox 550 3141 630 3166; x_wconf 89' lang='lat' dir='ltr'>cum</span> <span class='ocrx_word' id='word_1_466' title='bbox 673 3130 796 3175; x_wconf 87' lang='lat' dir='ltr'>apides</span> <span class='ocrx_word' id='word_1_467' title='bbox 827 3131 864 3165; x_wconf 92' lang='lat' dir='ltr'>in</span> <span class='ocrx_word' id='word_1_468' title='bbox 888 3131 1046 3166; x_wconf 89' lang='lat' dir='ltr'>Tiberim</span> <span class='ocrx_word' id='word_1_469' title='bbox 1071 3131 1223 3167; x_wconf 88' lang='lat' dir='ltr'>demersi</span> 
     </span>
     <span class='ocr_line' id='line_1_68' title="bbox 135 3176 1220 3221; baseline 0.001 -11"><span class='ocrx_word' id='word_1_470' title='bbox 135 3179 253 3211; x_wconf 89' lang='lat' dir='ltr'>essent</span> <span class='ocrx_word' id='word_1_471' title='bbox 281 3176 468 3221; x_wconf 87' lang='lat' dir='ltr'>naufragio</span> <span class='ocrx_word' id='word_1_472' title='bbox 502 3179 537 3210; x_wconf 89' lang='lat' dir='ltr'>et</span> <span class='ocrx_word' id='word_1_473' title='bbox 565 3179 648 3219; x_wconf 90' lang='lat' dir='ltr'>post</span> <span class='ocrx_word' id='word_1_474' title='bbox 670 3179 811 3220; x_wconf 90' lang='lat' dir='ltr'>tempus</span> <span class='ocrx_word' id='word_1_475' title='bbox 837 3177 1004 3218; x_wconf 86' lang='lat' dir='ltr'>extracti,</span> <span class='ocrx_word' id='word_1_476' title='bbox 1038 3187 1084 3211; x_wconf 86' lang='lat' dir='ltr'>an</span> <span class='ocrx_word' id='word_1_477' title='bbox 1109 3177 1220 3212; x_wconf 89' lang='lat' dir='ltr'>domi-</span> 
     </span>
     <span class='ocr_line' id='line_1_69' title="bbox 134 3220 1220 3266; baseline 0.001 -11"><span class='ocrx_word' id='word_1_478' title='bbox 134 3221 231 3255; x_wconf 92' lang='lat' dir='ltr'>nium</span> <span class='ocrx_word' id='word_1_479' title='bbox 255 3221 292 3255; x_wconf 91' lang='lat' dir='ltr'>in</span> <span class='ocrx_word' id='word_1_480' title='bbox 315 3222 453 3266; x_wconf 85' lang='lat' dir='ltr'>integro</span> <span class='ocrx_word' id='word_1_481' title='bbox 477 3221 546 3256; x_wconf 87' lang='lat' dir='ltr'>fuit</span> <span class='ocrx_word' id='word_1_482' title='bbox 569 3231 634 3264; x_wconf 91' lang='lat' dir='ltr'>per</span> <span class='ocrx_word' id='word_1_483' title='bbox 657 3220 694 3254; x_wconf 90' lang='lat' dir='ltr'>id</span> <span class='ocrx_word' id='word_1_484' title='bbox 718 3225 868 3265; x_wconf 85' lang='lat' dir='ltr'>tempus,</span> <span class='ocrx_word' id='word_1_485' title='bbox 894 3232 963 3265; x_wconf 91' lang='lat' dir='ltr'>quo</span> <span class='ocrx_word' id='word_1_486' title='bbox 988 3226 1091 3257; x_wconf 88' lang='lat' dir='ltr'>erant</span> <span class='ocrx_word' id='word_1_487' title='bbox 1102 3223 1220 3257; x_wconf 90' lang='lat' dir='ltr'>mersi.</span> 
     </span>
     <span class='ocr_line' id='line_1_70' title="bbox 133 3265 1222 3310; baseline 0.001 -9"><span class='ocrx_word' id='word_1_488' title='bbox 133 3276 198 3310; x_wconf 85' lang='lat' dir='ltr'>ego</span> <span class='ocrx_word' id='word_1_489' title='bbox 231 3265 426 3302; x_wconf 91' lang='lat' dir='ltr'>dominium</span> <span class='ocrx_word' id='word_1_490' title='bbox 457 3276 512 3301; x_wconf 90' lang='lat' dir='ltr'>me</span> <span class='ocrx_word' id='word_1_491' title='bbox 544 3266 697 3301; x_wconf 90' lang='lat' dir='ltr'>retinere</span> <span class='ocrx_word' id='word_1_492' title='bbox 720 3269 827 3310; x_wconf 91' lang='lat' dir='ltr'>puto,</span> <span class='ocrx_word' id='word_1_493' title='bbox 859 3268 1120 3310; x_wconf 88' lang='lat' dir='ltr'>possessionem</span> <span class='ocrx_word' id='word_1_494' title='bbox 1149 3278 1222 3302; x_wconf 91' lang='lat' dir='ltr'>non</span> 
     </span>
     <span class='ocr_line' id='line_1_71' title="bbox 134 3310 1220 3357; baseline 0.003 -13"><span class='ocrx_word' id='word_1_495' title='bbox 134 3315 240 3355; x_wconf 90' lang='lat' dir='ltr'>puto,</span> <span class='ocrx_word' id='word_1_496' title='bbox 272 3321 339 3346; x_wconf 90' lang='lat' dir='ltr'>nec</span> <span class='ocrx_word' id='word_1_497' title='bbox 372 3319 426 3346; x_wconf 86' lang='lat' dir='ltr'>est</span> <span class='ocrx_word' id='word_1_498' title='bbox 459 3311 571 3346; x_wconf 90' lang='lat' dir='ltr'>simile</span> <span class='ocrx_word' id='word_1_499' title='bbox 602 3310 767 3355; x_wconf 83' lang='lat' dir='ltr'>fugitivo:</span> <span class='ocrx_word' id='word_1_500' title='bbox 800 3321 953 3356; x_wconf 87' lang='lat' dir='ltr'>namque</span> <span class='ocrx_word' id='word_1_501' title='bbox 976 3311 1143 3357; x_wconf 82' lang='lat' dir='ltr'>fugitivus</span> <span class='ocrx_word' id='word_1_502' title='bbox 1167 3312 1220 3347; x_wconf 91' lang='lat' dir='ltr'>id-</span> 
     </span>
     <span class='ocr_line' id='line_1_72' title="bbox 136 3355 1222 3402; baseline 0.001 -12"><span class='ocrx_word' id='word_1_503' title='bbox 136 3356 230 3391; x_wconf 92' lang='lat' dir='ltr'>circo</span> <span class='ocrx_word' id='word_1_504' title='bbox 261 3366 283 3390; x_wconf 84' lang='lat' dir='ltr'>a</span> <span class='ocrx_word' id='word_1_505' title='bbox 314 3357 417 3391; x_wconf 92' lang='lat' dir='ltr'>nobis</span> <span class='ocrx_word' id='word_1_506' title='bbox 449 3355 624 3400; x_wconf 86' lang='lat' dir='ltr'>possideri</span> <span class='ocrx_word' id='word_1_507' title='bbox 647 3355 801 3397; x_wconf 85' lang='lat' dir='ltr'>videtur,</span> <span class='ocrx_word' id='word_1_508' title='bbox 834 3366 879 3390; x_wconf 89' lang='lat' dir='ltr'>ne</span> <span class='ocrx_word' id='word_1_509' title='bbox 911 3356 987 3401; x_wconf 89' lang='lat' dir='ltr'>ipse</span> <span class='ocrx_word' id='word_1_510' title='bbox 1018 3368 1083 3392; x_wconf 89' lang='lat' dir='ltr'>nos</span> <span class='ocrx_word' id='word_1_511' title='bbox 1107 3358 1222 3402; x_wconf 87' lang='lat' dir='ltr'>privet</span> 
     </span>
     <span class='ocr_line' id='line_1_73' title="bbox 140 3401 1221 3445; baseline 0.004 -12"><span class='ocrx_word' id='word_1_512' title='bbox 140 3404 152 3433; x_wconf 86' lang='lat'>1</span> <span class='ocrx_word' id='word_1_513' title='bbox 203 3402 446 3445; x_wconf 86' lang='lat' dir='ltr'>possessione:</span> <span class='ocrx_word' id='word_1_514' title='bbox 479 3406 516 3435; x_wconf 88' lang='lat' dir='ltr'>at</span> <span class='ocrx_word' id='word_1_515' title='bbox 547 3401 584 3435; x_wconf 90' lang='lat' dir='ltr'>in</span> <span class='ocrx_word' id='word_1_516' title='bbox 607 3401 786 3445; x_wconf 87' lang='lat' dir='ltr'>lapidibus</span> <span class='ocrx_word' id='word_1_517' title='bbox 819 3401 994 3436; x_wconf 90' lang='lat' dir='ltr'>diversum</span> <span class='ocrx_word' id='word_1_518' title='bbox 1018 3407 1082 3437; x_wconf 89' lang='lat' dir='ltr'>est.</span> <span class='ocrx_word' id='word_1_519' title='bbox 1133 3402 1221 3438; x_wconf 84' lang='lat' dir='ltr'>Cum</span> 
     </span>
     <span class='ocr_line' id='line_1_74' title="bbox 136 3445 1222 3489; baseline 0.002 -9"><span class='ocrx_word' id='word_1_520' title='bbox 136 3445 213 3489; x_wconf 88' lang='lat' dir='ltr'>quis</span> <span class='ocrx_word' id='word_1_521' title='bbox 237 3446 350 3480; x_wconf 92' lang='lat' dir='ltr'>utitur</span> <span class='ocrx_word' id='word_1_522' title='bbox 374 3446 587 3480; x_wconf 89' lang='lat' dir='ltr'>adminiculo</span> <span class='ocrx_word' id='word_1_523' title='bbox 614 3456 657 3480; x_wconf 86' lang='lat' dir='ltr'>ex</span> <span class='ocrx_word' id='word_1_524' title='bbox 681 3456 835 3489; x_wconf 91' lang='lat' dir='ltr'>persona</span> <span class='ocrx_word' id='word_1_525' title='bbox 853 3447 1020 3488; x_wconf 89' lang='lat' dir='ltr'>auctoris,</span> <span class='ocrx_word' id='word_1_526' title='bbox 1046 3448 1097 3482; x_wconf 92' lang='lat' dir='ltr'>uti</span> <span class='ocrx_word' id='word_1_527' title='bbox 1117 3448 1222 3482; x_wconf 91' lang='lat' dir='ltr'>debet</span> 
     </span>
     <span class='ocr_line' id='line_1_75' title="bbox 137 3491 1221 3535; baseline 0.002 -11"><span class='ocrx_word' id='word_1_528' title='bbox 137 3500 215 3525; x_wconf 90' lang='lat' dir='ltr'>cum</span> <span class='ocrx_word' id='word_1_529' title='bbox 248 3501 314 3526; x_wconf 88' lang='lat' dir='ltr'>sua</span> <span class='ocrx_word' id='word_1_530' title='bbox 350 3502 461 3526; x_wconf 83' lang='lat' dir='ltr'>causa</span> <span class='ocrx_word' id='word_1_531' title='bbox 491 3491 635 3535; x_wconf 88' lang='lat' dir='ltr'>suisque</span> <span class='ocrx_word' id='word_1_532' title='bbox 666 3491 776 3526; x_wconf 91' lang='lat' dir='ltr'>vitiis:</span> <span class='ocrx_word' id='word_1_533' title='bbox 815 3491 965 3535; x_wconf 89' lang='lat' dir='ltr'>denique</span> <span class='ocrx_word' id='word_1_534' title='bbox 998 3492 1159 3527; x_wconf 90' lang='lat' dir='ltr'>addimus</span> <span class='ocrx_word' id='word_1_535' title='bbox 1184 3493 1221 3526; x_wconf 91' lang='lat' dir='ltr'>in</span> 
     </span>
    </p>
   </div>
   <div class='ocr_carea' id='block_1_6' title="bbox 147 3567 335 3572">
    <p class='ocr_par' dir='ltr' id='par_1_13' title="bbox 147 3567 335 3572">
     <span class='ocr_line' id='line_1_76' title="bbox 147 3567 335 3572; baseline 0 0"><span class='ocrx_word' id='word_1_536' title='bbox 147 3567 335 3572; x_wconf 95' lang='lat' dir='ltr'> </span> 
     </span>
    </p>
   </div>
   <div class='ocr_carea' id='block_1_7' title="bbox 861 3605 1222 3692">
    <p class='ocr_par' dir='ltr' id='par_1_14' title="bbox 861 3605 1222 3692">
     <span class='ocr_line' id='line_1_77' title="bbox 861 3605 1222 3650; baseline 0.006 -13"><span class='ocrx_word' id='word_1_537' title='bbox 861 3606 903 3643; x_wconf 81' lang='lat'>(2)</span> <span class='ocrx_word' id='word_1_538' title='bbox 929 3605 994 3637; x_wconf 81' lang='lat' dir='ltr'>alia</span> <span class='ocrx_word' id='word_1_539' title='bbox 1014 3616 1079 3647; x_wconf 85' lang='lat' dir='ltr'>qua</span> <span class='ocrx_word' id='word_1_540' title='bbox 1102 3606 1222 3650; x_wconf 80' lang='lat' dir='ltr'>Menqe</span> 
     </span>
     <span class='ocr_line' id='line_1_78' title="bbox 877 3651 1219 3692; baseline 0.006 -10"><span class='ocrx_word' id='word_1_541' title='bbox 877 3654 918 3688; x_wconf 79' lang='grc'>(5)</span> <span class='ocrx_word' id='word_1_542' title='bbox 943 3651 1040 3682; x_wconf 84' lang='lat' dir='ltr'>===D.</span> <span class='ocrx_word' id='word_1_543' title='bbox 1053 3653 1219 3692; x_wconf 80' lang='lat'>50,17‚153</span> 
     </span>
    </p>
   </div>
   <div class='ocr_carea' id='block_1_8' title="bbox 136 3603 864 3770">
    <p class='ocr_par' dir='ltr' id='par_1_15' title="bbox 136 3603 719 3646">
     <span class='ocr_line' id='line_1_79' title="bbox 136 3603 719 3646; baseline 0 -10"><span class='ocrx_word' id='word_1_544' title='bbox 136 3604 176 3644; x_wconf 85' lang='lat'>(1)</span> <span class='ocrx_word' id='word_1_545' title='bbox 201 3605 240 3635; x_wconf 92' lang='lat' dir='ltr'>tu</span> <span class='ocrx_word' id='word_1_546' title='bbox 260 3605 369 3636; x_wconf 83' lang='lat' dir='ltr'>autem</span> <span class='ocrx_word' id='word_1_547' title='bbox 454 3603 579 3646; x_wconf 87' lang='lat' dir='ltr'>praedo</span> <span class='ocrx_word' id='word_1_548' title='bbox 600 3613 634 3636; x_wconf 80' lang='lat' dir='ltr'>es</span> <span class='ocrx_word' id='word_1_549' title='bbox 658 3604 719 3636; x_wconf 83' lang='lat' dir='ltr'>del.</span> 
     </span>
    </p>

    <p class='ocr_par' dir='ltr' id='par_1_16' title="bbox 137 3647 864 3770">
     <span class='ocr_line' id='line_1_80' title="bbox 137 3647 818 3690; baseline 0 -9"><span class='ocrx_word' id='word_1_550' title='bbox 137 3650 177 3689; x_wconf 86' lang='grc'>(3)</span> <span class='ocrx_word' id='word_1_551' title='bbox 204 3649 273 3690; x_wconf 89' lang='lat' dir='ltr'>qui]</span> <span class='ocrx_word' id='word_1_552' title='bbox 287 3649 316 3680; x_wconf 88' lang='lat' dir='ltr'>si</span> <span class='ocrx_word' id='word_1_553' title='bbox 328 3649 402 3690; x_wconf 85' lang='lat' dir='ltr'>quis</span> <span class='ocrx_word' id='word_1_554' title='bbox 414 3661 475 3681; x_wconf 75' lang='lat' dir='ltr'>scr.</span> <span class='ocrx_word' id='word_1_555' title='bbox 546 3650 588 3690; x_wconf 77' lang='lat'>(4)</span> <span class='ocrx_word' id='word_1_556' title='bbox 612 3647 700 3681; x_wconf 87' lang='lat' dir='ltr'>libro</span> <span class='ocrx_word' id='word_1_557' title='bbox 714 3661 770 3681; x_wconf 82' lang='lat' dir='ltr'>om.</span> <span class='ocrx_word' id='word_1_558' title='bbox 784 3649 818 3681; x_wconf 80' lang='lat' dir='ltr'><em>F</em></span> 
     </span>
     <span class='ocr_line' id='line_1_81' title="bbox 137 3693 864 3736; baseline 0.001 -12"><span class='ocrx_word' id='word_1_559' title='bbox 137 3693 181 3732; x_wconf 83' lang='grc'>(6)</span> <span class='ocrx_word' id='word_1_560' title='bbox 207 3696 245 3724; x_wconf 83' lang='lat' dir='ltr'>ut</span> <span class='ocrx_word' id='word_1_561' title='bbox 256 3694 362 3735; x_wconf 79' lang='lat' dir='ltr'>igitur</span> <span class='ocrx_word' id='word_1_562' title='bbox 374 3694 418 3725; x_wconf 89' lang='lat' dir='ltr'>D.</span> <span class='ocrx_word' id='word_1_563' title='bbox 436 3694 455 3725; x_wconf 83' lang='lat' dir='ltr'>l.</span> <span class='ocrx_word' id='word_1_564' title='bbox 469 3694 597 3736; x_wconf 73' lang='lat' dir='ltr'>yemino</span> <span class='ocrx_word' id='word_1_565' title='bbox 611 3706 707 3736; x_wconf 81' lang='lat' dir='ltr'>eoque</span> <span class='ocrx_word' id='word_1_566' title='bbox 717 3695 864 3736; x_wconf 80' lang='lat' dir='ltr'>pleniore</span> 
     </span>
     <span class='ocr_line' id='line_1_82' title="bbox 137 3745 212 3770; baseline 0 0"><span class='ocrx_word' id='word_1_567' title='bbox 137 3745 153 3770; x_wconf 83' lang='lat'><em>2</em></span> <span class='ocrx_word' id='word_1_568' title='bbox 179 3746 212 3770; x_wconf 69' lang='lat'>46</span> 
     </span>
    </p>
   </div>
   <div class='ocr_carea' id='block_1_9' title="bbox 284 3697 1222 3780">
    <p class='ocr_par' dir='ltr' id='par_1_17' title="bbox 284 3697 1222 3780">
     <span class='ocr_line' id='line_1_83' title="bbox 284 3697 1222 3780; baseline 0.001 -8"><span class='ocrx_word' id='word_1_569' title='bbox 284 3740 327 3780; x_wconf 82' lang='grc'>(8)</span> <span class='ocrx_word' id='word_1_570' title='bbox 352 3738 382 3770; x_wconf 83' lang='lat' dir='ltr'>si</span> <span class='ocrx_word' id='word_1_571' title='bbox 393 3738 467 3779; x_wconf 81' lang='lat' dir='ltr'>quis</span> <span class='ocrx_word' id='word_1_572' title='bbox 480 3738 680 3770; x_wconf 86' lang='lat' dir='ltr'>conduxerit</span> <span class='ocrx_word' id='word_1_573' title='bbox 692 3749 827 3771; x_wconf 88' lang='lat' dir='ltr'>nummo</span> <span class='ocrx_word' id='word_1_574' title='bbox 840 3749 919 3780; x_wconf 91' lang='lat' dir='ltr'>uno,</span> <span class='ocrx_word' id='word_1_575' title='bbox 934 3697 1222 3773; x_wconf 46' lang='lat' dir='ltr'>fflndxicssolgulllk</span> 
     </span>
    </p>
   </div>
   <div class='ocr_carea' id='block_1_10' title="bbox 1203 110 1287 158">
    <p class='ocr_par' dir='ltr' id='par_1_18' title="bbox 1203 110 1287 158">
     <span class='ocr_line' id='line_1_84' title="bbox 1203 110 1287 158; baseline 0 0"><span class='ocrx_word' id='word_1_576' title='bbox 1203 110 1287 158; x_wconf 79' lang='lat'>653</span> 
     </span>
    </p>
   </div>
   <div class='ocr_carea' id='block_1_11' title="bbox 1250 237 1254 311">
    <p class='ocr_par' dir='ltr' id='par_1_19' title="bbox 1250 237 1254 311">
     <span class='ocr_line' id='line_1_85' title="bbox 1250 237 1254 311; baseline 0 0"><span class='ocrx_word' id='word_1_577' title='bbox 1250 237 1254 311; x_wconf 95' lang='lat' dir='ltr'> </span> 
     </span>
    </p>
   </div>
   <div class='ocr_carea' id='block_1_12' title="bbox 2125 116 2370 157">
    <p class='ocr_par' dir='ltr' id='par_1_20' title="bbox 2125 116 2370 157">
     <span class='ocr_line' id='line_1_86' title="bbox 2125 116 2370 157; baseline -0.004 0"><span class='ocrx_word' id='word_1_578' title='bbox 2125 116 2317 157; x_wconf 85' lang='lat' dir='ltr'>XXXXl</span> <span class='ocrx_word' id='word_1_579' title='bbox 2346 121 2370 156; x_wconf 79' lang='lat'>2</span> 
     </span>
    </p>
   </div>
   <div class='ocr_carea' id='block_1_13' title="bbox 1288 178 1446 183">
    <p class='ocr_par' dir='ltr' id='par_1_21' title="bbox 1288 178 1446 183">
     <span class='ocr_line' id='line_1_87' title="bbox 1288 178 1446 183; baseline 0 0"><span class='ocrx_word' id='word_1_580' title='bbox 1288 178 1446 183; x_wconf 95' lang='lat' dir='ltr'> </span> 
     </span>
    </p>
   </div>
   <div class='ocr_carea' id='block_1_14' title="bbox 1287 231 2368 283">
    <p class='ocr_par' dir='ltr' id='par_1_22' title="bbox 1287 231 2368 283">
     <span class='ocr_line' id='line_1_88' title="bbox 1287 231 2368 283; baseline 0.003 -12"><span class='ocrx_word' id='word_1_581' title='bbox 1287 236 1495 271; x_wconf 84' lang='lat' dir='ltr'>accessione</span> <span class='ocrx_word' id='word_1_582' title='bbox 1534 231 1579 270; x_wconf 89' lang='lat' dir='ltr'>de</span> <span class='ocrx_word' id='word_1_583' title='bbox 1618 236 1651 269; x_wconf 90' lang='lat' dir='ltr'>vi</span> <span class='ocrx_word' id='word_1_584' title='bbox 1690 241 1724 270; x_wconf 87' lang='lat' dir='ltr'>et</span> <span class='ocrx_word' id='word_1_585' title='bbox 1765 238 1854 272; x_wconf 88' lang='lat' dir='ltr'>clam</span> <span class='ocrx_word' id='word_1_586' title='bbox 1894 243 1929 272; x_wconf 87' lang='lat' dir='ltr'>et</span> <span class='ocrx_word' id='word_1_587' title='bbox 1965 240 2127 283; x_wconf 88' lang='lat' dir='ltr'>precario</span> <span class='ocrx_word' id='word_1_588' title='bbox 2165 239 2368 274; x_wconf 87' lang='lat' dir='ltr'>venditoris.</span> 
     </span>
    </p>
   </div>
   <div class='ocr_carea' id='block_1_15' title="bbox 1252 281 2368 327">
    <p class='ocr_par' dir='ltr' id='par_1_23' title="bbox 1252 281 2368 327">
     <span class='ocr_line' id='line_1_89' title="bbox 1252 281 2368 327; baseline 0.004 -12"><span class='ocrx_word' id='word_1_589' title='bbox 1252 315 1253 320; x_wconf 65' lang='grc'><strong>,</strong></span> <span class='ocrx_word' id='word_1_590' title='bbox 1287 286 1305 315; x_wconf 74' lang='lat'>2</span> <span class='ocrx_word' id='word_1_591' title='bbox 1354 281 1545 316; x_wconf 83' lang='lat' dir='ltr'>Praeterea</span> <span class='ocrx_word' id='word_1_592' title='bbox 1577 281 1776 324; x_wconf 87' lang='lat' dir='ltr'>quaeritur,</span> <span class='ocrx_word' id='word_1_593' title='bbox 1818 284 1848 317; x_wconf 90' lang='lat' dir='ltr'>si</span> <span class='ocrx_word' id='word_1_594' title='bbox 1881 285 1958 327; x_wconf 89' lang='lat' dir='ltr'>quis</span> <span class='ocrx_word' id='word_1_595' title='bbox 1988 285 2165 319; x_wconf 83' lang='lat' dir='ltr'>hominem</span> <span class='ocrx_word' id='word_1_596' title='bbox 2197 286 2368 320; x_wconf 81' lang='lat' dir='ltr'>venditori</span> 
     </span>
    </p>
   </div>
   <div class='ocr_carea' id='block_1_16' title="bbox 1286 326 2380 3535">
    <p class='ocr_par' dir='ltr' id='par_1_24' title="bbox 1286 326 2380 2409">
     <span class='ocr_line' id='line_1_90' title="bbox 1286 326 2366 374; baseline 0.004 -13"><span class='ocrx_word' id='word_1_597' title='bbox 1286 326 1516 367; x_wconf 87' lang='lat' dir='ltr'>redhibuerit,</span> <span class='ocrx_word' id='word_1_598' title='bbox 1542 336 1589 360; x_wconf 87' lang='lat' dir='ltr'>an</span> <span class='ocrx_word' id='word_1_599' title='bbox 1609 326 1814 362; x_wconf 84' lang='lat' dir='ltr'>accessione</span> <span class='ocrx_word' id='word_1_600' title='bbox 1838 329 1890 362; x_wconf 92' lang='lat' dir='ltr'>uti</span> <span class='ocrx_word' id='word_1_601' title='bbox 1913 329 2027 372; x_wconf 86' lang='lat' dir='ltr'>possit</span> <span class='ocrx_word' id='word_1_602' title='bbox 2046 340 2088 364; x_wconf 87' lang='lat' dir='ltr'>ex</span> <span class='ocrx_word' id='word_1_603' title='bbox 2109 340 2264 374; x_wconf 85' lang='lat' dir='ltr'>persona</span> <span class='ocrx_word' id='word_1_604' title='bbox 2282 331 2366 365; x_wconf 80' lang='lat' dir='ltr'>eius.</span> 
     </span>
     <span class='ocr_line' id='line_1_91' title="bbox 1287 371 2372 418; baseline 0.003 -12"><span class='ocrx_word' id='word_1_605' title='bbox 1287 375 1322 406; x_wconf 85' lang='lat' dir='ltr'>et</span> <span class='ocrx_word' id='word_1_606' title='bbox 1354 376 1439 406; x_wconf 87' lang='lat' dir='ltr'>sunt</span> <span class='ocrx_word' id='word_1_607' title='bbox 1462 371 1521 416; x_wconf 91' lang='lat' dir='ltr'>qui</span> <span class='ocrx_word' id='word_1_608' title='bbox 1552 375 1680 415; x_wconf 88' lang='lat' dir='ltr'>putent</span> <span class='ocrx_word' id='word_1_609' title='bbox 1704 383 1773 406; x_wconf 90' lang='lat' dir='ltr'>non</span> <span class='ocrx_word' id='word_1_610' title='bbox 1800 383 1925 416; x_wconf 87' lang='lat' dir='ltr'>posse,</span> <span class='ocrx_word' id='word_1_611' title='bbox 1960 375 2043 418; x_wconf 89' lang='lat' dir='ltr'>quia</span> <span class='ocrx_word' id='word_1_612' title='bbox 2076 376 2286 410; x_wconf 87' lang='lat' dir='ltr'>venditionis</span> <span class='ocrx_word' id='word_1_613' title='bbox 2319 379 2372 410; x_wconf 86' lang='lat' dir='ltr'>est</span> 
     </span>
     <span class='ocr_line' id='line_1_92' title="bbox 1286 416 2369 462; baseline 0.006 -12"><span class='ocrx_word' id='word_1_614' title='bbox 1286 417 1456 451; x_wconf 82' lang='lat' dir='ltr'>resolutio</span> <span class='ocrx_word' id='word_1_615' title='bbox 1490 416 1699 451; x_wconf 87' lang='lat' dir='ltr'>redhibitio:</span> <span class='ocrx_word' id='word_1_616' title='bbox 1734 417 1793 451; x_wconf 86' lang='lat' dir='ltr'>alii</span> <span class='ocrx_word' id='word_1_617' title='bbox 1817 422 2008 462; x_wconf 84' lang='lat' dir='ltr'>emptorem</span> <span class='ocrx_word' id='word_1_618' title='bbox 2033 420 2224 455; x_wconf 88' lang='lat' dir='ltr'>venditoris</span> <span class='ocrx_word' id='word_1_619' title='bbox 2249 431 2369 456; x_wconf 83' lang='lat' dir='ltr'>acces-</span> 
     </span>
     <span class='ocr_line' id='line_1_93' title="bbox 1287 461 2371 510; baseline 0.004 -14"><span class='ocrx_word' id='word_1_620' title='bbox 1287 462 1385 496; x_wconf 88' lang='lat' dir='ltr'>sione</span> <span class='ocrx_word' id='word_1_621' title='bbox 1418 472 1564 496; x_wconf 93' lang='lat' dir='ltr'>usurum</span> <span class='ocrx_word' id='word_1_622' title='bbox 1597 464 1632 496; x_wconf 91' lang='lat' dir='ltr'>et</span> <span class='ocrx_word' id='word_1_623' title='bbox 1662 461 1880 496; x_wconf 86' lang='lat' dir='ltr'>venditorem</span> <span class='ocrx_word' id='word_1_624' title='bbox 1914 465 2098 507; x_wconf 83' lang='lat' dir='ltr'>emptoris,</span> <span class='ocrx_word' id='word_1_625' title='bbox 2134 466 2229 509; x_wconf 88' lang='lat' dir='ltr'>quod</span> <span class='ocrx_word' id='word_1_626' title='bbox 2262 467 2371 510; x_wconf 83' lang='lat' dir='ltr'>magis</span> 
     </span>
     <span class='ocr_line' id='line_1_94' title="bbox 1288 507 2370 551; baseline 0.005 -11"><span class='ocrx_word' id='word_1_627' title='bbox 1288 511 1306 541; x_wconf 69' lang='grc'><strong><em>3</em></strong></span> <span class='ocrx_word' id='word_1_628' title='bbox 1354 507 1578 551; x_wconf 88' lang='lat' dir='ltr'>probandum</span> <span class='ocrx_word' id='word_1_629' title='bbox 1602 510 1700 551; x_wconf 90' lang='lat' dir='ltr'>puto.</span> <span class='ocrx_word' id='word_1_630' title='bbox 1751 507 1788 541; x_wconf 82' lang='lat' dir='ltr'>Si</span> <span class='ocrx_word' id='word_1_631' title='bbox 1811 507 1900 542; x_wconf 87' lang='lat' dir='ltr'>liber</span> <span class='ocrx_word' id='word_1_632' title='bbox 1924 509 2027 544; x_wconf 91' lang='lat' dir='ltr'>homo</span> <span class='ocrx_word' id='word_1_633' title='bbox 2060 511 2113 544; x_wconf 89' lang='lat' dir='ltr'>vel</span> <span class='ocrx_word' id='word_1_634' title='bbox 2138 511 2271 545; x_wconf 87' lang='lat' dir='ltr'>alienus</span> <span class='ocrx_word' id='word_1_635' title='bbox 2298 522 2370 545; x_wconf 83' lang='lat' dir='ltr'>ser-</span> 
     </span>
     <span class='ocr_line' id='line_1_95' title="bbox 1286 551 2371 598; baseline 0.004 -12"><span class='ocrx_word' id='word_1_636' title='bbox 1286 563 1362 594; x_wconf 89' lang='lat' dir='ltr'>vus,</span> <span class='ocrx_word' id='word_1_637' title='bbox 1389 563 1469 586; x_wconf 92' lang='lat' dir='ltr'>cum</span> <span class='ocrx_word' id='word_1_638' title='bbox 1494 553 1589 587; x_wconf 89' lang='lat' dir='ltr'>bona</span> <span class='ocrx_word' id='word_1_639' title='bbox 1613 551 1683 586; x_wconf 83' lang='lat' dir='ltr'>fide</span> <span class='ocrx_word' id='word_1_640' title='bbox 1702 552 1922 594; x_wconf 65' lang='lat' dir='ltr'>servirentw,</span> <span class='ocrx_word' id='word_1_641' title='bbox 1949 557 2229 598; x_wconf 82' lang='lat' dir='ltr'>comparaverint</span> <span class='ocrx_word' id='word_1_642' title='bbox 2253 562 2289 590; x_wconf 91' lang='lat' dir='ltr'>et</span> <span class='ocrx_word' id='word_1_643' title='bbox 2314 557 2371 591; x_wconf 89' lang='lat' dir='ltr'>alii</span> 
     </span>
     <span class='ocr_line' id='line_1_96' title="bbox 1287 597 2370 645; baseline 0.005 -14"><span class='ocrx_word' id='word_1_644' title='bbox 1287 597 1519 641; x_wconf 87' lang='lat' dir='ltr'>adquisierint</span> <span class='ocrx_word' id='word_1_645' title='bbox 1543 597 1815 641; x_wconf 88' lang='lat' dir='ltr'>possessionem,</span> <span class='ocrx_word' id='word_1_646' title='bbox 1842 607 1955 641; x_wconf 88' lang='lat' dir='ltr'>neque</span> <span class='ocrx_word' id='word_1_647' title='bbox 1978 599 2125 634; x_wconf 84' lang='lat' dir='ltr'>liberum</span> <span class='ocrx_word' id='word_1_648' title='bbox 2150 611 2263 645; x_wconf 87' lang='lat' dir='ltr'>neque</span> <span class='ocrx_word' id='word_1_649' title='bbox 2282 603 2370 636; x_wconf 88' lang='lat' dir='ltr'>servi</span> 
     </span>
     <span class='ocr_line' id='line_1_97' title="bbox 1288 642 2371 688; baseline 0.005 -12"><span class='ocrx_word' id='word_1_650' title='bbox 1288 646 1308 676; x_wconf 84' lang='lat'>4</span> <span class='ocrx_word' id='word_1_651' title='bbox 1355 642 1535 677; x_wconf 90' lang='lat' dir='ltr'>dominum</span> <span class='ocrx_word' id='word_1_652' title='bbox 1570 642 1699 677; x_wconf 90' lang='lat' dir='ltr'>debere</span> <span class='ocrx_word' id='word_1_653' title='bbox 1732 643 1782 676; x_wconf 90' lang='lat' dir='ltr'>uti</span> <span class='ocrx_word' id='word_1_654' title='bbox 1809 644 2023 678; x_wconf 86' lang='lat' dir='ltr'>accessione.</span> <span class='ocrx_word' id='word_1_655' title='bbox 2072 645 2275 688; x_wconf 75' lang='lat' dir='ltr'>Quaesitum</span> <span class='ocrx_word' id='word_1_656' title='bbox 2307 653 2371 685; x_wconf 76' lang='lat' dir='ltr'>est,</span> 
     </span>
     <span class='ocr_line' id='line_1_98' title="bbox 1287 687 2370 735; baseline 0.003 -13"><span class='ocrx_word' id='word_1_657' title='bbox 1287 688 1317 722; x_wconf 91' lang='lat' dir='ltr'>si</span> <span class='ocrx_word' id='word_1_658' title='bbox 1342 688 1445 722; x_wconf 87' lang='lat' dir='ltr'>heres</span> <span class='ocrx_word' id='word_1_659' title='bbox 1478 689 1578 731; x_wconf 89' lang='lat' dir='ltr'>prius</span> <span class='ocrx_word' id='word_1_660' title='bbox 1610 699 1682 722; x_wconf 89' lang='lat' dir='ltr'>non</span> <span class='ocrx_word' id='word_1_661' title='bbox 1712 687 1969 732; x_wconf 88' lang='lat' dir='ltr'>possederat¹¹‚</span> <span class='ocrx_word' id='word_1_662' title='bbox 2004 699 2049 723; x_wconf 82' lang='lat' dir='ltr'>an</span> <span class='ocrx_word' id='word_1_663' title='bbox 2082 692 2263 725; x_wconf 86' lang='lat' dir='ltr'>testatoris</span> <span class='ocrx_word' id='word_1_664' title='bbox 2291 703 2370 735; x_wconf 86' lang='lat' dir='ltr'>pos-</span> 
     </span>
     <span class='ocr_line' id='line_1_99' title="bbox 1289 732 2370 781; baseline 0.004 -14"><span class='ocrx_word' id='word_1_665' title='bbox 1289 733 1400 767; x_wconf 89' lang='lat' dir='ltr'>sessio</span> <span class='ocrx_word' id='word_1_666' title='bbox 1439 732 1470 767; x_wconf 84' lang='grc'>01</span> <span class='ocrx_word' id='word_1_667' title='bbox 1519 733 1678 767; x_wconf 86' lang='lat' dir='ltr'>accedat.</span> <span class='ocrx_word' id='word_1_668' title='bbox 1727 738 1763 767; x_wconf 88' lang='lat' dir='ltr'>et</span> <span class='ocrx_word' id='word_1_669' title='bbox 1794 733 1935 777; x_wconf 92' lang='lat' dir='ltr'>quidem</span> <span class='ocrx_word' id='word_1_670' title='bbox 1968 734 2001 767; x_wconf 87' lang='lat' dir='ltr'>in</span> <span class='ocrx_word' id='word_1_671' title='bbox 2039 737 2256 778; x_wconf 82' lang='lat' dir='ltr'>emptoribus</span> <span class='ocrx_word' id='word_1_672' title='bbox 2290 748 2370 781; x_wconf 91' lang='lat' dir='ltr'>pos-</span> 
     </span>
     <span class='ocr_line' id='line_1_100' title="bbox 1289 778 2371 822; baseline 0.001 -9"><span class='ocrx_word' id='word_1_673' title='bbox 1289 778 1399 813; x_wconf 84' lang='lat' dir='ltr'>sessio</span> <span class='ocrx_word' id='word_1_674' title='bbox 1436 778 1725 822; x_wconf 88' lang='lat' dir='ltr'>interrumpitur,</span> <span class='ocrx_word' id='word_1_675' title='bbox 1768 778 1829 812; x_wconf 90' lang='lat' dir='ltr'>sed</span> <span class='ocrx_word' id='word_1_676' title='bbox 1873 789 1945 812; x_wconf 93' lang='lat' dir='ltr'>non</span> <span class='ocrx_word' id='word_1_677' title='bbox 1979 779 2070 813; x_wconf 85' lang='lat' dir='ltr'>idem</span> <span class='ocrx_word' id='word_1_678' title='bbox 2113 780 2148 814; x_wconf 91' lang='lat' dir='ltr'>in</span> <span class='ocrx_word' id='word_1_679' title='bbox 2186 782 2371 816; x_wconf 71' lang='lat' dir='ltr'>heredibus</span> 
     </span>
     <span class='ocr_line' id='line_1_101' title="bbox 1287 823 2373 868; baseline 0.004 -11"><span class='ocrx_word' id='word_1_680' title='bbox 1287 823 1447 867; x_wconf 90' lang='lat' dir='ltr'>plerique</span> <span class='ocrx_word' id='word_1_681' title='bbox 1465 824 1631 867; x_wconf 87' lang='lat' dir='ltr'>probant,</span> <span class='ocrx_word' id='word_1_682' title='bbox 1658 824 1827 868; x_wconf 87' lang='lat' dir='ltr'>quoniam</span> <span class='ocrx_word' id='word_1_683' title='bbox 1846 823 1984 867; x_wconf 88' lang='lat' dir='ltr'>plenius</span> <span class='ocrx_word' id='word_1_684' title='bbox 1997 831 2051 859; x_wconf 88' lang='lat' dir='ltr'>est</span> <span class='ocrx_word' id='word_1_685' title='bbox 2069 825 2125 859; x_wconf 84' lang='lat' dir='ltr'>ius</span> <span class='ocrx_word' id='word_1_686' title='bbox 2139 828 2373 861; x_wconf 80' lang='lat' dir='ltr'>successionis</span> 
     </span>
     <span class='ocr_line' id='line_1_102' title="bbox 1289 868 2372 916; baseline 0.003 -13"><span class='ocrx_word' id='word_1_687' title='bbox 1289 879 1395 912; x_wconf 89' lang='lat' dir='ltr'>quam</span> <span class='ocrx_word' id='word_1_688' title='bbox 1425 868 1633 912; x_wconf 89' lang='lat' dir='ltr'>emptionis:</span> <span class='ocrx_word' id='word_1_689' title='bbox 1669 869 1731 903; x_wconf 89' lang='lat' dir='ltr'>sed</span> <span class='ocrx_word' id='word_1_690' title='bbox 1763 869 1930 913; x_wconf 88' lang='lat' dir='ltr'>suptilius</span> <span class='ocrx_word' id='word_1_691' title='bbox 1964 874 2017 904; x_wconf 88' lang='lat' dir='ltr'>est</span> <span class='ocrx_word' id='word_1_692' title='bbox 2050 870 2143 913; x_wconf 91' lang='lat' dir='ltr'>quod</span> <span class='ocrx_word' id='word_1_693' title='bbox 2176 872 2213 905; x_wconf 90' lang='lat' dir='ltr'>in</span> <span class='ocrx_word' id='word_1_694' title='bbox 2238 876 2372 916; x_wconf 80' lang='lat' dir='ltr'>empto-</span> 
     </span>
     <span class='ocr_line' id='line_1_103' title="bbox 1289 913 2372 959; baseline 0.003 -12"><span class='ocrx_word' id='word_1_695' title='bbox 1289 917 1307 947; x_wconf 85' lang='lat'>5</span> <span class='ocrx_word' id='word_1_696' title='bbox 1355 924 1440 956; x_wconf 88' lang='lat' dir='ltr'>rem,</span> <span class='ocrx_word' id='word_1_697' title='bbox 1459 914 1548 948; x_wconf 89' lang='lat' dir='ltr'>etin</span> <span class='ocrx_word' id='word_1_698' title='bbox 1571 913 1737 949; x_wconf 86' lang='lat' dir='ltr'>heredem</span> <span class='ocrx_word' id='word_1_699' title='bbox 1758 914 1795 948; x_wconf 93' lang='lat' dir='ltr'>id</span> <span class='ocrx_word' id='word_1_700' title='bbox 1809 924 1950 958; x_wconf 89' lang='lat' dir='ltr'>quoque</span> <span class='ocrx_word' id='word_1_701' title='bbox 1969 915 2125 959; x_wconf 88' lang='lat' dir='ltr'>probari.</span> <span class='ocrx_word' id='word_1_702' title='bbox 2163 916 2243 951; x_wconf 91' lang='lat' dir='ltr'>Non</span> <span class='ocrx_word' id='word_1_703' title='bbox 2257 921 2372 950; x_wconf 86' lang='lat' dir='ltr'>autem</span> 
     </span>
     <span class='ocr_line' id='line_1_104' title="bbox 1289 959 2372 1006; baseline 0.003 -13"><span class='ocrx_word' id='word_1_704' title='bbox 1289 969 1331 993; x_wconf 89' lang='lat' dir='ltr'>ea</span> <span class='ocrx_word' id='word_1_705' title='bbox 1356 962 1498 993; x_wconf 85' lang='lat' dir='ltr'>tantum</span> <span class='ocrx_word' id='word_1_706' title='bbox 1521 959 1702 1003; x_wconf 89' lang='lat' dir='ltr'>possessio</span> <span class='ocrx_word' id='word_1_707' title='bbox 1727 960 1910 994; x_wconf 87' lang='lat' dir='ltr'>testatoris</span> <span class='ocrx_word' id='word_1_708' title='bbox 1935 960 2055 994; x_wconf 88' lang='lat' dir='ltr'>heredi</span> <span class='ocrx_word' id='word_1_709' title='bbox 2080 961 2258 1003; x_wconf 88' lang='lat' dir='ltr'>procedit,</span> <span class='ocrx_word' id='word_1_710' title='bbox 2284 973 2372 1006; x_wconf 80' lang='lat' dir='ltr'>quae</span> 
     </span>
     <span class='ocr_line' id='line_1_105' title="bbox 1289 1004 2374 1051; baseline 0.002 -12"><span class='ocrx_word' id='word_1_711' title='bbox 1289 1005 1394 1039; x_wconf 88' lang='lat' dir='ltr'>morti</span> <span class='ocrx_word' id='word_1_712' title='bbox 1418 1004 1487 1038; x_wconf 87' lang='lat' dir='ltr'>fuit</span> <span class='ocrx_word' id='word_1_713' title='bbox 1510 1005 1681 1046; x_wconf 89' lang='lat' dir='ltr'>iniuncta,</span> <span class='ocrx_word' id='word_1_714' title='bbox 1707 1015 1826 1040; x_wconf 86' lang='lat' dir='ltr'>verum</span> <span class='ocrx_word' id='word_1_715' title='bbox 1853 1016 1894 1039; x_wconf 82' lang='lat' dir='ltr'>ea</span> <span class='ocrx_word' id='word_1_716' title='bbox 1919 1016 2067 1049; x_wconf 82' lang='lat' dir='ltr'>quoque,</span> <span class='ocrx_word' id='word_1_717' title='bbox 2094 1016 2185 1050; x_wconf 88' lang='lat' dir='ltr'>quae</span> <span class='ocrx_word' id='word_1_718' title='bbox 2209 1018 2374 1051; x_wconf 87' lang='lat' dir='ltr'>umquam</span> 
     </span>
     <span class='ocr_line' id='line_1_106' title="bbox 1290 1049 2376 1095; baseline 0.003 -12"><span class='ocrx_word' id='word_1_719' title='bbox 1290 1052 1309 1083; x_wconf 83' lang='lat'>6</span> <span class='ocrx_word' id='word_1_720' title='bbox 1356 1049 1541 1085; x_wconf 86' lang='lat' dir='ltr'>testatoris</span> <span class='ocrx_word' id='word_1_721' title='bbox 1578 1049 1697 1085; x_wconf 85' lang='lat' dir='ltr'>fuerit.</span> <span class='ocrx_word' id='word_1_722' title='bbox 1753 1050 1795 1084; x_wconf 90' lang='lat' dir='ltr'>In</span> <span class='ocrx_word' id='word_1_723' title='bbox 1832 1050 1914 1085; x_wconf 92' lang='lat' dir='ltr'>dote</span> <span class='ocrx_word' id='word_1_724' title='bbox 1954 1061 2094 1095; x_wconf 87' lang='lat' dir='ltr'>quoque</span> <span class='ocrx_word' id='word_1_725' title='bbox 2132 1051 2162 1085; x_wconf 92' lang='lat' dir='ltr'>si</span> <span class='ocrx_word' id='word_1_726' title='bbox 2198 1051 2280 1085; x_wconf 80' lang='lat' dir='ltr'>data</span> <span class='ocrx_word' id='word_1_727' title='bbox 2320 1063 2376 1086; x_wconf 85' lang='lat' dir='ltr'>res</span> 
     </span>
     <span class='ocr_line' id='line_1_107' title="bbox 1289 1094 2375 1139; baseline 0.001 -9"><span class='ocrx_word' id='word_1_728' title='bbox 1289 1094 1398 1130; x_wconf 88' lang='lat' dir='ltr'>fuerit</span> <span class='ocrx_word' id='word_1_729' title='bbox 1421 1095 1477 1129; x_wconf 90' lang='lat' dir='ltr'>vel</span> <span class='ocrx_word' id='word_1_730' title='bbox 1502 1106 1545 1129; x_wconf 82' lang='lat' dir='ltr'>ex</span> <span class='ocrx_word' id='word_1_731' title='bbox 1568 1095 1651 1130; x_wconf 87' lang='lat' dir='ltr'>dote</span> <span class='ocrx_word' id='word_1_732' title='bbox 1674 1099 1839 1139; x_wconf 88' lang='lat' dir='ltr'>recepta,</span> <span class='ocrx_word' id='word_1_733' title='bbox 1870 1095 2028 1130; x_wconf 85' lang='lat' dir='ltr'>accessio</span> <span class='ocrx_word' id='word_1_734' title='bbox 2054 1096 2197 1130; x_wconf 90' lang='lat' dir='ltr'>dabitur</span> <span class='ocrx_word' id='word_1_735' title='bbox 2226 1097 2278 1131; x_wconf 90' lang='lat' dir='ltr'>vel</span> <span class='ocrx_word' id='word_1_736' title='bbox 2304 1108 2375 1131; x_wconf 86' lang='lat' dir='ltr'>ma-</span> 
     </span>
     <span class='ocr_line' id='line_1_108' title="bbox 1290 1140 2375 1185; baseline 0.002 -11"><span class='ocrx_word' id='word_1_737' title='bbox 1290 1143 1307 1174; x_wconf 86' lang='lat'>7</span> <span class='ocrx_word' id='word_1_738' title='bbox 1356 1141 1426 1175; x_wconf 91' lang='lat' dir='ltr'>rito</span> <span class='ocrx_word' id='word_1_739' title='bbox 1450 1141 1506 1175; x_wconf 89' lang='lat' dir='ltr'>vel</span> <span class='ocrx_word' id='word_1_740' title='bbox 1531 1140 1645 1175; x_wconf 84' lang='lat' dir='ltr'>uxori.</span> <span class='ocrx_word' id='word_1_741' title='bbox 1694 1140 1731 1176; x_wconf 90' lang='lat' dir='ltr'>Si</span> <span class='ocrx_word' id='word_1_742' title='bbox 1754 1142 1801 1182; x_wconf 91' lang='lat' dir='ltr'>is,</span> <span class='ocrx_word' id='word_1_743' title='bbox 1827 1141 1888 1185; x_wconf 91' lang='lat' dir='ltr'>qui</span> <span class='ocrx_word' id='word_1_744' title='bbox 1912 1142 2074 1185; x_wconf 70' lang='lat' dir='ltr'>precario</span> <span class='ocrx_word' id='word_1_745' title='bbox 2100 1142 2291 1184; x_wconf 81' lang='lat' dir='ltr'>concessit,</span> <span class='ocrx_word' id='word_1_746' title='bbox 2317 1153 2375 1176; x_wconf 87' lang='lat' dir='ltr'>ac-</span> 
     </span>
     <span class='ocr_line' id='line_1_109' title="bbox 1290 1186 2376 1230; baseline 0.001 -10"><span class='ocrx_word' id='word_1_747' title='bbox 1290 1186 1450 1220; x_wconf 88' lang='lat' dir='ltr'>cessione</span> <span class='ocrx_word' id='word_1_748' title='bbox 1474 1186 1558 1220; x_wconf 90' lang='lat' dir='ltr'>velit</span> <span class='ocrx_word' id='word_1_749' title='bbox 1586 1186 1638 1220; x_wconf 88' lang='lat' dir='ltr'>uti</span> <span class='ocrx_word' id='word_1_750' title='bbox 1664 1196 1708 1220; x_wconf 86' lang='lat' dir='ltr'>ex</span> <span class='ocrx_word' id='word_1_751' title='bbox 1736 1197 1891 1230; x_wconf 83' lang='lat' dir='ltr'>persona</span> <span class='ocrx_word' id='word_1_752' title='bbox 1921 1187 1996 1221; x_wconf 86' lang='lat' dir='ltr'>eius</span> <span class='ocrx_word' id='word_1_753' title='bbox 2023 1187 2081 1221; x_wconf 89' lang='lat' dir='ltr'>cui</span> <span class='ocrx_word' id='word_1_754' title='bbox 2106 1187 2298 1228; x_wconf 86' lang='lat' dir='ltr'>concessit,</span> <span class='ocrx_word' id='word_1_755' title='bbox 2332 1198 2376 1221; x_wconf 89' lang='lat' dir='ltr'>an</span> 
     </span>
     <span class='ocr_line' id='line_1_110' title="bbox 1288 1231 2376 1276; baseline 0.001 -11"><span class='ocrx_word' id='word_1_756' title='bbox 1288 1231 1421 1275; x_wconf 86' lang='lat' dir='ltr'>possit,</span> <span class='ocrx_word' id='word_1_757' title='bbox 1454 1231 1649 1275; x_wconf 86' lang='lat' dir='ltr'>quaeritur.</span> <span class='ocrx_word' id='word_1_758' title='bbox 1699 1242 1763 1275; x_wconf 88' lang='lat' dir='ltr'>ego</span> <span class='ocrx_word' id='word_1_759' title='bbox 1787 1236 1874 1275; x_wconf 90' lang='lat' dir='ltr'>puto</span> <span class='ocrx_word' id='word_1_760' title='bbox 1899 1242 1996 1273; x_wconf 87' lang='lat' dir='ltr'>eum,</span> <span class='ocrx_word' id='word_1_761' title='bbox 2023 1232 2082 1276; x_wconf 91' lang='lat' dir='ltr'>qui</span> <span class='ocrx_word' id='word_1_762' title='bbox 2106 1233 2266 1276; x_wconf 85' lang='lat' dir='ltr'>precario</span> <span class='ocrx_word' id='word_1_763' title='bbox 2293 1243 2376 1267; x_wconf 88' lang='lat' dir='ltr'>con-</span> 
     </span>
     <span class='ocr_line' id='line_1_111' title="bbox 1291 1276 2376 1320; baseline 0.001 -10"><span class='ocrx_word' id='word_1_764' title='bbox 1291 1277 1408 1318; x_wconf 90' lang='lat' dir='ltr'>cessit,</span> <span class='ocrx_word' id='word_1_765' title='bbox 1435 1276 1604 1320; x_wconf 90' lang='lat' dir='ltr'>quamdiu</span> <span class='ocrx_word' id='word_1_766' title='bbox 1628 1281 1749 1311; x_wconf 84' lang='lat' dir='ltr'>manet</span> <span class='ocrx_word' id='word_1_767' title='bbox 1773 1278 1985 1320; x_wconf 86' lang='lat' dir='ltr'>precarium,</span> <span class='ocrx_word' id='word_1_768' title='bbox 2011 1278 2217 1312; x_wconf 90' lang='lat' dir='ltr'>accessione</span> <span class='ocrx_word' id='word_1_769' title='bbox 2237 1278 2290 1311; x_wconf 90' lang='lat' dir='ltr'>uti</span> <span class='ocrx_word' id='word_1_770' title='bbox 2307 1289 2376 1312; x_wconf 89' lang='lat' dir='ltr'>non</span> 
     </span>
     <span class='ocr_line' id='line_1_112' title="bbox 1288 1321 2377 1367; baseline 0.001 -11"><span class='ocrx_word' id='word_1_771' title='bbox 1288 1331 1410 1366; x_wconf 89' lang='lat' dir='ltr'>posse:</span> <span class='ocrx_word' id='word_1_772' title='bbox 1436 1321 1467 1356; x_wconf 90' lang='lat' dir='ltr'>si</span> <span class='ocrx_word' id='word_1_773' title='bbox 1479 1325 1599 1356; x_wconf 88' lang='lat' dir='ltr'>tamen</span> <span class='ocrx_word' id='word_1_774' title='bbox 1619 1322 1792 1366; x_wconf 90' lang='lat' dir='ltr'>receperit</span> <span class='ocrx_word' id='word_1_775' title='bbox 1813 1323 2073 1366; x_wconf 90' lang='lat' dir='ltr'>possessionem</span> <span class='ocrx_word' id='word_1_776' title='bbox 2087 1326 2191 1366; x_wconf 90' lang='lat' dir='ltr'>rupto</span> <span class='ocrx_word' id='word_1_777' title='bbox 2206 1324 2377 1367; x_wconf 87' lang='lat' dir='ltr'>precario,</span> 
     </span>
     <span class='ocr_line' id='line_1_113' title="bbox 1291 1366 2377 1413; baseline 0.003 -13"><span class='ocrx_word' id='word_1_778' title='bbox 1291 1366 1479 1402; x_wconf 90' lang='lat' dir='ltr'>dicendum</span> <span class='ocrx_word' id='word_1_779' title='bbox 1504 1377 1583 1402; x_wconf 89' lang='lat' dir='ltr'>esse</span> <span class='ocrx_word' id='word_1_780' title='bbox 1608 1367 1778 1402; x_wconf 90' lang='lat' dir='ltr'>accedere</span> <span class='ocrx_word' id='word_1_781' title='bbox 1802 1367 2065 1412; x_wconf 89' lang='lat' dir='ltr'>possessionem</span> <span class='ocrx_word' id='word_1_782' title='bbox 2096 1368 2173 1403; x_wconf 90' lang='lat' dir='ltr'>eius</span> <span class='ocrx_word' id='word_1_783' title='bbox 2198 1369 2377 1413; x_wconf 89' lang='lat' dir='ltr'>temporis,</span> 
     </span>
     <span class='ocr_line' id='line_1_114' title="bbox 1291 1412 2377 1457; baseline 0.001 -11"><span class='ocrx_word' id='word_1_784' title='bbox 1291 1415 1309 1446; x_wconf 87' lang='grc'>8</span> <span class='ocrx_word' id='word_1_785' title='bbox 1358 1422 1428 1456; x_wconf 91' lang='lat' dir='ltr'>quo</span> <span class='ocrx_word' id='word_1_786' title='bbox 1458 1412 1621 1456; x_wconf 88' lang='lat' dir='ltr'>precario</span> <span class='ocrx_word' id='word_1_787' title='bbox 1656 1412 1919 1457; x_wconf 88' lang='lat' dir='ltr'>possidebatur.</span> <span class='ocrx_word' id='word_1_788' title='bbox 1968 1413 2025 1446; x_wconf 82' lang='lat' dir='ltr'>Ex</span> <span class='ocrx_word' id='word_1_789' title='bbox 2056 1414 2152 1447; x_wconf 85' lang='lat' dir='ltr'>facto</span> <span class='ocrx_word' id='word_1_790' title='bbox 2187 1414 2377 1457; x_wconf 85' lang='lat' dir='ltr'>quaeritur,</span> 
     </span>
     <span class='ocr_line' id='line_1_115' title="bbox 1290 1457 2379 1502; baseline 0.002 -11"><span class='ocrx_word' id='word_1_791' title='bbox 1290 1457 1321 1492; x_wconf 91' lang='lat' dir='ltr'>si</span> <span class='ocrx_word' id='word_1_792' title='bbox 1345 1458 1423 1502; x_wconf 89' lang='lat' dir='ltr'>quis</span> <span class='ocrx_word' id='word_1_793' title='bbox 1454 1458 1693 1492; x_wconf 89' lang='lat' dir='ltr'>manumissus</span> <span class='ocrx_word' id='word_1_794' title='bbox 1726 1468 1770 1492; x_wconf 86' lang='lat' dir='ltr'>ex</span> <span class='ocrx_word' id='word_1_795' title='bbox 1803 1468 1913 1492; x_wconf 88' lang='lat' dir='ltr'>causa</span> <span class='ocrx_word' id='word_1_796' title='bbox 1945 1458 2116 1502; x_wconf 87' lang='lat' dir='ltr'>peculiari</span> <span class='ocrx_word' id='word_1_797' title='bbox 2151 1458 2282 1493; x_wconf 87' lang='lat' dir='ltr'>habeat</span> <span class='ocrx_word' id='word_1_798' title='bbox 2307 1470 2379 1493; x_wconf 89' lang='lat' dir='ltr'>rem</span> 
     </span>
     <span class='ocr_line' id='line_1_116' title="bbox 1290 1503 2378 1548; baseline 0.002 -12"><span class='ocrx_word' id='word_1_799' title='bbox 1290 1513 1362 1537; x_wconf 91' lang='lat' dir='ltr'>non</span> <span class='ocrx_word' id='word_1_800' title='bbox 1387 1512 1558 1538; x_wconf 90' lang='lat' dir='ltr'>concesso</span> <span class='ocrx_word' id='word_1_801' title='bbox 1592 1503 1660 1538; x_wconf 90' lang='lat' dir='ltr'>sibi</span> <span class='ocrx_word' id='word_1_802' title='bbox 1682 1503 1842 1548; x_wconf 90' lang='lat' dir='ltr'>peculio,</span> <span class='ocrx_word' id='word_1_803' title='bbox 1879 1503 2006 1538; x_wconf 86' lang='lat' dir='ltr'>deinde</span> <span class='ocrx_word' id='word_1_804' title='bbox 2030 1503 2193 1538; x_wconf 87' lang='lat' dir='ltr'>dominus</span> <span class='ocrx_word' id='word_1_805' title='bbox 2217 1504 2300 1538; x_wconf 88' lang='lat' dir='ltr'>velit</span> <span class='ocrx_word' id='word_1_806' title='bbox 2324 1515 2378 1539; x_wconf 87' lang='lat' dir='ltr'>re-</span> 
     </span>
     <span class='ocr_line' id='line_1_117' title="bbox 1289 1548 2380 1594; baseline 0.001 -12"><span class='ocrx_word' id='word_1_807' title='bbox 1289 1551 1408 1582; x_wconf 83' lang='lat' dir='ltr'>tracta</span> <span class='ocrx_word' id='word_1_808' title='bbox 1447 1548 1675 1592; x_wconf 88' lang='lat' dir='ltr'>possessione</span> <span class='ocrx_word' id='word_1_809' title='bbox 1717 1548 1924 1583; x_wconf 88' lang='lat' dir='ltr'>accessione</span> <span class='ocrx_word' id='word_1_810' title='bbox 1965 1549 2035 1592; x_wconf 88' lang='lat' dir='ltr'>uti,</span> <span class='ocrx_word' id='word_1_811' title='bbox 2079 1558 2126 1583; x_wconf 84' lang='lat' dir='ltr'>an</span> <span class='ocrx_word' id='word_1_812' title='bbox 2161 1550 2284 1594; x_wconf 89' lang='lat' dir='ltr'>possit.</span> <span class='ocrx_word' id='word_1_813' title='bbox 2344 1554 2380 1584; x_wconf 87' lang='lat' dir='ltr'>et</span> 
     </span>
     <span class='ocr_line' id='line_1_118' title="bbox 1289 1593 2379 1638; baseline 0.002 -11"><span class='ocrx_word' id='word_1_814' title='bbox 1289 1593 1427 1638; x_wconf 85' lang='lat' dir='ltr'>placuit</span> <span class='ocrx_word' id='word_1_815' title='bbox 1456 1604 1528 1628; x_wconf 90' lang='lat' dir='ltr'>non</span> <span class='ocrx_word' id='word_1_816' title='bbox 1567 1604 1646 1629; x_wconf 89' lang='lat' dir='ltr'>esse</span> <span class='ocrx_word' id='word_1_817' title='bbox 1677 1593 1830 1628; x_wconf 90' lang='lat' dir='ltr'>dandam</span> <span class='ocrx_word' id='word_1_818' title='bbox 1861 1594 1955 1628; x_wconf 89' lang='lat' dir='ltr'>hanc</span> <span class='ocrx_word' id='word_1_819' title='bbox 1989 1594 2248 1636; x_wconf 89' lang='lat' dir='ltr'>accessionem,</span> <span class='ocrx_word' id='word_1_820' title='bbox 2288 1606 2379 1638; x_wconf 86' lang='lat' dir='ltr'>quae</span> 
     </span>
     <span class='ocr_line' id='line_1_119' title="bbox 1291 1638 2379 1683; baseline 0.002 -11"><span class='ocrx_word' id='word_1_821' title='bbox 1291 1642 1310 1672; x_wconf 85' lang='lat'><strong>9</strong></span> <span class='ocrx_word' id='word_1_822' title='bbox 1359 1639 1451 1673; x_wconf 88' lang='lat' dir='ltr'>clam</span> <span class='ocrx_word' id='word_1_823' title='bbox 1480 1639 1605 1673; x_wconf 87' lang='lat' dir='ltr'>habita</span> <span class='ocrx_word' id='word_1_824' title='bbox 1638 1643 1702 1674; x_wconf 88' lang='lat' dir='ltr'>est.</span> <span class='ocrx_word' id='word_1_825' title='bbox 1759 1639 1947 1674; x_wconf 87' lang='lat' dir='ltr'>Praedone</span> <span class='ocrx_word' id='word_1_826' title='bbox 1979 1638 2184 1683; x_wconf 85' lang='lat' dir='ltr'>possidente</span> <span class='ocrx_word' id='word_1_827' title='bbox 2216 1641 2245 1674; x_wconf 93' lang='lat' dir='ltr'>si</span> <span class='ocrx_word' id='word_1_828' title='bbox 2281 1640 2379 1674; x_wconf 89' lang='lat' dir='ltr'>iussu</span> 
     </span>
     <span class='ocr_line' id='line_1_120' title="bbox 1289 1683 2379 1726; baseline 0 -8"><span class='ocrx_word' id='word_1_829' title='bbox 1289 1683 1416 1718; x_wconf 91' lang='lat' dir='ltr'>iudicis</span> <span class='ocrx_word' id='word_1_830' title='bbox 1441 1695 1498 1719; x_wconf 91' lang='lat' dir='ltr'>res</span> <span class='ocrx_word' id='word_1_831' title='bbox 1530 1684 1615 1718; x_wconf 90' lang='lat' dir='ltr'>mihi</span> <span class='ocrx_word' id='word_1_832' title='bbox 1639 1684 1806 1719; x_wconf 90' lang='lat' dir='ltr'>restituta</span> <span class='ocrx_word' id='word_1_833' title='bbox 1830 1684 1892 1726; x_wconf 89' lang='lat' dir='ltr'>sit,</span> <span class='ocrx_word' id='word_1_834' title='bbox 1923 1685 2164 1719; x_wconf 86' lang='lat' dir='ltr'>accessionem</span> <span class='ocrx_word' id='word_1_835' title='bbox 2195 1696 2272 1720; x_wconf 88' lang='lat' dir='ltr'>esse</span> <span class='ocrx_word' id='word_1_836' title='bbox 2295 1686 2379 1719; x_wconf 83' lang='lat' dir='ltr'>mihi</span> 
     </span>
     <span class='ocr_line' id='line_1_121' title="bbox 1294 1729 2377 1774; baseline 0.002 -11"><span class='ocrx_word' id='word_1_837' title='bbox 1294 1732 1334 1763; x_wconf 87' lang='lat'>10</span> <span class='ocrx_word' id='word_1_838' title='bbox 1382 1729 1535 1764; x_wconf 86' lang='lat' dir='ltr'>dandam</span> <span class='ocrx_word' id='word_1_839' title='bbox 1560 1729 1708 1774; x_wconf 90' lang='lat' dir='ltr'>placuit.</span> <span class='ocrx_word' id='word_1_840' title='bbox 1747 1729 1817 1764; x_wconf 84' lang='lat' dir='ltr'>Sed</span> <span class='ocrx_word' id='word_1_841' title='bbox 1841 1733 1878 1765; x_wconf 88' lang='lat' dir='ltr'>et</span> <span class='ocrx_word' id='word_1_842' title='bbox 1901 1730 2072 1774; x_wconf 87' lang='lat' dir='ltr'>legatario</span> <span class='ocrx_word' id='word_1_843' title='bbox 2092 1729 2246 1764; x_wconf 88' lang='lat' dir='ltr'>dandam</span> <span class='ocrx_word' id='word_1_844' title='bbox 2259 1741 2377 1765; x_wconf 83' lang='lat' dir='ltr'>acces-</span> 
     </span>
     <span class='ocr_line' id='line_1_122' title="bbox 1291 1774 2377 1820; baseline 0 -11"><span class='ocrx_word' id='word_1_845' title='bbox 1291 1774 1427 1810; x_wconf 91' lang='lat' dir='ltr'>sionem</span> <span class='ocrx_word' id='word_1_846' title='bbox 1467 1774 1543 1809; x_wconf 89' lang='lat' dir='ltr'>eius</span> <span class='ocrx_word' id='word_1_847' title='bbox 1580 1775 1769 1819; x_wconf 90' lang='lat' dir='ltr'>temporis,</span> <span class='ocrx_word' id='word_1_848' title='bbox 1813 1786 1882 1819; x_wconf 88' lang='lat' dir='ltr'>quo</span> <span class='ocrx_word' id='word_1_849' title='bbox 1921 1775 1990 1809; x_wconf 83' lang='lat' dir='ltr'>fuit</span> <span class='ocrx_word' id='word_1_850' title='bbox 2027 1775 2122 1820; x_wconf 90' lang='lat' dir='ltr'>apud</span> <span class='ocrx_word' id='word_1_851' title='bbox 2162 1779 2377 1817; x_wconf 84' lang='lat' dir='ltr'>testatorem,</span> 
     </span>
     <span class='ocr_line' id='line_1_123' title="bbox 1292 1819 2377 1865; baseline 0.001 -11"><span class='ocrx_word' id='word_1_852' title='bbox 1292 1820 1474 1854; x_wconf 88' lang='lat' dir='ltr'>sciendum</span> <span class='ocrx_word' id='word_1_853' title='bbox 1498 1823 1564 1855; x_wconf 87' lang='lat' dir='ltr'>est.</span> <span class='ocrx_word' id='word_1_854' title='bbox 1614 1830 1659 1854; x_wconf 89' lang='lat' dir='ltr'>an</span> <span class='ocrx_word' id='word_1_855' title='bbox 1690 1819 1830 1856; x_wconf 88' lang='lat' dir='ltr'>heredis</span> <span class='ocrx_word' id='word_1_856' title='bbox 1863 1821 2042 1865; x_wconf 89' lang='lat' dir='ltr'>possessio</span> <span class='ocrx_word' id='word_1_857' title='bbox 2069 1821 2101 1855; x_wconf 91' lang='lat' dir='ltr'>ei</span> <span class='ocrx_word' id='word_1_858' title='bbox 2125 1821 2293 1862; x_wconf 86' lang='lat' dir='ltr'>accedat,</span> <span class='ocrx_word' id='word_1_859' title='bbox 2330 1822 2377 1855; x_wconf 88' lang='lat' dir='ltr'>vi-</span> 
     </span>
     <span class='ocr_line' id='line_1_124' title="bbox 1291 1865 2377 1910; baseline 0.001 -11"><span class='ocrx_word' id='word_1_860' title='bbox 1291 1865 1454 1900; x_wconf 89' lang='lat' dir='ltr'>deamus:</span> <span class='ocrx_word' id='word_1_861' title='bbox 1481 1869 1516 1899; x_wconf 90' lang='lat' dir='ltr'>et</span> <span class='ocrx_word' id='word_1_862' title='bbox 1539 1868 1638 1910; x_wconf 91' lang='lat' dir='ltr'>puto,</span> <span class='ocrx_word' id='word_1_863' title='bbox 1665 1865 1737 1900; x_wconf 90' lang='lat' dir='ltr'>sive</span> <span class='ocrx_word' id='word_1_864' title='bbox 1757 1876 1845 1910; x_wconf 85' lang='lat' dir='ltr'>pure</span> <span class='ocrx_word' id='word_1_865' title='bbox 1870 1866 1942 1900; x_wconf 91' lang='lat' dir='ltr'>sive</span> <span class='ocrx_word' id='word_1_866' title='bbox 1967 1866 2032 1900; x_wconf 90' lang='lat' dir='ltr'>sub</span> <span class='ocrx_word' id='word_1_867' title='bbox 2047 1865 2255 1901; x_wconf 89' lang='lat' dir='ltr'>condicione</span> <span class='ocrx_word' id='word_1_868' title='bbox 2274 1866 2377 1901; x_wconf 87' lang='lat' dir='ltr'>fuerit</span> 
     </span>
     <span class='ocr_line' id='line_1_125' title="bbox 1291 1910 2377 1956; baseline 0 -11"><span class='ocrx_word' id='word_1_869' title='bbox 1291 1911 1465 1952; x_wconf 88' lang='lat' dir='ltr'>relictum,</span> <span class='ocrx_word' id='word_1_870' title='bbox 1492 1910 1681 1945; x_wconf 86' lang='lat' dir='ltr'>dicendum</span> <span class='ocrx_word' id='word_1_871' title='bbox 1706 1921 1784 1946; x_wconf 90' lang='lat' dir='ltr'>esse</span> <span class='ocrx_word' id='word_1_872' title='bbox 1807 1911 1844 1945; x_wconf 92' lang='lat' dir='ltr'>id</span> <span class='ocrx_word' id='word_1_873' title='bbox 1867 1911 2047 1955; x_wconf 88' lang='lat' dir='ltr'>temporis,</span> <span class='ocrx_word' id='word_1_874' title='bbox 2075 1922 2144 1956; x_wconf 91' lang='lat' dir='ltr'>quo</span> <span class='ocrx_word' id='word_1_875' title='bbox 2169 1912 2272 1947; x_wconf 88' lang='lat' dir='ltr'>heres</span> <span class='ocrx_word' id='word_1_876' title='bbox 2296 1923 2377 1956; x_wconf 88' lang='lat' dir='ltr'>pos-</span> 
     </span>
     <span class='ocr_line' id='line_1_126' title="bbox 1291 1955 2378 1993; baseline 0.002 -4"><span class='ocrx_word' id='word_1_877' title='bbox 1291 1955 1382 1990; x_wconf 87' lang='lat' dir='ltr'>sedit</span> <span class='ocrx_word' id='word_1_878' title='bbox 1410 1960 1494 1990; x_wconf 88' lang='lat' dir='ltr'>ante</span> <span class='ocrx_word' id='word_1_879' title='bbox 1525 1956 1736 1991; x_wconf 86' lang='lat' dir='ltr'>existentem</span> <span class='ocrx_word' id='word_1_880' title='bbox 1768 1956 2013 1991; x_wconf 89' lang='lat' dir='ltr'>condicionem</span> <span class='ocrx_word' id='word_1_881' title='bbox 2044 1958 2099 1991; x_wconf 89' lang='lat' dir='ltr'>vel</span> <span class='ocrx_word' id='word_1_882' title='bbox 2122 1958 2378 1993; x_wconf 88' lang='lat' dir='ltr'>restitutionem</span> 
     </span>
     <span class='ocr_line' id='line_1_127' title="bbox 1291 2001 2377 2046; baseline 0.001 -11"><span class='ocrx_word' id='word_1_883' title='bbox 1291 2001 1360 2043; x_wconf 88' lang='lat' dir='ltr'>rei,</span> <span class='ocrx_word' id='word_1_884' title='bbox 1402 2001 1573 2044; x_wconf 87' lang='lat' dir='ltr'>legatario</span> <span class='ocrx_word' id='word_1_885' title='bbox 1615 2001 1799 2046; x_wconf 87' lang='lat' dir='ltr'>proficere.</span> <span class='ocrx_word' id='word_1_886' title='bbox 1856 2002 2038 2037; x_wconf 88' lang='lat' dir='ltr'>testatoris</span> <span class='ocrx_word' id='word_1_887' title='bbox 2085 2006 2204 2037; x_wconf 89' lang='lat' dir='ltr'>autem</span> <span class='ocrx_word' id='word_1_888' title='bbox 2242 2011 2377 2046; x_wconf 87' lang='lat' dir='ltr'>semper</span> 
     </span>
     <span class='ocr_line' id='line_1_128' title="bbox 1291 2046 2379 2091; baseline 0 -10"><span class='ocrx_word' id='word_1_889' title='bbox 1291 2046 1452 2091; x_wconf 88' lang='lat' dir='ltr'>proderit</span> <span class='ocrx_word' id='word_1_890' title='bbox 1474 2046 1657 2091; x_wconf 84' lang='lat' dir='ltr'>legatario,</span> <span class='ocrx_word' id='word_1_891' title='bbox 1691 2046 1721 2082; x_wconf 90' lang='lat' dir='ltr'>si</span> <span class='ocrx_word' id='word_1_892' title='bbox 1743 2047 1899 2091; x_wconf 86' lang='lat' dir='ltr'>legatum</span> <span class='ocrx_word' id='word_1_893' title='bbox 1923 2057 2004 2082; x_wconf 90' lang='lat' dir='ltr'>vere</span> <span class='ocrx_word' id='word_1_894' title='bbox 2028 2046 2098 2082; x_wconf 85' lang='lat' dir='ltr'>fuit</span> <span class='ocrx_word' id='word_1_895' title='bbox 2121 2048 2175 2083; x_wconf 91' lang='lat' dir='ltr'>vel</span> <span class='ocrx_word' id='word_1_896' title='bbox 2200 2048 2379 2083; x_wconf 88' lang='lat' dir='ltr'>fideicom-</span> 
     </span>
     <span class='ocr_line' id='line_1_129' title="bbox 1295 2092 2378 2135; baseline 0.003 -10"><span class='ocrx_word' id='word_1_897' title='bbox 1295 2095 1331 2126; x_wconf 88' lang='lat'>11</span> <span class='ocrx_word' id='word_1_898' title='bbox 1382 2092 1538 2126; x_wconf 89' lang='lat' dir='ltr'>missum.</span> <span class='ocrx_word' id='word_1_899' title='bbox 1588 2092 1657 2127; x_wconf 86' lang='lat' dir='ltr'>Sed</span> <span class='ocrx_word' id='word_1_900' title='bbox 1687 2095 1724 2126; x_wconf 88' lang='lat' dir='ltr'>et</span> <span class='ocrx_word' id='word_1_901' title='bbox 1754 2092 1803 2133; x_wconf 90' lang='lat' dir='ltr'>is,</span> <span class='ocrx_word' id='word_1_902' title='bbox 1837 2093 1895 2127; x_wconf 91' lang='lat' dir='ltr'>cui</span> <span class='ocrx_word' id='word_1_903' title='bbox 1919 2103 1976 2128; x_wconf 90' lang='lat' dir='ltr'>res</span> <span class='ocrx_word' id='word_1_904' title='bbox 2002 2092 2135 2127; x_wconf 86' lang='lat' dir='ltr'>donata</span> <span class='ocrx_word' id='word_1_905' title='bbox 2159 2098 2228 2135; x_wconf 88' lang='lat' dir='ltr'>est,</span> <span class='ocrx_word' id='word_1_906' title='bbox 2260 2104 2378 2128; x_wconf 88' lang='lat' dir='ltr'>acces-</span> 
     </span>
     <span class='ocr_line' id='line_1_130' title="bbox 1295 2137 2379 2182; baseline 0.001 -11"><span class='ocrx_word' id='word_1_907' title='bbox 1295 2139 1333 2171; x_wconf 85' lang='lat'>12</span> <span class='ocrx_word' id='word_1_908' title='bbox 1383 2137 1482 2172; x_wconf 90' lang='lat' dir='ltr'>sione</span> <span class='ocrx_word' id='word_1_909' title='bbox 1505 2141 1628 2172; x_wconf 86' lang='lat' dir='ltr'>utetur</span> <span class='ocrx_word' id='word_1_910' title='bbox 1658 2148 1702 2172; x_wconf 82' lang='lat' dir='ltr'>ex</span> <span class='ocrx_word' id='word_1_911' title='bbox 1731 2147 1886 2182; x_wconf 90' lang='lat' dir='ltr'>persona</span> <span class='ocrx_word' id='word_1_912' title='bbox 1915 2138 1991 2173; x_wconf 90' lang='lat' dir='ltr'>eius</span> <span class='ocrx_word' id='word_1_913' title='bbox 2022 2139 2082 2182; x_wconf 89' lang='lat' dir='ltr'>qui</span> <span class='ocrx_word' id='word_1_914' title='bbox 2107 2138 2259 2173; x_wconf 91' lang='lat' dir='ltr'>donavit.</span> <span class='ocrx_word' id='word_1_915' title='bbox 2310 2140 2379 2172; x_wconf 91' lang='lat' dir='ltr'>Ac-</span> 
     </span>
     <span class='ocr_line' id='line_1_131' title="bbox 1292 2182 2379 2228; baseline 0.001 -12"><span class='ocrx_word' id='word_1_916' title='bbox 1292 2182 1471 2217; x_wconf 89' lang='lat' dir='ltr'>cessiones</span> <span class='ocrx_word' id='word_1_917' title='bbox 1489 2183 1526 2217; x_wconf 91' lang='lat' dir='ltr'>in</span> <span class='ocrx_word' id='word_1_918' title='bbox 1546 2193 1670 2218; x_wconf 91' lang='lat' dir='ltr'>eorum</span> <span class='ocrx_word' id='word_1_919' title='bbox 1685 2193 1839 2227; x_wconf 85' lang='lat' dir='ltr'>persona</span> <span class='ocrx_word' id='word_1_920' title='bbox 1856 2183 1976 2218; x_wconf 92' lang='lat' dir='ltr'>locum</span> <span class='ocrx_word' id='word_1_921' title='bbox 1997 2184 2142 2225; x_wconf 85' lang='lat' dir='ltr'>habent,</span> <span class='ocrx_word' id='word_1_922' title='bbox 2168 2184 2227 2228; x_wconf 88' lang='lat' dir='ltr'>qui</span> <span class='ocrx_word' id='word_1_923' title='bbox 2246 2184 2379 2218; x_wconf 85' lang='lat' dir='ltr'>habent</span> 
     </span>
     <span class='ocr_line' id='line_1_132' title="bbox 1290 2228 2379 2273; baseline 0.001 -11"><span class='ocrx_word' id='word_1_924' title='bbox 1290 2228 1472 2272; x_wconf 88' lang='lat' dir='ltr'>propriam</span> <span class='ocrx_word' id='word_1_925' title='bbox 1485 2229 1766 2272; x_wconf 90' lang='lat' dir='ltr'>possessionem:</span> <span class='ocrx_word' id='word_1_926' title='bbox 1793 2234 1950 2263; x_wconf 89' lang='lat' dir='ltr'>ceterum</span> <span class='ocrx_word' id='word_1_927' title='bbox 1970 2229 2128 2263; x_wconf 86' lang='lat' dir='ltr'>accessio</span> <span class='ocrx_word' id='word_1_928' title='bbox 2147 2229 2277 2263; x_wconf 85' lang='lat' dir='ltr'>nemini</span> <span class='ocrx_word' id='word_1_929' title='bbox 2296 2240 2379 2273; x_wconf 88' lang='lat' dir='ltr'>pro-</span> 
     </span>
     <span class='ocr_line' id='line_1_133' title="bbox 1296 2272 2380 2318; baseline 0.002 -12"><span class='ocrx_word' id='word_1_930' title='bbox 1296 2276 1333 2307; x_wconf 83' lang='grc'>13</span> <span class='ocrx_word' id='word_1_931' title='bbox 1382 2272 1475 2315; x_wconf 87' lang='lat' dir='ltr'>ficit,</span> <span class='ocrx_word' id='word_1_932' title='bbox 1506 2273 1575 2308; x_wconf 92' lang='lat' dir='ltr'>nisi</span> <span class='ocrx_word' id='word_1_933' title='bbox 1600 2273 1632 2308; x_wconf 90' lang='lat' dir='ltr'>ei</span> <span class='ocrx_word' id='word_1_934' title='bbox 1665 2274 1725 2318; x_wconf 90' lang='lat' dir='ltr'>qui</span> <span class='ocrx_word' id='word_1_935' title='bbox 1747 2274 1824 2318; x_wconf 91' lang='lat' dir='ltr'>ipse</span> <span class='ocrx_word' id='word_1_936' title='bbox 1857 2274 2066 2318; x_wconf 82' lang='lat' dir='ltr'>possedit¹2.</span> <span class='ocrx_word' id='word_1_937' title='bbox 2114 2274 2306 2308; x_wconf 85' lang='lat' dir='ltr'>Praeterea</span> <span class='ocrx_word' id='word_1_938' title='bbox 2336 2284 2380 2308; x_wconf 90' lang='lat' dir='ltr'>ne</span> 
     </span>
     <span class='ocr_line' id='line_1_134' title="bbox 1290 2318 2379 2364; baseline 0.001 -12"><span class='ocrx_word' id='word_1_939' title='bbox 1290 2318 1438 2353; x_wconf 85' lang='lat' dir='ltr'>vitiosae</span> <span class='ocrx_word' id='word_1_940' title='bbox 1464 2318 1605 2363; x_wconf 89' lang='lat' dir='ltr'>quidem</span> <span class='ocrx_word' id='word_1_941' title='bbox 1629 2319 1847 2363; x_wconf 87' lang='lat' dir='ltr'>possessioni</span> <span class='ocrx_word' id='word_1_942' title='bbox 1871 2320 1944 2353; x_wconf 87' lang='lat' dir='ltr'>ulla</span> <span class='ocrx_word' id='word_1_943' title='bbox 1968 2322 2087 2364; x_wconf 91' lang='lat' dir='ltr'>potest</span> <span class='ocrx_word' id='word_1_944' title='bbox 2106 2319 2292 2354; x_wconf 86' lang='lat' dir='ltr'>accedere:</span> <span class='ocrx_word' id='word_1_945' title='bbox 2319 2319 2379 2354; x_wconf 91' lang='lat' dir='ltr'>sed</span> 
     </span>
     <span class='ocr_line' id='line_1_135' title="bbox 1290 2364 2074 2409; baseline 0 -11"><span class='ocrx_word' id='word_1_946' title='bbox 1290 2365 1395 2398; x_wconf 79' lang='lat' dir='ltr'>nec¹³</span> <span class='ocrx_word' id='word_1_947' title='bbox 1420 2364 1548 2399; x_wconf 90' lang='lat' dir='ltr'>vitiosa</span> <span class='ocrx_word' id='word_1_948' title='bbox 1573 2365 1622 2406; x_wconf 90' lang='lat' dir='ltr'>ei,</span> <span class='ocrx_word' id='word_1_949' title='bbox 1648 2374 1740 2409; x_wconf 87' lang='lat' dir='ltr'>quae</span> <span class='ocrx_word' id='word_1_950' title='bbox 1763 2365 1890 2399; x_wconf 87' lang='lat' dir='ltr'>vitiosa</span> <span class='ocrx_word' id='word_1_951' title='bbox 1914 2375 1986 2400; x_wconf 92' lang='lat' dir='ltr'>non</span> <span class='ocrx_word' id='word_1_952' title='bbox 2009 2372 2074 2400; x_wconf 89' lang='lat' dir='ltr'>est.</span> 
     </span>
    </p>

    <p class='ocr_par' dir='ltr' id='par_1_25' title="bbox 1290 2407 2379 2726">
     <span class='ocr_line' id='line_1_136' title="bbox 1340 2407 2378 2456; baseline -0.002 -11"><span class='ocrx_word' id='word_1_953' title='bbox 1340 2407 1389 2445; x_wconf 80' lang='grc'>14</span> <span class='ocrx_word' id='word_1_954' title='bbox 1415 2408 1575 2444; x_wconf 74' lang='lat' dir='ltr'><em>PAULUS</em></span> <span class='ocrx_word' id='word_1_955' title='bbox 1601 2409 1691 2445; x_wconf 77' lang='lat' dir='ltr'>libro</span> <span class='ocrx_word' id='word_1_956' title='bbox 1715 2411 1970 2456; x_wconf 70' lang='lat' dir='ltr'>sexaqensimo</span> <span class='ocrx_word' id='word_1_957' title='bbox 1996 2414 2120 2445; x_wconf 77' lang='lat' dir='ltr'>octavo</span> <span class='ocrx_word' id='word_1_958' title='bbox 2154 2410 2203 2444; x_wconf 79' lang='lat' dir='ltr'>ad</span> <span class='ocrx_word' id='word_1_959' title='bbox 2225 2409 2378 2444; x_wconf 76' lang='lat' dir='ltr'>edictum</span> 
     </span>
     <span class='ocr_line' id='line_1_137' title="bbox 1291 2454 2378 2496; baseline 0 -7"><span class='ocrx_word' id='word_1_960' title='bbox 1291 2454 1329 2489; x_wconf 87' lang='lat' dir='ltr'>Si</span> <span class='ocrx_word' id='word_1_961' title='bbox 1349 2464 1472 2490; x_wconf 87' lang='lat' dir='ltr'>servus</span> <span class='ocrx_word' id='word_1_962' title='bbox 1492 2455 1547 2489; x_wconf 89' lang='lat' dir='ltr'>vel</span> <span class='ocrx_word' id='word_1_963' title='bbox 1565 2454 1660 2489; x_wconf 90' lang='lat' dir='ltr'>filius</span> <span class='ocrx_word' id='word_1_964' title='bbox 1678 2454 1832 2490; x_wconf 86' lang='lat' dir='ltr'>familias</span> <span class='ocrx_word' id='word_1_965' title='bbox 1856 2454 2065 2496; x_wconf 87' lang='lat' dir='ltr'>vendiderit,</span> <span class='ocrx_word' id='word_1_966' title='bbox 2092 2455 2234 2489; x_wconf 89' lang='lat' dir='ltr'>dabitur</span> <span class='ocrx_word' id='word_1_967' title='bbox 2258 2465 2378 2489; x_wconf 85' lang='lat' dir='ltr'>acces-</span> 
     </span>
     <span class='ocr_line' id='line_1_138' title="bbox 1291 2499 2379 2544; baseline -0.001 -10"><span class='ocrx_word' id='word_1_968' title='bbox 1291 2500 1343 2535; x_wconf 91' lang='lat' dir='ltr'>sio</span> <span class='ocrx_word' id='word_1_969' title='bbox 1376 2499 1470 2542; x_wconf 84' lang='lat' dir='ltr'>eius,</span> <span class='ocrx_word' id='word_1_970' title='bbox 1504 2500 1638 2544; x_wconf 67' lang='lat' dir='ltr'>qu0d¹⁴</span> <span class='ocrx_word' id='word_1_971' title='bbox 1670 2510 1780 2544; x_wconf 90' lang='lat' dir='ltr'>penes</span> <span class='ocrx_word' id='word_1_972' title='bbox 1811 2510 1866 2535; x_wconf 90' lang='lat' dir='ltr'>me</span> <span class='ocrx_word' id='word_1_973' title='bbox 1898 2500 1985 2542; x_wconf 86' lang='lat' dir='ltr'>fuit,</span> <span class='ocrx_word' id='word_1_974' title='bbox 2019 2500 2157 2535; x_wconf 87' lang='lat' dir='ltr'>scilicet</span> <span class='ocrx_word' id='word_1_975' title='bbox 2188 2500 2218 2534; x_wconf 88' lang='lat' dir='ltr'>si</span> <span class='ocrx_word' id='word_1_976' title='bbox 2240 2499 2379 2534; x_wconf 82' lang='lat' dir='ltr'>volente</span> 
     </span>
     <span class='ocr_line' id='line_1_139' title="bbox 1290 2544 2377 2590; baseline 0.001 -11"><span class='ocrx_word' id='word_1_977' title='bbox 1290 2555 1346 2580; x_wconf 91' lang='lat' dir='ltr'>me</span> <span class='ocrx_word' id='word_1_978' title='bbox 1371 2549 1434 2579; x_wconf 87' lang='lat' dir='ltr'>aut</span> <span class='ocrx_word' id='word_1_979' title='bbox 1457 2544 1501 2579; x_wconf 89' lang='lat' dir='ltr'>de</span> <span class='ocrx_word' id='word_1_980' title='bbox 1524 2545 1677 2590; x_wconf 90' lang='lat' dir='ltr'>peculio,</span> <span class='ocrx_word' id='word_1_981' title='bbox 1704 2545 1806 2580; x_wconf 91' lang='lat' dir='ltr'>cuius</span> <span class='ocrx_word' id='word_1_982' title='bbox 1830 2546 1979 2580; x_wconf 83' lang='lat' dir='ltr'>liberam</span> <span class='ocrx_word' id='word_1_983' title='bbox 2004 2545 2134 2590; x_wconf 88' lang='lat' dir='ltr'>peculii</span> <span class='ocrx_word' id='word_1_984' title='bbox 2155 2545 2377 2580; x_wconf 87' lang='lat' dir='ltr'>administra-</span> 
     </span>
     <span class='ocr_line' id='line_1_140' title="bbox 1294 2590 2377 2634; baseline -0.001 -10"><span class='ocrx_word' id='word_1_985' title='bbox 1294 2595 1308 2624; x_wconf 92' lang='lat'>1</span> <span class='ocrx_word' id='word_1_986' title='bbox 1358 2590 1491 2625; x_wconf 90' lang='lat' dir='ltr'>tionem</span> <span class='ocrx_word' id='word_1_987' title='bbox 1521 2591 1743 2633; x_wconf 87' lang='lat' dir='ltr'>habuerunt,</span> <span class='ocrx_word' id='word_1_988' title='bbox 1778 2590 2021 2626; x_wconf 89' lang='lat' dir='ltr'>vendiderunt.</span> <span class='ocrx_word' id='word_1_989' title='bbox 2073 2591 2206 2625; x_wconf 81' lang='lat' dir='ltr'>&#39;l&#39;utore</span> <span class='ocrx_word' id='word_1_990' title='bbox 2239 2601 2377 2634; x_wconf 81' lang='lat' dir='ltr'>quoquc</span> 
     </span>
     <span class='ocr_line' id='line_1_141' title="bbox 1290 2635 2377 2680; baseline -0.001 -10"><span class='ocrx_word' id='word_1_991' title='bbox 1290 2635 1345 2670; x_wconf 89' lang='lat' dir='ltr'>vel</span> <span class='ocrx_word' id='word_1_992' title='bbox 1369 2639 1534 2671; x_wconf 87' lang='lat' dir='ltr'>curatore</span> <span class='ocrx_word' id='word_1_993' title='bbox 1559 2636 1732 2670; x_wconf 86' lang='lat' dir='ltr'>vendente</span> <span class='ocrx_word' id='word_1_994' title='bbox 1757 2635 1900 2671; x_wconf 90' lang='lat' dir='ltr'>dabitur</span> <span class='ocrx_word' id='word_1_995' title='bbox 1924 2636 2084 2671; x_wconf 90' lang='lat' dir='ltr'>accessio</span> <span class='ocrx_word' id='word_1_996' title='bbox 2102 2635 2178 2671; x_wconf 91' lang='lat' dir='ltr'>eius</span> <span class='ocrx_word' id='word_1_997' title='bbox 2197 2636 2377 2680; x_wconf 87' lang='lat' dir='ltr'>temporis,</span> 
     </span>
     <span class='ocr_line' id='line_1_142' title="bbox 1290 2681 1999 2726; baseline 0.001 -11"><span class='ocrx_word' id='word_1_998' title='bbox 1290 2691 1360 2725; x_wconf 92' lang='lat' dir='ltr'>quo</span> <span class='ocrx_word' id='word_1_999' title='bbox 1386 2681 1544 2725; x_wconf 90' lang='lat' dir='ltr'>pupillus</span> <span class='ocrx_word' id='word_1_1000' title='bbox 1569 2682 1623 2716; x_wconf 90' lang='lat' dir='ltr'>vel</span> <span class='ocrx_word' id='word_1_1001' title='bbox 1647 2681 1803 2716; x_wconf 82' lang='lat' dir='ltr'>furiosus</span> <span class='ocrx_word' id='word_1_1002' title='bbox 1829 2682 1999 2726; x_wconf 89' lang='lat' dir='ltr'>possedit.</span> 
     </span>
    </p>

    <p class='ocr_par' dir='ltr' id='par_1_26' title="bbox 1289 2724 2378 3177">
     <span class='ocr_line' id='line_1_143' title="bbox 1340 2724 2378 2771; baseline -0.003 -9"><span class='ocrx_word' id='word_1_1003' title='bbox 1340 2724 1388 2762; x_wconf 86' lang='lat'>15</span> <span class='ocrx_word' id='word_1_1004' title='bbox 1418 2726 1541 2762; x_wconf 58' lang='lat' dir='ltr'>Gams</span> <span class='ocrx_word' id='word_1_1005' title='bbox 1570 2727 1660 2762; x_wconf 80' lang='lat' dir='ltr'>libro</span> <span class='ocrx_word' id='word_1_1006' title='bbox 1694 2727 1884 2761; x_wconf 74' lang='lat' dir='ltr'>vicensimo</span> <span class='ocrx_word' id='word_1_1007' title='bbox 1909 2731 2013 2761; x_wconf 69' lang='lat' dir='ltr'>sexto</span> <span class='ocrx_word' id='word_1_1008' title='bbox 2047 2726 2097 2761; x_wconf 82' lang='lat' dir='ltr'>ad</span> <span class='ocrx_word' id='word_1_1009' title='bbox 2118 2725 2271 2761; x_wconf 78' lang='lat' dir='ltr'>edictum</span> <span class='ocrx_word' id='word_1_1010' title='bbox 2290 2737 2378 2771; x_wconf 80' lang='lat' dir='ltr'>pro-</span> 
     </span>
     <span class='ocr_line' id='line_1_144' title="bbox 1289 2770 2376 2816; baseline -0.001 -11"><span class='ocrx_word' id='word_1_1011' title='bbox 1289 2771 1442 2807; x_wconf 78' lang='lat' dir='ltr'>vinciale</span> <span class='ocrx_word' id='word_1_1012' title='bbox 1488 2771 1594 2813; x_wconf 86' lang='lat' dir='ltr'>Rem,</span> <span class='ocrx_word' id='word_1_1013' title='bbox 1621 2782 1712 2815; x_wconf 87' lang='lat' dir='ltr'>quae</span> <span class='ocrx_word' id='word_1_1014' title='bbox 1736 2772 1838 2806; x_wconf 89' lang='lat' dir='ltr'>nobis</span> <span class='ocrx_word' id='word_1_1015' title='bbox 1864 2772 2036 2816; x_wconf 89' lang='lat' dir='ltr'>subrepta</span> <span class='ocrx_word' id='word_1_1016' title='bbox 2061 2775 2130 2814; x_wconf 88' lang='lat' dir='ltr'>est,</span> <span class='ocrx_word' id='word_1_1017' title='bbox 2155 2770 2301 2815; x_wconf 87' lang='lat' dir='ltr'>perinde</span> <span class='ocrx_word' id='word_1_1018' title='bbox 2324 2771 2376 2804; x_wconf 89' lang='lat' dir='ltr'>in-</span> 
     </span>
     <span class='ocr_line' id='line_1_145' title="bbox 1290 2816 2378 2861; baseline -0.001 -11"><span class='ocrx_word' id='word_1_1019' title='bbox 1290 2816 1489 2861; x_wconf 86' lang='lat' dir='ltr'>tellegimur</span> <span class='ocrx_word' id='word_1_1020' title='bbox 1527 2817 1687 2852; x_wconf 89' lang='lat' dir='ltr'>desinere</span> <span class='ocrx_word' id='word_1_1021' title='bbox 1725 2816 1908 2860; x_wconf 90' lang='lat' dir='ltr'>possidere</span> <span class='ocrx_word' id='word_1_1022' title='bbox 1947 2822 2054 2860; x_wconf 89' lang='lat' dir='ltr'>atque</span> <span class='ocrx_word' id='word_1_1023' title='bbox 2091 2826 2185 2859; x_wconf 88' lang='lat' dir='ltr'>eam,</span> <span class='ocrx_word' id='word_1_1024' title='bbox 2222 2825 2312 2860; x_wconf 87' lang='lat' dir='ltr'>quae</span> <span class='ocrx_word' id='word_1_1025' title='bbox 2346 2816 2378 2849; x_wconf 90' lang='lat' dir='ltr'>vi</span> 
     </span>
     <span class='ocr_line' id='line_1_146' title="bbox 1291 2861 2377 2906; baseline -0.002 -10"><span class='ocrx_word' id='word_1_1026' title='bbox 1291 2862 1394 2896; x_wconf 90' lang='lat' dir='ltr'>nobis</span> <span class='ocrx_word' id='word_1_1027' title='bbox 1418 2866 1542 2906; x_wconf 88' lang='lat' dir='ltr'>erepta</span> <span class='ocrx_word' id='word_1_1028' title='bbox 1567 2866 1631 2898; x_wconf 90' lang='lat' dir='ltr'>est.</span> <span class='ocrx_word' id='word_1_1029' title='bbox 1681 2861 1743 2896; x_wconf 91' lang='lat' dir='ltr'>sed</span> <span class='ocrx_word' id='word_1_1030' title='bbox 1767 2863 1797 2897; x_wconf 91' lang='lat' dir='ltr'>si</span> <span class='ocrx_word' id='word_1_1031' title='bbox 1820 2862 1869 2905; x_wconf 92' lang='lat' dir='ltr'>is,</span> <span class='ocrx_word' id='word_1_1032' title='bbox 1904 2862 1964 2906; x_wconf 92' lang='lat' dir='ltr'>qui</span> <span class='ocrx_word' id='word_1_1033' title='bbox 1993 2864 2030 2896; x_wconf 88' lang='lat' dir='ltr'>in</span> <span class='ocrx_word' id='word_1_1034' title='bbox 2054 2864 2231 2906; x_wconf 90' lang='lat' dir='ltr'>potestate</span> <span class='ocrx_word' id='word_1_1035' title='bbox 2255 2864 2377 2895; x_wconf 86' lang='lat' dir='ltr'>nostra</span> 
     </span>
     <span class='ocr_line' id='line_1_147' title="bbox 1291 2906 2376 2951; baseline -0.003 -10"><span class='ocrx_word' id='word_1_1036' title='bbox 1291 2911 1355 2948; x_wconf 90' lang='lat' dir='ltr'>est,</span> <span class='ocrx_word' id='word_1_1037' title='bbox 1382 2907 1609 2951; x_wconf 88' lang='lat' dir='ltr'>subripuerit,</span> <span class='ocrx_word' id='word_1_1038' title='bbox 1636 2907 1802 2951; x_wconf 90' lang='lat' dir='ltr'>quamdiu</span> <span class='ocrx_word' id='word_1_1039' title='bbox 1827 2907 1923 2951; x_wconf 85' lang='lat' dir='ltr'>apud</span> <span class='ocrx_word' id='word_1_1040' title='bbox 1947 2908 2063 2951; x_wconf 90' lang='lat' dir='ltr'>ipsum</span> <span class='ocrx_word' id='word_1_1041' title='bbox 2085 2907 2130 2940; x_wconf 92' lang='lat' dir='ltr'>sit</span> <span class='ocrx_word' id='word_1_1042' title='bbox 2149 2916 2217 2948; x_wconf 89' lang='lat' dir='ltr'>res,</span> <span class='ocrx_word' id='word_1_1043' title='bbox 2242 2906 2376 2939; x_wconf 85' lang='lat' dir='ltr'>tamdiu</span> 
     </span>
     <span class='ocr_line' id='line_1_148' title="bbox 1290 2950 2375 2996; baseline -0.003 -10"><span class='ocrx_word' id='word_1_1044' title='bbox 1290 2962 1362 2986; x_wconf 91' lang='lat' dir='ltr'>non</span> <span class='ocrx_word' id='word_1_1045' title='bbox 1402 2952 1595 2987; x_wconf 88' lang='lat' dir='ltr'>amittimus</span> <span class='ocrx_word' id='word_1_1046' title='bbox 1635 2952 1912 2996; x_wconf 89' lang='lat' dir='ltr'>possessionem,</span> <span class='ocrx_word' id='word_1_1047' title='bbox 1953 2952 2036 2996; x_wconf 91' lang='lat' dir='ltr'>quia</span> <span class='ocrx_word' id='word_1_1048' title='bbox 2072 2962 2136 2996; x_wconf 89' lang='lat' dir='ltr'>per</span> <span class='ocrx_word' id='word_1_1049' title='bbox 2174 2950 2375 2984; x_wconf 86' lang='lat' dir='ltr'>huiusmodi</span> 
     </span>
     <span class='ocr_line' id='line_1_149' title="bbox 1290 2995 2374 3041; baseline -0.004 -9"><span class='ocrx_word' id='word_1_1050' title='bbox 1290 3007 1462 3041; x_wconf 88' lang='lat' dir='ltr'>personas</span> <span class='ocrx_word' id='word_1_1051' title='bbox 1496 2997 1696 3041; x_wconf 87' lang='lat' dir='ltr'>adquiritur</span> <span class='ocrx_word' id='word_1_1052' title='bbox 1725 2997 1827 3032; x_wconf 92' lang='lat' dir='ltr'>nobis</span> <span class='ocrx_word' id='word_1_1053' title='bbox 1860 2998 2050 3041; x_wconf 87' lang='lat' dir='ltr'>possessio.</span> <span class='ocrx_word' id='word_1_1054' title='bbox 2100 3000 2135 3031; x_wconf 92' lang='lat' dir='ltr'>et</span> <span class='ocrx_word' id='word_1_1055' title='bbox 2166 2996 2254 3030; x_wconf 89' lang='lat' dir='ltr'>haec</span> <span class='ocrx_word' id='word_1_1056' title='bbox 2287 2995 2374 3028; x_wconf 86' lang='lat' dir='ltr'>ratio</span> 
     </span>
     <span class='ocr_line' id='line_1_150' title="bbox 1291 3039 2372 3090; baseline -0.005 -13"><span class='ocrx_word' id='word_1_1057' title='bbox 1291 3046 1360 3085; x_wconf 88' lang='lat' dir='ltr'>est,</span> <span class='ocrx_word' id='word_1_1058' title='bbox 1399 3052 1509 3086; x_wconf 86' lang='lat' dir='ltr'>quare</span> <span class='ocrx_word' id='word_1_1059' title='bbox 1538 3042 1721 3077; x_wconf 90' lang='lat' dir='ltr'>videamur</span> <span class='ocrx_word' id='word_1_1060' title='bbox 1753 3042 1937 3086; x_wconf 87' lang='lat' dir='ltr'>fugitivum</span> <span class='ocrx_word' id='word_1_1061' title='bbox 1971 3042 2172 3087; x_wconf 90' lang='lat' dir='ltr'>possidere,</span> <span class='ocrx_word' id='word_1_1062' title='bbox 2209 3039 2303 3090; x_wconf 80' lang='lat' dir='ltr'>quod</span> <span class='ocrx_word' id='word_1_1063' title='bbox 2333 3040 2372 3080; x_wconf 91' lang='lat' dir='ltr'>is,</span> 
     </span>
     <span class='ocr_line' id='line_1_151' title="bbox 1291 3085 2371 3131; baseline -0.004 -10"><span class='ocrx_word' id='word_1_1064' title='bbox 1291 3087 1587 3131; x_wconf 91' lang='lat' dir='ltr'>quemadmodum</span> <span class='ocrx_word' id='word_1_1065' title='bbox 1627 3087 1778 3121; x_wconf 87' lang='lat' dir='ltr'>aliarum</span> <span class='ocrx_word' id='word_1_1066' title='bbox 1816 3098 1935 3122; x_wconf 90' lang='lat' dir='ltr'>rerum</span> <span class='ocrx_word' id='word_1_1067' title='bbox 1974 3085 2232 3131; x_wconf 87' lang='lat' dir='ltr'>possessionem</span> <span class='ocrx_word' id='word_1_1068' title='bbox 2267 3088 2371 3118; x_wconf 85' lang='lat' dir='ltr'>inter-</span> 
     </span>
     <span class='ocr_line' id='line_1_152' title="bbox 1289 3132 2259 3177; baseline -0.005 -10"><span class='ocrx_word' id='word_1_1069' title='bbox 1289 3136 1427 3167; x_wconf 88' lang='lat' dir='ltr'>vertere</span> <span class='ocrx_word' id='word_1_1070' title='bbox 1451 3143 1522 3167; x_wconf 90' lang='lat' dir='ltr'>non</span> <span class='ocrx_word' id='word_1_1071' title='bbox 1546 3136 1675 3177; x_wconf 89' lang='lat' dir='ltr'>potest,</span> <span class='ocrx_word' id='word_1_1072' title='bbox 1700 3132 1751 3166; x_wconf 86' lang='lat' dir='ltr'>ita</span> <span class='ocrx_word' id='word_1_1073' title='bbox 1774 3143 1819 3167; x_wconf 88' lang='lat' dir='ltr'>ne</span> <span class='ocrx_word' id='word_1_1074' title='bbox 1844 3143 1944 3167; x_wconf 87' lang='lat' dir='ltr'>suam</span> <span class='ocrx_word' id='word_1_1075' title='bbox 1969 3132 2109 3176; x_wconf 84' lang='lat' dir='ltr'>quidem</span> <span class='ocrx_word' id='word_1_1076' title='bbox 2132 3134 2259 3174; x_wconf 88' lang='lat' dir='ltr'>potest.</span> 
     </span>
    </p>

    <p class='ocr_par' dir='ltr' id='par_1_27' title="bbox 1290 3173 2372 3311">
     <span class='ocr_line' id='line_1_153' title="bbox 1340 3173 2369 3224; baseline -0.006 -11"><span class='ocrx_word' id='word_1_1077' title='bbox 1340 3175 1389 3213; x_wconf 84' lang='grc'>16</span> <span class='ocrx_word' id='word_1_1078' title='bbox 1422 3177 1615 3212; x_wconf 80' lang='lat' dir='ltr'><em>ULPJANUS</em></span> <span class='ocrx_word' id='word_1_1079' title='bbox 1637 3178 1727 3212; x_wconf 77' lang='lat' dir='ltr'>libro</span> <span class='ocrx_word' id='word_1_1080' title='bbox 1752 3179 2041 3223; x_wconf 65' lang='lat' dir='ltr'>sept-naqcmm&#39;mo</span> <span class='ocrx_word' id='word_1_1081' title='bbox 2068 3176 2170 3209; x_wconf 65' lang='lat' dir='ltr'>lertio</span> <span class='ocrx_word' id='word_1_1082' title='bbox 2204 3174 2253 3224; x_wconf 68' lang='grc' dir='ltr'>αζί</span> <span class='ocrx_word' id='word_1_1083' title='bbox 2281 3173 2369 3208; x_wconf 69' lang='lat' dir='ltr'>edic-</span> 
     </span>
     <span class='ocr_line' id='line_1_154' title="bbox 1291 3219 2372 3266; baseline -0.004 -10"><span class='ocrx_word' id='word_1_1084' title='bbox 1291 3226 1364 3256; x_wconf 80' lang='lat' dir='ltr'>tum</span> <span class='ocrx_word' id='word_1_1085' title='bbox 1420 3222 1521 3266; x_wconf 78' lang='lat' dir='ltr'>Quod</span> <span class='ocrx_word' id='word_1_1086' title='bbox 1559 3233 1651 3257; x_wconf 86' lang='lat' dir='ltr'>uxor</span> <span class='ocrx_word' id='word_1_1087' title='bbox 1689 3223 1763 3256; x_wconf 90' lang='lat' dir='ltr'>viro</span> <span class='ocrx_word' id='word_1_1088' title='bbox 1800 3226 1864 3257; x_wconf 91' lang='lat' dir='ltr'>aut</span> <span class='ocrx_word' id='word_1_1089' title='bbox 1896 3223 1947 3256; x_wconf 91' lang='lat' dir='ltr'>vir</span> <span class='ocrx_word' id='word_1_1090' title='bbox 1978 3221 2080 3255; x_wconf 88' lang='lat' dir='ltr'>uxori</span> <span class='ocrx_word' id='word_1_1091' title='bbox 2111 3219 2270 3260; x_wconf 71' lang='lat' dir='ltr'>donavn,</span> <span class='ocrx_word' id='word_1_1092' title='bbox 2308 3229 2372 3262; x_wconf 93' lang='lat' dir='ltr'>pro</span> 
     </span>
     <span class='ocr_line' id='line_1_155' title="bbox 1290 3267 1733 3311; baseline -0.002 -9"><span class='ocrx_word' id='word_1_1093' title='bbox 1290 3277 1497 3311; x_wconf 89' lang='lat' dir='ltr'>possessore</span> <span class='ocrx_word' id='word_1_1094' title='bbox 1521 3267 1733 3311; x_wconf 89' lang='lat' dir='ltr'>possidetur.</span> 
     </span>
    </p>

    <p class='ocr_par' dir='ltr' id='par_1_28' title="bbox 1289 3308 2373 3535">
     <span class='ocr_line' id='line_1_156' title="bbox 1341 3308 2371 3358; baseline -0.007 -11"><span class='ocrx_word' id='word_1_1095' title='bbox 1341 3310 1388 3347; x_wconf 90' lang='lat'>17</span> <span class='ocrx_word' id='word_1_1096' title='bbox 1421 3312 1527 3346; x_wconf 75' lang='lat' dir='ltr'><em>IDEM</em></span> <span class='ocrx_word' id='word_1_1097' title='bbox 1558 3313 1648 3347; x_wconf 71' lang='lat' dir='ltr'>libro</span> <span class='ocrx_word' id='word_1_1098' title='bbox 1683 3313 1971 3358; x_wconf 73' lang='lat' dir='ltr'>septuaqensimo</span> <span class='ocrx_word' id='word_1_1099' title='bbox 2002 3312 2104 3344; x_wconf 73' lang='lat' dir='ltr'>seoeto</span> <span class='ocrx_word' id='word_1_1100' title='bbox 2142 3308 2191 3342; x_wconf 80' lang='lat' dir='ltr'>ad</span> <span class='ocrx_word' id='word_1_1101' title='bbox 2221 3308 2371 3342; x_wconf 76' lang='lat' dir='ltr'>edictum</span> 
     </span>
     <span class='ocr_line' id='line_1_157' title="bbox 1291 3352 2373 3404; baseline -0.005 -14"><span class='ocrx_word' id='word_1_1102' title='bbox 1291 3357 1328 3391; x_wconf 88' lang='lat' dir='ltr'>Si</span> <span class='ocrx_word' id='word_1_1103' title='bbox 1353 3357 1430 3400; x_wconf 89' lang='lat' dir='ltr'>quis</span> <span class='ocrx_word' id='word_1_1104' title='bbox 1455 3357 1487 3391; x_wconf 85' lang='lat' dir='ltr'>vi</span> <span class='ocrx_word' id='word_1_1105' title='bbox 1513 3357 1556 3392; x_wconf 91' lang='lat' dir='ltr'>de</span> <span class='ocrx_word' id='word_1_1106' title='bbox 1579 3359 1804 3401; x_wconf 86' lang='lat' dir='ltr'>possessione</span> <span class='ocrx_word' id='word_1_1107' title='bbox 1828 3357 1985 3391; x_wconf 76' lang='lat' dir='ltr'>deiectus</span> <span class='ocrx_word' id='word_1_1108' title='bbox 2006 3354 2061 3395; x_wconf 87' lang='lat' dir='ltr'>sit,</span> <span class='ocrx_word' id='word_1_1109' title='bbox 2086 3352 2231 3404; x_wconf 82' lang='lat' dir='ltr'>perinde</span> <span class='ocrx_word' id='word_1_1110' title='bbox 2250 3352 2373 3404; x_wconf 81' lang='lat' dir='ltr'>haberi</span> 
     </span>
     <span class='ocr_line' id='line_1_158' title="bbox 1291 3398 2372 3446; baseline -0.006 -10"><span class='ocrx_word' id='word_1_1111' title='bbox 1291 3402 1396 3436; x_wconf 87' lang='lat' dir='ltr'>debet</span> <span class='ocrx_word' id='word_1_1112' title='bbox 1420 3412 1462 3436; x_wconf 91' lang='lat' dir='ltr'>ac</span> <span class='ocrx_word' id='word_1_1113' title='bbox 1487 3402 1517 3437; x_wconf 92' lang='lat' dir='ltr'>si</span> <span class='ocrx_word' id='word_1_1114' title='bbox 1540 3402 1759 3446; x_wconf 88' lang='lat' dir='ltr'>possideret,</span> <span class='ocrx_word' id='word_1_1115' title='bbox 1793 3413 1872 3436; x_wconf 92' lang='lat' dir='ltr'>cum</span> <span class='ocrx_word' id='word_1_1116' title='bbox 1901 3399 2087 3433; x_wconf 86' lang='lat' dir='ltr'>interdicto</span> <span class='ocrx_word' id='word_1_1117' title='bbox 2113 3398 2156 3432; x_wconf 91' lang='lat' dir='ltr'>de</span> <span class='ocrx_word' id='word_1_1118' title='bbox 2180 3408 2213 3431; x_wconf 84' lang='lat' dir='ltr'>vi</span> <span class='ocrx_word' id='word_1_1119' title='bbox 2237 3407 2372 3440; x_wconf 82' lang='lat' dir='ltr'>recipe-</span> 
     </span>
     <span class='ocr_line' id='line_1_159' title="bbox 1293 3441 2372 3491; baseline -0.005 -11"><span class='ocrx_word' id='word_1_1120' title='bbox 1293 3451 1306 3480; x_wconf 89' lang='lat'>1</span> <span class='ocrx_word' id='word_1_1121' title='bbox 1359 3447 1492 3481; x_wconf 85' lang='lat' dir='ltr'>randae</span> <span class='ocrx_word' id='word_1_1122' title='bbox 1515 3448 1751 3491; x_wconf 88' lang='lat' dir='ltr'>possessionis</span> <span class='ocrx_word' id='word_1_1123' title='bbox 1775 3447 1981 3480; x_wconf 83' lang='lat' dir='ltr'>facultatem</span> <span class='ocrx_word' id='word_1_1124' title='bbox 2007 3444 2147 3477; x_wconf 85' lang='lat' dir='ltr'>habeat.</span> <span class='ocrx_word' id='word_1_1125' title='bbox 2198 3441 2372 3476; x_wconf 86' lang='lat' dir='ltr'>Differen-</span> 
     </span>
     <span class='ocr_line' id='line_1_160' title="bbox 1289 3486 2372 3535; baseline -0.004 -10"><span class='ocrx_word' id='word_1_1126' title='bbox 1289 3492 1339 3526; x_wconf 88' lang='lat' dir='ltr'>tia</span> <span class='ocrx_word' id='word_1_1127' title='bbox 1369 3492 1461 3526; x_wconf 90' lang='lat' dir='ltr'>inter</span> <span class='ocrx_word' id='word_1_1128' title='bbox 1491 3492 1684 3527; x_wconf 89' lang='lat' dir='ltr'>dominium</span> <span class='ocrx_word' id='word_1_1129' title='bbox 1713 3497 1749 3528; x_wconf 90' lang='lat' dir='ltr'>et</span> <span class='ocrx_word' id='word_1_1130' title='bbox 1777 3490 2037 3535; x_wconf 87' lang='lat' dir='ltr'>possessionem</span> <span class='ocrx_word' id='word_1_1131' title='bbox 2060 3488 2147 3522; x_wconf 84' lang='lat' dir='ltr'>haec</span> <span class='ocrx_word' id='word_1_1132' title='bbox 2173 3491 2243 3528; x_wconf 87' lang='lat' dir='ltr'>est,</span> <span class='ocrx_word' id='word_1_1133' title='bbox 2278 3486 2372 3531; x_wconf 90' lang='lat' dir='ltr'>quod</span> 
     </span>
    </p>
   </div>
   <div class='ocr_carea' id='block_1_17' title="bbox 1479 3569 1572 3572">
    <p class='ocr_par' dir='ltr' id='par_1_29' title="bbox 1479 3569 1572 3572">
     <span class='ocr_line' id='line_1_161' title="bbox 1479 3569 1572 3572; baseline 0 0"><span class='ocrx_word' id='word_1_1134' title='bbox 1479 3569 1572 3572; x_wconf 95' lang='lat' dir='ltr'> </span> 
     </span>
    </p>
   </div>
   <div class='ocr_carea' id='block_1_18' title="bbox 1291 3601 2379 3782">
    <p class='ocr_par' dir='ltr' id='par_1_30' title="bbox 1291 3601 2379 3782">
     <span class='ocr_line' id='line_1_162' title="bbox 1292 3601 2371 3646; baseline -0.004 -9"><span class='ocrx_word' id='word_1_1135' title='bbox 1292 3607 1349 3646; x_wconf 82' lang='lat' dir='ltr'>est,</span> <span class='ocrx_word' id='word_1_1136' title='bbox 1371 3605 1450 3646; x_wconf 87' lang='lat' dir='ltr'>quia</span> <span class='ocrx_word' id='word_1_1137' title='bbox 1471 3608 1504 3638; x_wconf 80' lang='lat' dir='ltr'>et</span> <span class='ocrx_word' id='word_1_1138' title='bbox 1521 3606 1584 3638; x_wconf 89' lang='lat' dir='ltr'>hoc</span> <span class='ocrx_word' id='word_1_1139' title='bbox 1605 3605 1793 3637; x_wconf 86' lang='lat' dir='ltr'>donationis</span> <span class='ocrx_word' id='word_1_1140' title='bbox 1810 3604 1913 3634; x_wconf 81' lang='lat' dir='ltr'>instar</span> <span class='ocrx_word' id='word_1_1141' title='bbox 1926 3601 2056 3632; x_wconf 88' lang='lat' dir='ltr'>inducit</span> <span class='ocrx_word' id='word_1_1142' title='bbox 2072 3601 2112 3632; x_wconf 93' lang='lat' dir='ltr'>D.</span> <span class='ocrx_word' id='word_1_1143' title='bbox 2131 3601 2150 3633; x_wconf 81' lang='lat' dir='ltr'>l.</span> <span class='ocrx_word' id='word_1_1144' title='bbox 2163 3602 2371 3643; x_wconf 70' lang='lat' dir='ltr'>yeminofor-</span> 
     </span>
     <span class='ocr_line' id='line_1_163' title="bbox 1293 3646 2379 3693; baseline -0.005 -10"><span class='ocrx_word' id='word_1_1145' title='bbox 1293 3658 1376 3683; x_wconf 75' lang='lat' dir='ltr'>tasse</span> <span class='ocrx_word' id='word_1_1146' title='bbox 1397 3652 1590 3693; x_wconf 75' lang='lat' dir='ltr'>interpolato</span> <span class='ocrx_word' id='word_1_1147' title='bbox 1713 3653 1756 3688; x_wconf 86' lang='lat'>(9)</span> <span class='ocrx_word' id='word_1_1148' title='bbox 1781 3648 1867 3679; x_wconf 83' lang='lat' dir='ltr'>libro</span> <span class='ocrx_word' id='word_1_1149' title='bbox 1881 3659 1938 3678; x_wconf 87' lang='lat' dir='ltr'>om.</span> <span class='ocrx_word' id='word_1_1150' title='bbox 1961 3647 1994 3677; x_wconf 83' lang='lat' dir='ltr'><em>F</em></span> <span class='ocrx_word' id='word_1_1151' title='bbox 2119 3649 2178 3686; x_wconf 88' lang='grc'><strong>(10)</strong></span> <span class='ocrx_word' id='word_1_1152' title='bbox 2203 3646 2325 3677; x_wconf 83' lang='lat' dir='ltr'>servire</span> <span class='ocrx_word' id='word_1_1153' title='bbox 2347 3647 2379 3678; x_wconf 88' lang='lat' dir='ltr'><em>F</em></span> 
     </span>
     <span class='ocr_line' id='line_1_164' title="bbox 1291 3688 2367 3736; baseline -0.007 -8"><span class='ocrx_word' id='word_1_1154' title='bbox 1291 3696 1347 3735; x_wconf 84' lang='lat'><strong>(11)</strong></span> <span class='ocrx_word' id='word_1_1155' title='bbox 1370 3696 1538 3736; x_wconf 82' lang='lat' dir='ltr'>possideat</span> <span class='ocrx_word' id='word_1_1156' title='bbox 1561 3696 1623 3736; x_wconf 81' lang='lat' dir='ltr'>F2‚</span> <span class='ocrx_word' id='word_1_1157' title='bbox 1655 3693 1836 3736; x_wconf 86' lang='lat' dir='ltr'>possideras</span> <span class='ocrx_word' id='word_1_1158' title='bbox 1859 3691 1893 3723; x_wconf 88' lang='lat' dir='ltr'><em>F</em></span> <span class='ocrx_word' id='word_1_1159' title='bbox 1901 3691 1910 3709; x_wconf 93' lang='lat'><strong>¹</strong></span> <span class='ocrx_word' id='word_1_1160' title='bbox 2071 3692 2129 3731; x_wconf 76' lang='lat'><strong>(12)</strong></span> <span class='ocrx_word' id='word_1_1161' title='bbox 2154 3690 2298 3732; x_wconf 78' lang='lat' dir='ltr'>possidet</span> <span class='ocrx_word' id='word_1_1162' title='bbox 2323 3688 2367 3722; x_wconf 75' lang='lat' dir='ltr'>F¹</span> 
     </span>
     <span class='ocr_line' id='line_1_165' title="bbox 1291 3737 2040 3782; baseline -0.011 -7"><span class='ocrx_word' id='word_1_1163' title='bbox 1291 3741 1348 3782; x_wconf 81' lang='grc'><strong>(13)</strong></span> <span class='ocrx_word' id='word_1_1164' title='bbox 1372 3750 1414 3772; x_wconf 86' lang='lat' dir='ltr'>ne</span> <span class='ocrx_word' id='word_1_1165' title='bbox 1427 3740 1460 3772; x_wconf 88' lang='lat' dir='ltr'>F&#39;</span> <span class='ocrx_word' id='word_1_1166' title='bbox 1546 3740 1605 3781; x_wconf 80' lang='grc'><strong>(14)</strong></span> <span class='ocrx_word' id='word_1_1167' title='bbox 1630 3740 1700 3772; x_wconf 78' lang='lat' dir='ltr'>eius</span> <span class='ocrx_word' id='word_1_1168' title='bbox 1712 3737 1869 3779; x_wconf 79' lang='lat' dir='ltr'>temporis</span> <span class='ocrx_word' id='word_1_1169' title='bbox 1882 3746 1948 3776; x_wconf 91' lang='lat' dir='ltr'>quo</span> <span class='ocrx_word' id='word_1_1170' title='bbox 1968 3737 2040 3768; x_wconf 78' lang='lat' dir='ltr'>edd.</span> 
     </span>
    </p>
   </div>
  </div>
 </body>
</html>
