2528 3918
129 124 189 155 DE
219 121 558 155 DONATIONIBUS

125 236 192 272 soli
211 235 404 282 possident,
429 232 685 279 principalibus
705 231 1018 268 constitutionibus
1037 230 1211 276 prospici·

125 286 202 324 tur,
227 292 271 317 ne
296 281 353 316 cui
377 280 483 324 longa
507 282 543 314 et
565 277 766 313 indubitata
788 277 966 322 possessio
994 277 1126 312 auferri
1150 275 1210 311 dc·

126 330 145 362 8
193 328 286 361 beat.
334 324 536 370 Aliquando
563 323 669 359 etiam
692 322 826 357 furtiva
843 322 898 357 vel
917 321 950 357 vi
970 332 1136 366 possessa
1154 330 1211 355 res

125 372 273 417 usucapi
297 374 433 416 potest:
460 369 565 404 veluti
583 369 614 403 si
631 368 668 403 in
688 367 818 403 domini
838 370 1050 412 potestatem
1071 376 1212 401 reversa

125 417 239 452 fuerit.
277 421 363 451 tunc
389 415 479 450 enim
503 414 587 450 vitio
611 413 661 448 rei
685 416 835 458 purgato
854 412 1014 456 procedit
1032 413 1106 447 eius
1126 423 1210 446 usu-

124 465 144 497 9
192 461 305 514 capio.
354 461 425 496 Res
449 460 527 495 fisci
558 459 671 494 nostri
702 458 851 502 usucapi
882 469 953 493 non
984 460 1110 502 potest.
1148 456 1212 492 sed

124 507 341 552 Papinianus
371 506 515 541 scribit¹
541 505 643 540 bouis
668 504 878 539 vacantibus
910 503 1023 538 fisco²
1055 502 1211 538 nondum

124 552 293 588 nuntiatis
325 552 421 587 bona
451 550 521 585 fide
552 553 743 594 emptorem
779 548 845 583 sibi
878 548 1044 583 traditam
1068 559 1142 583 rem
1168 559 1211 582 ex

124 598 177 633 his
201 597 304 632 bonis
324 606 522 642 usucapere
541 604 663 641 posse:
691 600 725 628 ot
743 596 794 628 ita
814 594 912 629 divus
926 594 1010 629 Pius
1032 597 1067 628 et
1089 593 1211 628 divus³

127 647 166 678 10
213 643 362 678 Severus
394 645 430 676 et
459 641 663 676 Antoninus
694 640 964 684 rescripserunt.
1013 638 1211 674 Novissime

123 688 306 724 sciendum
331 691 384 723 est
407 697 482 722 rem
507 686 614 721 talem
639 696 716 720 esse
749 685 897 727 debere,
930 689 971 719 ut
1000 685 1037 719 in
1069 694 1106 719 se
1139 694 1211 719 non

123 734 254 769 habeat
276 733 410 775 vitium,
435 736 476 767 ut
499 742 521 767 a
544 732 640 767 bona
658 730 729 766 fide
750 734 907 775 emptore
927 730 1077 775 usucapi
1098 729 1212 775 possit

122 779 176 815 vel
199 779 259 825 qui
284 789 327 814 ex
351 779 420 813 alia
442 778 537 813 iusta
561 787 671 811 causa
694 776 864 821 possidet.

124 828 160 860 11
257 825 370 859 Error
394 827 512 859 autem
542 822 657 857 falsae
689 832 820 857 causae
851 821 1106 866 usucapionem
1138 830 1210 855 non

121 870 225 915 parit.
261 869 370 906 veluti
383 869 514 914 siquis,
537 879 618 903 cum
637 878 710 902 non
728 866 862 908 emerit,
885 867 1010 902 emisse
1030 877 1068 902 se
1089 865 1209 900 existi-

121 926 222 950 mans
254 915 476 960 possideatl:
510 914 564 948 vel
597 924 677 948 cum
709 913 739 948 ei
772 912 943 948 donatum
977 922 1048 947 non
1078 911 1208 953 fuerat,

121 961 223 1006 quasi
247 971 291 996 ex
316 960 507 996 donatione
530 958 722 1004 possideat.

124 1009 163 1041 12
255 1006 405 1041 Diutina
428 1004 618 1050 possessio,
644 1014 736 1049 quae
760 1003 931 1048 prodesse
956 1005 1123 1047 coeperat
1147 1001 1208 1037 de-

119 1051 256 1094 functo,
282 1055 318 1087 et
339 1051 462 1086 heredi
487 1054 522 1085 et
545 1050 720 1084 bonorum
744 1049 942 1094 possessori
967 1048 1208 1090 continuatur,

118 1097 203 1132 licet
225 1097 302 1143 ipse
326 1096 417 1132 sciat
440 1095 624 1141 praedium
649 1095 820 1130 alienum:
847 1094 975 1140 quodsi
994 1094 1052 1129 ille
1071 1092 1209 1128 initium

118 1143 253 1179 iustum
285 1153 358 1178 non
392 1142 537 1183 habuit,
573 1140 695 1176 heredi
731 1144 766 1175 et
800 1140 975 1176 bonorum
1010 1138 1210 1185 possessori

118 1188 201 1224 licet
230 1187 408 1234 ignoranti
438 1186 617 1232 possessio
650 1196 721 1221 non
750 1185 908 1230 prodest.
955 1184 1051 1231 quod
1085 1187 1210 1220 nostra

119 1234 355 1269 constituti0⁵
386 1232 545 1269 similiter
581 1235 618 1267 et
647 1231 684 1266 in
715 1230 996 1277 usucapionibus
1027 1229 1210 1266 observari

121 1282 161 1314 13
210 1278 415 1321 constituit,
439 1281 481 1313 ut
503 1281 666 1323 tempora
690 1277 955 1312 continuentur.
1003 1276 1102 1311 Inter
1124 1285 1208 1311 ven·

118 1325 266 1360 ditorem
291 1334 431 1370 quoque
455 1327 491 1359 et
514 1326 707 1368 emptorem
732 1323 897 1367 coniungi
922 1326 1083 1368 tempora
1107 1321 1209 1357 divus

119 1370 269 1406 Severus
294 1374 330 1406 et
352 1369 555 1405 Antoninus
579 1369 852 1414 rescripserunt.

120 1419 160 1450 14
251 1415 382 1451 Edicto
415 1415 484 1450 divi
508 1414 624 1449 Marci
656 1418 800 1449 cavetur
832 1424 930 1456 eum,
968 1413 1028 1458 qui
1063 1423 1085 1448 a
1119 1412 1207 1449 fisco

116 1472 190 1496 rem
214 1461 366 1496 alienam
391 1460 484 1503 emit,
509 1460 539 1495 si
562 1463 646 1505 post
669 1459 905 1495 venditionem
929 1459 1208 1504 quinquennium

116 1506 350 1552 praeterierit,
373 1517 479 1552 posse
504 1505 684 1541 dominum
708 1505 760 1540 rei
778 1515 844 1550 per
862 1504 1132 1557 exceptionem⁶
1151 1515 1207 1540 re-

142 1552 255 1587 ellere.
294 1552 500 1587 constitutio
533 1555 651 1586 autem
683 1550 784 1586 divae
812 1561 1005 1586 memoriae
1027 1550 1208 1586 Zenonis⁷

115 1564 206 1633 Bene
229 1597 414 1651 prospexit
437 1597 510 1639 his,
544 1596 603 1642 qui
634 1607 656 1631 a
686 1595 774 1632 fisco
805 1606 869 1648 per
892 1595 1129 1631 venditionem
1152 1595 1208 1631 vel

117 1644 342 1679 donatmnem
372 1643 427 1678 vel
458 1643 567 1677 alium
598 1642 740 1676 titulum
772 1641 905 1686 ahquid
935 1641 1134 1686 accipiunt,
1167 1644 1208 1676 ut

116 1689 184 1734 ipsi
216 1689 356 1734 quidem
389 1689 506 1723 securi
537 1687 658 1723 statim
688 1687 779 1722 fiant
803 1691 838 1722 et
861 1687 1013 1722 victores
1039 1687 1205 1729 existant,

117 1735 189 1770 sive
214 1734 472 1770 conveniantur
495 1733 568 1768 sive
601 1733 846 1778 experiantur:
880 1732 1050 1767 adversus
1083 1743 1204 1768 sacra-

117 1780 288 1815 tissimum
313 1783 431 1815 autem
455 1778 632 1814 aerarium
663 1788 776 1823 usque
800 1778 846 1813 ad
869 1778 1140 1823 quadriennium
1164 1777 1205 1812 li-

116 1829 196 1861 ceat
225 1825 408 1861 intendere
438 1824 511 1867 his,
545 1824 605 1869 qui
636 1834 700 1868 pro
733 1823 886 1859 dominio
918 1824 972 1859 vel
1003 1824 1207 1876 hypotheca

116 1882 238 1905 earum
268 1881 405 1912 rerum,
439 1880 529 1915 quae
560 1869 736 1904 alienatae
767 1872 868 1911 sunt,
902 1872 1106 1914 putaverint
1138 1869 1206 1904 sibi

116 1916 288 1961 quasdam
323 1920 524 1960 competere
555 1915 725 1950 actiones.
770 1918 895 1949 nostra
934 1918 1053 1949 autem
1089 1914 1206 1950 divina

116 1962 366 2004 constituti0⁸,
399 1971 504 2006 quam
535 1970 649 2005 nuper
672 1960 989 2005 promulgavimus,
1024 1960 1128 1995 etiam
1161 1960 1205 1995 de

115 2007 188 2049 his,
215 2007 274 2052 qui
298 2017 321 2042 a
343 2011 468 2041 nostra
490 2006 545 2041 vel
568 2005 776 2041 venerabilis
800 2006 985 2050 Augustae
1008 2005 1112 2041 domo
1138 2006 1203 2041 ali-

115 2052 199 2098 quid
223 2052 436 2097 acceperint,
461 2052 551 2086 haec
576 2051 711 2093 statuit,
739 2061 830 2096 quae
853 2051 890 2085 in
913 2050 1095 2086 fiscalibus
1119 2051 1204 2087 alie-

115 2098 316 2134 nationibus
347 2097 534 2143 praefatae
564 2096 792 2132 Zenonianae
823 2096 1097 2132 constitutioni⁸¹
1119 2107 1204 2132 con-

115 2144 284 2178 tinentur.

605 2234 703 2274 V11⁹

439 2303 499 2335 DE
524 2302 872 2334 DONATIONIBUS.

158 2369 227 2404 Est
251 2369 357 2404 etiam
374 2369 471 2404 aliud
487 2379 598 2413 genus
619 2368 868 2414 adquisitionis
897 2368 1052 2403 donatio.
1091 2368 1203 2404 dona-

113 2414 247 2449 tionum
272 2419 390 2449 autem
415 2414 485 2449 duo
509 2424 639 2459 genera
663 2418 762 2449 sunt:
788 2414 912 2449 mortis
938 2424 1049 2449 causa
1073 2418 1109 2448 et
1132 2425 1204 2449 non

117 2464 129 2494 1
181 2460 304 2495 mortis
342 2470 462 2495 causa.
510 2459 639 2495 Mortis
676 2470 785 2495 causa
820 2459 965 2494 donatio
1003 2463 1074 2501 est,
1112 2469 1204 2504 quae

113 2510 260 2550 propter
284 2506 408 2540 mortis
425 2505 465 2539 fit
482 2505 721 2550 suspicionem
736 2506 773 2548 ¹⁰,
799 2516 879 2540 cum
904 2505 982 2550 quis
1006 2505 1057 2539 ita
1081 2505 1201 2546 donat,

112 2554 170 2593 ut,
204 2551 233 2586 si
266 2550 351 2595 quid
383 2550 587 2586 humanitus
620 2551 652 2585 ei
676 2551 891 2596 contigisset,
917 2551 1066 2585 haberet
1089 2550 1119 2585 is
1145 2550 1203 2595 qui

112 2596 269 2641 accepit:
304 2597 358 2630 sin
390 2600 510 2630 autem
542 2596 794 2640 supervixisset
825 2596 885 2641 qui
917 2595 1079 2638 donavit,
1112 2596 1202 2631 reci-

111 2645 231 2686 peret,
265 2642 319 2676 vel
343 2641 373 2676 si
400 2652 479 2676 eum
515 2640 716 2676 donationis
747 2641 982 2686 poenituisset
1013 2646 1076 2676 aut
1105 2641 1204 2686 prior

112 2687 303 2722 decesserit
333 2686 363 2722 is
396 2687 454 2722 cui
485 2686 655 2721 donatum
688 2686 744 2721 sit.
795 2686 903 2721 hae¹¹
936 2687 1059 2721 mortis
1093 2697 1204 2721 causa

113 2732 320 2767 donationes
346 2732 392 2767 ad
417 2731 613 2776 exemplum
634 2732 829 2776 legatorum
849 2731 1016 2767 redactae
1036 2736 1120 2767 sunt
1139 2742 1204 2777 per

113 2778 241 2812 omnia.
278 2788 361 2812 nam
375 2788 455 2812 cum
467 2776 704 2822 prudentibus
718 2777 920 2822 ambiguum
933 2776 1063 2819 fuerat,
1084 2781 1203 2812 utrum

113 2823 316 2858 donationis
334 2833 380 2857 an
400 2823 506 2868 legati
526 2822 639 2857 instar
659 2833 736 2857 eam
749 2823 909 2867 optinere
924 2823 949 2842 ¹2
968 2826 1150 2867 oporteret
1164 2824 1201 2865 ¹³,

113 2872 147 2902 et
171 2868 356 2913 utriusque
381 2878 512 2903 causae
537 2868 711 2913 quaedam
734 2868 891 2903 habebat
914 2867 1066 2912 insignia
1087 2872 1122 2903 et
1143 2868 1202 2902 alii

112 2913 157 2948 ad
183 2913 278 2948 aliud
302 2924 411 2958 genus
433 2924 510 2948 eam
529 2913 778 2949 retrahebant:
805 2924 826 2948 a
845 2913 948 2948 nobis
969 2913 1202 2948 constitutum

112 2959 223 3002 est14,
256 2963 297 2993 ut
320 2969 383 3003 per
406 2959 524 2994 omnia
547 2958 621 2993 fere
644 2959 768 3003 legatis
794 2962 1068 2994 connumeretur
1092 2962 1128 2992 et
1151 2958 1202 2993 sic

111 3004 301 3048 procedat,
334 3003 630 3049 quemadmodum
663 3014 740 3039 eam
772 3008 895 3039 nostra
925 3003 1092 3038 formavit
1116 3014 1201 3038 con-

111 3049 259 3084 stitutio.
314 3051 385 3084 ¹⁵et
415 3050 450 3084 in
483 3059 620 3084 summa
651 3050 775 3084 mortis
808 3059 919 3084 causa
954 3049 1098 3084 donatio
1136 3052 1200 3091 est,

111 3106 192 3130 cum
217 3095 328 3139 magis
353 3105 391 3130 se
415 3095 493 3139 quis
518 3095 602 3129 velit
625 3095 777 3138 habere,
811 3105 917 3140 quam
950 3105 1029 3129 eum
1055 3095 1113 3129 cui
1138 3094 1200 3129 do-

111 3144 227 3182 natur,
252 3140 432 3184 magisque
452 3150 532 3175 eum
553 3140 611 3174 cui
631 3139 751 3182 donat,
772 3151 878 3185 quam
899 3139 1065 3174 heredem
1086 3150 1199 3175 suum.

111 3186 161 3220 sic
186 3189 222 3220 et
244 3185 340 3230 apud
365 3185 557 3220 Homerum
583 3184 818 3221 Telemachus
843 3185 954 3221 donat
976 3185 1151 3221 Piraeo.¹⁶

111 3233 130 3265 2
221 3231 324 3265 Aliae
358 3235 476 3265 autem
512 3230 721 3266 donationes
753 3234 854 3274 sunt,
892 3241 984 3276 quae
1017 3230 1093 3265 sine
1128 3231 1202 3265 ulla

111 3276 233 3310 mortis
252 3276 466 3320 cogitatione
489 3275 590 3318 fiunt,
615 3286 704 3321 quas
728 3277 821 3311 inter
844 3276 940 3312 vivos
966 3277 1199 3321 appellamus,

111 3438 149 3473 (1)
163 3436 209 3468 sic
223 3435 304 3467 ΑἸιι
314 3439 338 3475 7,
353 3435 490 3476 scripsit
502 3436 538 3468 B
607 3438 648 3472 (2)
663 3435 755 3476 fisco]
769 3435 842 3476 AT,
856 3438 888 3466 et
901 3424 972 3467 ffB
1042 3438 1083 3475 (3)
1100 3431 1196 3466 θειό-

111 3491 216 3512 τατοι
230 3481 260 3512 Θ
342 3484 383 3523 (4)
397 3482 445 3513 sic
456 3481 497 3520 A,
513 3480 663 3522 possidet
677 3481 739 3520 Ba,
754 3480 937 3522 possidea..
954 3480 1000 3512 1¹²
1059 3482 1101 3520 (5)
1120 3480 1196 3513 Cod.

112 3527 141 3565 7,
157 3531 198 3564 31,
212 3533 224 3558 1
281 3528 324 3564 (6)
337 3536 398 3566 per
410 3526 652 3566 exceptionem]
671 3526 707 3564 Τ,
720 3526 916 3567 exceptione
929 3526 999 3558 AB
1058 3527 1101 3565 (7)
1119 3525 1196 3558 Cod.

112 3571 141 3609 7,
157 3577 202 3610 37,
216 3577 233 3603 2
285 3571 331 3613 (8)
351 3571 471 3611 Cod.7,
482 3575 554 3609 37‚3
602 3570 660 3610 (8⁸)
678 3570 724 3600 sic
743 3570 798 3604 Ta,
813 3569 1064 3601 constitutionis
1075 3566 1198 3602 ABT⁶

156 3618 199 3653 (9)
229 3615 279 3658 Cf.
293 3616 372 3658 Diy.
385 3616 438 3655 24,
452 3622 484 3654 1;
506 3615 559 3657 39,
574 3623 600 3648 5.
615 3621 632 3648 6
673 3614 749 3647 Cod.
764 3615 795 3654 5,
810 3621 837 3652 3,
851 3621 903 3653 163
917 3615 947 3654 8,
962 3622 996 3647 53
1012 3621 1059 3648 ‚56
1075 3616 1197 3656 (54..57)

111 3661 169 3697 (10)
184 3661 231 3692 sic
246 3660 290 3701 B,
304 3660 549 3701 suspectionem
565 3660 598 3693 T
639 3662 693 3700 (11)
706 3658 782 3699 hae]
800 3659 869 3699 ΤΘ,
884 3671 940 3691 om.
954 3659 989 3691 B
1037 3662 1093 3699 (12)
1109 3659 1197 3701 opti-

112 3706 203 3745 nere]
221 3705 257 3745 T,
270 3714 393 3747 ponere
407 3705 440 3738 Β
556 3707 613 3745 (13)
638 3706 771 3746 oportet
787 3704 832 3736 Pl
935 3705 993 3744 (14)
1023 3705 1100 3737 Cod.
1116 3705 1146 3744 8,
1162 3711 1197 3737 56

111 3751 185 3792 (⁵7),
200 3757 217 3783 4
352 3751 409 3791 (15)
435 3754 451 3789 5
466 3751 548 3791 isin,
564 3762 601 3782 ex
614 3747 787 3782 Marciani
801 3749 820 3782 l.
835 3756 851 3782 3
865 3750 936 3782 inst.
953 3749 1046 3793 (Diq.
1061 3750 1114 3790 39,
1129 3750 1197 3790 6,1)

1219 101 1268 149 15

2017 104 2164 149 ms'r.
2194 106 2250 161 11,
2283 108 2322 149 6.
2345 108 2368 149 7

1281 240 1373 275 quae
1397 228 1539 263 omnino
1564 239 1637 263 non
1662 232 1916 274 comparantur
1939 228 2082 273 legatis:
2116 238 2208 274 quae
2241 228 2272 264 si
2294 228 2370 264 fue-

1279 276 1352 309 rint
1386 273 1587 319 perfectae,
1624 277 1756 309 temere
1786 274 1947 310 revocari
1978 285 2050 309 non
2106 277 2242 309 ossunt.
2291 284 2371 318 per-

1280 320 1450 354 ficiuntur
1473 322 1610 361 autem,
1636 330 1716 353 cum
1742 319 1894 355 donator
1917 330 2018 355 suam
2041 330 2084 355 vo
2100 322 2259 355 untatem
2283 319 2371 354 scri-

1279 366 1350 410 ptis
1374 368 1437 400 aut
1461 365 1537 400 sine
1561 364 1704 409 scriptis
1729 365 2025 400 manifestaverit:
2052 368 2088 400 et
2107 365 2153 400 ad
2173 365 2370 410 exemplum

1280 410 1491 446 venditionis
1524 414 1648 445 nostra
1680 410 1886 445 constitutio
1903 412 1927 431 ¹⁷
1953 421 2013 446 eas
2047 410 2153 445 etiam
2184 410 2221 445 in
2246 421 2284 445 se
2308 410 2371 444 ha-

1280 457 1363 491 bere
1387 455 1636 491 necessitatem
1661 454 1860 490 traditionis
1882 456 2002 497 voluit,
2029 460 2078 498 ut,
2103 459 2139 491 et
2158 455 2189 491 si
2207 466 2278 490 non
2298 458 2371 489 tra-

1280 502 1431 543 dantur,
1465 501 1624 535 habeant
1654 500 1897 545 plenissimum
1922 504 1958 536 et
1980 501 2179 546 perfectum
2202 501 2313 536 robur
2338 505 2372 535 et

1279 546 1479 582 traditionis
1501 546 1695 581 necessitas
1707 545 1893 581 incumbat
1912 546 2087 582 donatori.
2121 551 2156 582 et
2173 557 2255 582 cum
2274 550 2370 581 retro

1278 592 1479 637 principum
1504 591 1754 637 dispositiones
1778 591 1951 626 insinuari
1975 603 2035 627 eas
2062 592 2153 627 actis
2182 592 2371 628 interveni-

1278 638 1419 672 entibus
1443 637 1622 679 volebant,
1648 637 1678 672 si
1699 636 1851 672 maiores
1873 636 2106 672 ducentorum
2125 637 2269 673 fuerant
2288 637 2371 672 soli-

1279 683 1424 725 dorum,
1448 687 1573 718 nostra
1598 682 1805 718 constitutio
1820 683 1848 703 ¹⁸
1872 685 1908 717 et
1931 683 2165 727 quantitatem
2188 694 2302 728 usque
2325 682 2371 718 ad

1279 729 1488 773 quingentos
1513 728 1646 764 solidos
1671 728 1872 773 ampliavit,
1905 738 2011 773 quam
2037 732 2132 764 stare
2157 732 2192 763 et
2216 729 2292 764 sine
2315 728 2369 763 in-

1278 774 1481 809 sinuatione
1516 774 1661 816 statuit,
1706 778 1741 809 et
1775 773 1947 818 quasdam
1982 773 2191 809 donationes
2226 774 2370 816 invenit,

1279 828 1370 864 quae
1394 820 1536 864 penitus
1560 819 1838 855 insinuationem
1869 819 1947 854 fieri
1979 819 2123 854 minime
2156 819 2370 861 desiderant,

1279 865 1341 900 sed
1360 865 1398 899 in
1418 875 1456 900 se
1475 865 1714 910 plenissimam
1734 865 1869 900 habent
1889 864 2103 900 firmitatem.
2136 865 2207 899 alia
2226 865 2372 910 insuper

1277 911 1392 946 multa
1423 910 1469 945 ad
1501 911 1702 946 uberiorem
1734 910 1866 945 exitum
1897 910 2130 945 donationum
2164 910 2371 953 invenimus,

1278 966 1369 1001 quae
1394 956 1512 992 omnia¹
1537 967 1581 992 ex
1612 956 1744 991 nostris
1777 955 2111 998 constitutionibus,
2144 966 2233 1000 quas
2266 966 2372 1001 super

1278 1002 1332 1037 his
1356 1002 1560 1046 posuimus,
1595 1001 1793 1046 colligenda
1825 1004 1918 1037 sunt.
1956 1001 2140 1037 sciendum
2163 1005 2283 1037 tamen
2307 1005 2371 1044 est,

1278 1047 1393 1093 quod,
1419 1048 1486 1083 etsi
1510 1047 1737 1092 plenissimae
1761 1047 1831 1082 sint
1856 1047 2085 1089 donationes,
2118 1049 2238 1082 tamen
2263 1047 2295 1082 si
2317 1047 2371 1082 in-

1277 1093 1370 1138 grati
1394 1093 1552 1128 existant
1574 1093 1755 1135 homines‚
1787 1093 1823 1128 in
1855 1103 1944 1138 quos
1969 1092 2179 1127 beneficium
2204 1092 2372 1128 collatum

1278 1142 1351 1181 est,
1376 1138 1610 1174 donatoribus
1635 1149 1700 1184 per
1723 1142 1883 1174 nostram
1908 1138 2238 1173 constitutionem¹⁹
2262 1138 2370 1174 licen-

1277 1184 1364 1219 tiam
1387 1184 1647 1230 praestavimus
1673 1184 1779 1220 certis
1805 1194 1849 1219 ex
1873 1183 1991 1219 causis
2017 1194 2077 1219 eas
2101 1194 2288 1226 revocare,
2315 1194 2369 1226 ne,

1278 1230 1338 1275 qui
1362 1240 1446 1266 suas
1471 1240 1529 1266 res
1553 1230 1590 1265 in
1615 1230 1703 1266 alios
1714 1231 1745 1251 ²⁰
1770 1229 2017 1272 contulerunt,
2042 1229 2087 1264 ab
2112 1229 2167 1265 his
2193 1229 2371 1275 quandam

1276 1276 1462 1321 patiantur
1484 1275 1649 1311 iniuriam
1673 1276 1728 1311 vel
1752 1275 1938 1318 iacturam,
1964 1274 2159 1310 secundum
2185 1285 2369 1311 enumera-

1277 1325 1297 1357 3
1345 1325 1400 1357 tos
1425 1321 1462 1356 in
1486 1325 1611 1357 nostra
1636 1321 1891 1357 constitutione
1922 1320 2059 1356 modos.
2107 1320 2177 1356 Est
2208 1324 2243 1356 et
2275 1321 2372 1356 aliud

1276 1377 1387 1412 genus
1411 1367 1505 1402 inter
1527 1367 1625 1403 vivos
1646 1366 1890 1409 donationum,
1916 1366 2012 1412 quod
2031 1366 2210 1402 veteribus
2231 1366 2371 1412 quidem

1275 1413 1511 1457 prudentibus
1536 1413 1679 1458 penitus
1703 1415 1783 1448 erat
1805 1412 2035 1457 incognitum,
2059 1415 2187 1457 postea
2206 1416 2326 1447 autem
2350 1423 2372 1447 a

1276 1459 1475 1494 iunioribus
1508 1458 1597 1494 divis
1629 1458 1852 1504 principibus
1888 1457 2132 1493 introductum
2167 1461 2238 1500 est,
2276 1458 2371 1503 quod

1276 1508 1359 1539 ante
1382 1504 1527 1549 nuptias
1551 1505 1749 1540 vocabatur
1773 1507 1809 1539 et
1831 1504 1979 1539 tacitam
2002 1503 2040 1538 in
2063 1514 2102 1539 se
2126 1503 2370 1539 condicionem

1276 1550 1442 1592 habebat,
1468 1553 1509 1585 ut
1532 1553 1619 1585 tunc
1638 1553 1756 1585 ratum
1777 1553 1881 1592 esset,
1908 1560 1989 1585 cum
2008 1548 2272 1585 matrimonium
2293 1549 2370 1584 fue-

1275 1595 1361 1630 rit²¹
1386 1596 1606 1631 insecutum:
1640 1595 1792 1641 ideoque
1822 1598 1906 1630 ante
1938 1595 2083 1640 nuptias
2108 1595 2369 1640 appellabatur,

1276 1641 1371 1686 quod
1395 1644 1479 1676 ante
1503 1641 1767 1677 matrimonium
1792 1640 2015 1676 efficiebatur
2039 1644 2075 1676 et
2093 1650 2269 1686 nusquam
2288 1644 2372 1686 post

1275 1687 1419 1732 nuptias
1445 1687 1644 1722 celebratas
1669 1687 1750 1722 talis
1775 1686 1920 1722 donatio
1945 1686 2174 1731 procedebat.
2211 1686 2275 1722 sed
2298 1686 2370 1731 pri-

1275 1743 1353 1767 mus
1378 1732 1520 1778 quidem
1545 1732 1646 1768 divus
1670 1732 1828 1768 Iustinus
1852 1735 1956 1777 pater
1979 1735 2120 1774 noster,
2146 1743 2226 1767 cum
2250 1732 2371 1776 augeri

1275 1778 1376 1813 dotes
1401 1782 1437 1813 et
1460 1781 1544 1823 post
1567 1778 1710 1823 nuptias
1734 1778 1854 1813 fuerat
1876 1777 2106 1823 permissum,
2137 1777 2167 1813 si
2191 1777 2275 1822 quid
2298 1777 2371 1812 tale

1276 1823 1402 1866 evenit,
1428 1824 1534 1859 etiam
1558 1828 1642 1859 ante
1666 1824 1810 1868 nuptias
1836 1823 2064 1859 donationem
2088 1823 2210 1868 augeri
2229 1827 2264 1859 et
2284 1833 2369 1859 con-

1275 1872 1394 1904 stante
1418 1869 1644 1904 matrimonio
1676 1880 1743 1904 sua
1775 1868 2030 1905 constitutione
2041 1868 2072 1889 ²²
2094 1868 2273 1914 permisit:
2306 1868 2371 1904 sed

1274 1919 1395 1950 tamen
1419 1926 1549 1950 nomen
1573 1915 1823 1950 inconveniens
1849 1914 2069 1957 remanebat,
2095 1925 2176 1949 cum
2200 1918 2284 1950 ante
2303 1925 2369 1949 nu-

1273 1960 1366 2005 ptias
1392 1960 1533 2006 quidem
1556 1961 1764 2003 vocabatur,
1788 1963 1872 2005 post
1896 1960 2040 2004 nuptias
2066 1966 2185 1995 autem
2209 1960 2283 1996 tale
2307 1970 2367 1995 ac-

1274 2006 1429 2051 cipiebat
1451 2006 1719 2042 incrementum.
1753 2006 1815 2041 sed
1836 2016 1902 2041 nos
1922 2005 2126 2051 plenissimo
2146 2005 2209 2040 fini
2228 2005 2370 2041 tradere

1273 2052 1479 2087 sanctiones
1513 2052 1697 2097 cupientes
1730 2055 1766 2086 et
1799 2051 2054 2096 consequentia
2085 2051 2230 2086 nomina
2259 2051 2368 2087 rebus

1274 2107 1352 2132 esse
1388 2097 1573 2133 studentes
1610 2096 1859 2133 constituimus
1871 2097 1920 2140 ²³,
1955 2100 1997 2131 ut
2029 2096 2121 2132 tales
2157 2096 2369 2143 donationes

1272 2153 1344 2177 non
1369 2146 1570 2187 augeantur
1592 2146 1751 2185 tantum,
1785 2143 1847 2178 sed
1873 2146 1908 2178 et
1932 2145 2120 2178 constante
2143 2142 2368 2178 matrimonio

1272 2188 1412 2223 initium
1437 2188 1617 2233 accipiant
1641 2192 1676 2224 et
1707 2199 1779 2224 non
1811 2191 1896 2224 ante
1926 2188 2092 2233 nuptias,
2128 2187 2191 2223 sed
2222 2191 2370 2234 propter

1272 2233 1417 2278 nuptias
1442 2237 1614 2269 vocentur
1638 2237 1673 2270 et
1698 2234 1841 2270 dotibus
1864 2234 1902 2269 in
1925 2234 1995 2269 hoc
2020 2237 2283 2278 exaequentur,
2315 2236 2367 2276 ut,

1273 2279 1571 2324 quemadmodum
1608 2279 1709 2315 dotes
1745 2283 1781 2315 et
1817 2282 2006 2315 constante
2037 2279 2263 2315 matrimonio
2295 2289 2368 2314 non

1272 2324 1387 2360 solum
1412 2329 1608 2369 augentur,
1644 2325 1707 2360 scd
1732 2325 1838 2361 etiam
1862 2325 1972 2367 fiunt,
2007 2324 2059 2360 ita
2083 2327 2119 2360 et
2140 2324 2232 2360 istae
2256 2324 2367 2360 dona-

1272 2370 1407 2412 tiones,
1439 2380 1531 2415 quae
1555 2374 1703 2416 propter
1726 2371 1871 2416 nuptias
1903 2370 2130 2406 introductae
2160 2373 2263 2413 sunt,
2294 2381 2367 2406 non

1272 2416 1386 2450 solum
1412 2416 1628 2451 antecedant
1659 2416 1941 2458 matrimonium,
1974 2415 2037 2451 sed
2070 2415 2175 2451 etiam
2206 2425 2247 2451 eo
2280 2425 2366 2451 con-

1272 2464 1389 2496 tracto
1416 2465 1452 2496 et
1476 2466 1676 2506 augeantur
1699 2465 1735 2497 et
1760 2462 2034 2497 constituantur.

1272 2509 1292 2541 4
1384 2506 1478 2541 Erat
1512 2507 1595 2542 olim
1631 2510 1666 2542 et
1697 2507 1787 2542 alius
1819 2507 1945 2541 modus
1978 2506 2087 2541 civilis
2119 2504 2366 2550 adquisitionis

1271 2562 1335 2596 per
1360 2552 1414 2586 ius
1436 2552 1680 2594 adcrescendi,
1706 2551 1802 2597 quod
1823 2555 1877 2587 est
1896 2551 1986 2586 tale:
2013 2551 2042 2586 si
2056 2561 2277 2586 communem
2290 2560 2365 2586 ser-

1271 2608 1353 2631 vum
1377 2598 1514 2632 habens
1539 2597 1667 2642 aliquis
1693 2608 1773 2632 cum
1786 2597 1881 2632 Titio
1907 2597 2003 2632 solus
2027 2596 2227 2632 libertatem
2250 2596 2283 2632 ei
2300 2596 2365 2631 im-

1271 2642 1392 2687 posuit
1415 2643 1469 2677 vel
1493 2643 1649 2677 vindicta
1674 2642 1729 2678 vel
1751 2646 1979 2685 testamento,
2005 2652 2047 2677 eo
2073 2651 2160 2677 casu
2184 2652 2269 2687 pars
2289 2642 2365 2677 eius

1271 2688 1502 2723 amittebatur
1526 2692 1562 2723 et
1594 2688 1690 2723 socio
1723 2687 1968 2723 adcrescebat.
2006 2686 2070 2723 sed
2101 2697 2183 2722 cum
2211 2687 2365 2733 pessimo

1270 2733 1389 2768 fuerat
1420 2733 1580 2778 exemplo
1592 2733 1622 2754 ²⁴
1656 2736 1691 2769 et
1721 2733 1888 2768 libertate
1919 2743 2059 2769 servum
2092 2731 2298 2768 defraudari
2331 2736 2365 2768 et

1271 2789 1314 2813 ex
1339 2789 1382 2813 ea
1405 2778 1674 2814 humanioribus
1700 2778 1841 2823 quidem
1865 2778 2014 2814 dominis
2039 2778 2207 2813 damnum
2231 2777 2364 2821 inferri,

1271 2824 1506 2859 severioribus
1531 2827 1650 2859 autem
1674 2824 1813 2859 lucrum
1838 2823 2064 2860 adcrescere:
2090 2824 2160 2859 hoc
2185 2823 2286 2869 quasi
2309 2824 2363 2858 in-

1270 2869 1384 2904 vidiae
1407 2869 1552 2914 plenum
1576 2869 1634 2914 pio
1664 2869 1819 2905 remedio
1851 2880 1917 2914 per
1947 2873 2106 2905 nostram
2139 2869 2363 2905 constitutio-

1271 2925 1350 2949 nem
1361 2915 1391 2935 ‘—'⁵
1404 2914 1536 2949 mederi
1550 2915 1791 2950 necessarium
1804 2915 1969 2950 duximus
1990 2918 2025 2950 et
2044 2914 2241 2950 invenimus
2258 2914 2362 2957 viam,

1270 2970 1334 3004 per
1358 2970 1464 3004 quam
1487 2963 1524 2994 et
1547 2960 1785 2995 manumissor
1808 2964 1844 2996 et
1867 2961 1986 2996 socius
2011 2960 2086 2996 eius
2112 2963 2147 2995 et
2171 2960 2232 3005 qui
2255 2960 2361 2995 liber-

1269 3008 1379 3039 tatem
1401 3004 1540 3049 accepit
1559 3009 1681 3041 nostro
1701 3005 1870 3041 fruantur
1888 3005 2073 3048 beneficio,
2098 3005 2262 3041 libertate
2282 3016 2363 3040 cum

1270 3049 1399 3084 effectu
1434 3050 1651 3095 procedente
1688 3051 1803 3094 (cuius
1833 3051 1956 3087 favore
1987 3054 2023 3086 et
2057 3051 2224 3095 antiquos
2259 3051 2362 3095 legis-

1269 3095 1400 3130 latores
1431 3095 1544 3130 multa
1575 3100 1610 3131 et
1640 3100 1767 3132 contra
1799 3106 2004 3132 communes
2028 3096 2170 3141 regulas
2194 3097 2363 3131 statuisse

1269 3140 1595 3176 manifestissimum
1625 3145 1690 3185 est)
1725 3145 1760 3178 et
1791 3153 1832 3178 eo
1857 3143 1958 3188 qui²⁶
1983 3152 2060 3177 eam
2083 3142 2253 3186 imposuit
2276 3152 2363 3176 suae

1268 3186 1490 3221 liberalitatis
1514 3186 1708 3223 stabilitate
1729 3187 1906 3233 gaudente
1925 3191 1960 3222 et
1980 3187 2077 3223 socio
2096 3186 2253 3222 indemni
2276 3197 2361 3222 con-

1269 3235 1408 3266 servato
1433 3231 1658 3277 pretiumque
1689 3233 1781 3269 servi
1813 3233 2008 3269 secundum
2040 3235 2179 3278 partem
2203 3232 2360 3274 dominii,

1269 3276 1365 3322 quod
1389 3287 1454 3312 nos
1479 3276 1711 3321 definivimus,
1735 3278 1945 3323 accipiente.

1269 3436 1326 3474 (16)
1338 3434 1474 3466 Homeri
1487 3446 1596 3467 versus
1609 3435 1671 3467 Od.
1684 3436 1736 3478 17,
1747 3442 1869 3470 78-83
1886 3437 1938 3470 hic
1951 3436 2096 3470 inserunt
2109 3436 2181 3468 edd.
2203 3437 2261 3476 (17)
2280 3436 2358 3468 Cod.

1268 3480 1299 3518 8,
1314 3486 1348 3512 53
1365 3482 1436 3520 (54),
1451 3487 1497 3521 35,
1511 3489 1527 3514 5
1631 3484 1691 3522 (18)
1722 3482 1799 3515 Cod.
1815 3483 1846 3522 8,
1861 3489 1896 3515 53
1910 3483 1982 3523 (54),
1997 3489 2032 3515 36
2145 3483 2203 3521 (19)
2234 3481 2311 3513 Cod.
2327 3482 2358 3520 8,

1268 3532 1303 3557 55
1317 3527 1391 3564 (56),
1405 3532 1438 3559 10
1520 3528 1583 3568 (20)
1609 3529 1658 3560 sic
1673 3527 1743 3567 ΤΘ,
1757 3527 1884 3559 alienos
1899 3527 1934 3560 B
2006 3528 2064 3567 (21)
2088 3528 2136 3559 sic
2150 3526 2186 3566 T,
2201 3526 2311 3557 fuerat
2323 3526 2357 3558 Β

1268 3570 1330 3610 (22)
1359 3570 1437 3603 Cod.
1451 3573 1482 3611 5,
1497 3578 1571 3613 3,19
1677 3573 1737 3612 (23)
1767 3572 1844 3605 Cod.
1859 3574 1890 3612 5,
1906 3579 1933 3613 3,
1949 3580 1985 3605 2ο
2098 3575 2159 3609 (24)
2184 3572 2231 3603 sic
2244 3571 2279 3603 Β
2290 3571 2356 3611 W⁰‚

1268 3614 1448 3656 pessimum
1467 3616 1491 3650 f.
1512 3616 1667 3659 exemplo
1687 3616 1752 3656 Wb,
1774 3618 1956 3659 pessimum
1976 3617 1993 3648 f
2021 3615 2208 3657 exemplum
2230 3617 2273 3656 E,
2296 3612 2356 3647 κά-

1268 3671 1393 3692 κιστον
1410 3654 1456 3702 ἤν
1474 3661 1581 3694 τοῦτο
1600 3658 1829 3707 παράδειγμα
1852 3663 1882 3695 Θ
2071 3661 2134 3700 (25)
2163 3661 2240 3694 Cod.
2256 3662 2287 3702 7,
2302 3669 2329 3701 7,
2343 3669 2356 3696 1

1271 3705 1334 3747 (26)
1361 3705 1441 3748 quia
1455 3706 1490 3739 Β
