2528 3918
178 116 423 150 COMITIBUS

171 229 211 262 de
236 229 420 262 comitibus
443 228 492 260 rei
514 227 672 260 militaris
720 227 753 260 0.
782 229 833 268 12,
862 229 900 260 12

170 275 210 308 (16
233 273 461 315 quaestoribus
483 273 650 314 magistris
674 273 858 305 officiorum
884 274 1069 306 comitibus
1088 284 1255 306 sacrarum

237 318 456 360 largitionum
480 320 513 350 61
536 318 585 350 161
607 318 757 360 privatae
806 318 838 351 C.
868 320 917 358 12,
943 322 962 352 6

169 364 209 396 de
232 363 477 406 apparitoribus
501 364 638 396 comitis
662 363 808 396 Orientis
857 363 890 396 0.
919 366 970 406 12,
995 366 1038 397 56

169 409 208 442 de
232 409 342 441 officio
367 410 502 441 comitis
525 408 672 441 Orientis
721 408 754 441 0.
785 411 812 449 l,
838 410 879 442 36

168 455 208 488 (16
231 453 340 487 officio
365 456 501 486 comitis
524 464 635 486 rerum
657 453 863 496 privatarum
914 453 947 488 0.
975 456 1004 494 1,
1030 454 1072 487 33

168 500 207 533 dc
231 498 341 531 officio
366 501 501 531 comilis
524 509 692 531 sacrarum
716 498 934 540 largitionum
984 498 1018 532 0.
1047 501 1076 540 1,
1101 499 1142 531 32

168 545 206 578 de
231 543 341 577 officio
366 546 505 577 comitis
527 544 612 576 sacri
635 544 830 586 patrimonii
879 544 912 577 C.
942 546 969 585 1,
996 545 1038 577 34

167 591 206 623 de
231 592 426 622 commeatu
473 590 507 623 C.
539 590 588 630 12,
614 590 656 622 42

166 635 206 667 de
230 636 446 667 commerciis
469 637 502 667 et
524 634 763 667 mercatoribus
811 633 845 667 C.
870 636 903 672 4,
928 636 970 667 63

166 681 452 713 comminationes
497 679 659 722 epistulas
703 682 949 722 programmata
995 678 1253 721 subscriptiones

230 726 463 758 auctoritatem
487 726 536 758 rei
558 725 725 757 iudicatae
749 736 817 757 non
842 725 962 757 habere
1011 724 1046 757 C.
1073 727 1104 765 7,
1130 727 1170 758 57

164 771 203 803 de
226 770 299 812 lege
323 772 562 803 commis-soria
608 770 651 803 D.
682 772 734 811 18,
759 772 777 803 3

163 816 375 849 commodati
398 815 450 848 vel
474 818 590 848 contra
636 816 680 848 D.
708 818 759 858 13,
784 817 804 849 6

162 861 202 893 de
227 861 444 894 commodato
494 861 528 894 C.
554 863 585 902 4,
611 862 652 895 23

163 908 342 939 communi
364 906 549 939 dividundo
595 906 638 938 D.
668 908 719 948 10,
745 908 763 940 3
814 906 848 939 C.
874 908 905 948 3,
931 907 971 940 37

161 951 201 984 de
223 962 317 984 servo
341 953 520 985 communi
542 951 744 984 manumisso
792 951 825 985 0.
850 954 881 993 7,
908 954 925 984 7

161 999 362 1030 communia
390 997 430 1030 (16
463 997 582 1039 legatis
613 999 646 1029 et
674 997 933 1030 fideicommissis
970 997 1002 1029 et
1034 996 1074 1029 de
1109 996 1144 1028 in
1182 1007 1249 1028 rem

226 1042 383 1075 missione
406 1042 555 1075 tollenda
604 1041 638 1075 C.
664 1044 695 1084 6,
720 1044 762 1076 43

161 1089 360 1120 communia
384 1087 423 1120 de
446 1087 763 1120 manumissionibus
812 1085 846 1120 G.
872 1089 903 1128 7,
930 1089 969 1120 15

160 1135 360 1165 communia
385 1132 425 1166 dc
448 1133 711 1166 successionibus
759 1132 793 1165 C.
821 1133 853 1174 6,
878 1134 919 1166 59

159 1180 360 1211 communia
382 1178 423 1210 (16
446 1178 707 1221 usucapionibus
755 1177 790 1211 C.
816 1181 847 1220 7,
872 1179 915 1211 30

159 1225 359 1256 eommunia
380 1223 593 1266 praediorum
617 1226 684 1256 tam
702 1223 908 1256 urbanorum
927 1233 1027 1264 quam
1045 1222 1247 1255 rusticorum

202 1269 246 1302 D.
272 1270 303 1310 8,
327 1271 350 1303 4

158 1316 358 1347 communia
389 1314 564 1356 utriusque
595 1314 714 1346 iudicii
749 1315 817 1346 tam
851 1312 999 1346 familiae
1034 1312 1246 1346 erciscundae

225 1370 325 1402 quam
348 1360 517 1392 communi
541 1359 726 1392 dividundo
775 1359 810 1393 C.
836 1361 867 1401 3,
892 1360 935 1393 38

156 1405 195 1438 de
221 1406 458 1438 communium
481 1415 592 1437 rerum
618 1404 820 1438 alienatione
870 1403 904 1437 0.
928 1406 960 1445 4,
987 1404 1028 1437 52

158 1451 198 1483 (16
223 1451 564 1493 compensationibus
608 1450 652 1483 D.
679 1452 731 1492 16,
756 1451 775 1483 2
825 1449 859 1483 C.
884 1452 916 1491 4,
942 1451 980 1483 31

156 1497 195 1530 de
219 1497 425 1529 concubinis
469 1496 514 1528 D.
539 1498 593 1536 25,
619 1497 635 1528 7
687 1495 721 1530 G.
746 1498 777 1538 5,
802 1497 845 1529 26

155 1542 195 1575 (16
218 1542 447 1574 concussione
491 1541 534 1573 D.
560 1543 615 1582 47,
643 1542 682 1575 13

155 1587 195 1620 de
218 1586 486 1620 condicionibus
509 1588 542 1619 et
564 1584 903 1619 demonstrationibus
931 1585 964 1617 et
987 1585 1094 1617 causis
1118 1586 1151 1617 et
1173 1595 1242 1617 mo-

222 1632 272 1664 dis
296 1642 410 1665 eorum
434 1642 519 1674 quae
543 1632 580 1664 in
604 1633 801 1664 testamento
831 1630 1026 1663 scribuntur
1070 1630 1116 1664 D.
1143 1631 1197 1672 35,
1227 1632 1238 1663 1

154 1677 194 1710 de
218 1677 485 1710 condicionibus
518 1677 652 1710 insertis
683 1678 753 1709 tam
787 1676 906 1718 legatis
937 1686 1038 1717 quam
1075 1675 1242 1708 fideicom-

221 1722 328 1755 missis
351 1724 384 1755 et
406 1722 620 1755 libertatibus
669 1721 704 1755 C.
730 1723 762 1764 6,
787 1724 840 1755 46.

153 1769 193 1801 de
218 1768 485 1801 condicionibus
507 1768 762 1800 institutionum
808 1767 853 1799 D.
878 1768 932 1807 28,
958 1769 975 1800 7

153 1813 193 1846 de
217 1814 439 1846 condictione
461 1824 560 1846 causa
583 1813 662 1846 data
686 1823 784 1846 causa
807 1823 876 1845 non
899 1813 1013 1844 secuta
1058 1812 1102 1844 D.
1134 1814 1185 1854 12,
1210 1814 1230 1846 4

153 1859 192 1892 de
217 1859 439 1892 condictione
462 1869 502 1891 ex
525 1858 598 1901 lege
644 1858 689 1891 D.
717 1860 769 1900 13,
794 1859 813 1891 2

153 1904 192 1937 de
215 1904 437 1937 condictione
466 1915 506 1937 ex
529 1904 602 1946 lege
635 1906 668 1937 61
691 1904 762 1936 61116
786 1913 884 1935 661166
915 1902 968 1935 vel
993 1902 1119 1935 iniusta
1144 1914 1242 1936 causa

222 1949 255 1983 0.
280 1951 313 1990 4,
336 1950 357 1982 9

152 1995 192 2027 (16
216 1994 438 2027 condictione
461 1993 586 2025 furtiva
630 1993 676 2027 D.
705 1995 757 2034 13,
784 1994 799 2026 1
851 1992 885 2026 G.
911 1994 943 2034 4,
969 1994 988 2027 8

108 2058 111 2059 ν
151 2040 191 2072 (16
215 2039 437 2072 condictione
458 2038 601 2071 indebiti
645 2038 690 2070 D.
718 2039 769 2080 12,
794 2040 814 2072 6
864 2037 899 2071 C.
925 2040 958 2081 4,
983 2040 1002 2072 5

150 2085 190 2118 de
214 2084 437 2118 condictione
460 2084 501 2116 ob
525 2093 657 2116 causam
681 2083 835 2116 datorum
883 2083 917 2117 C.
942 2086 974 2125 4,
999 2086 1019 2117 6

150 2130 190 2163 (16
214 2129 438 2163 condictione
460 2128 502 2161 ob
525 2131 658 2171 turpem
681 2138 813 2161 causam
862 2128 895 2162 C.
920 2131 953 2170 4,
978 2132 996 2163 7

150 2175 190 2208 de
214 2175 436 2208 condictione
458 2174 499 2207 ob
522 2176 654 2216 turpem
676 2173 729 2206 vel
754 2174 912 2206 iniustam
936 2185 1067 2207 causam
1091 2174 1134 2206 D.
1152 2176 1203 2216 12,
1217 2177 1236 2209 5

150 2221 190 2254 (16
213 2220 436 2253 condictione
458 2220 529 2252 sine
553 2230 651 2252 causa
696 2219 741 2251 D.
769 2221 821 2261 12,
847 2221 864 2252 7

149 2266 190 2299 de
213 2265 436 2299 condictione
459 2265 625 2298 triticaria
669 2264 715 2306 D,
742 2267 794 2306 13,
820 2267 839 2299 3

149 2311 190 2344 de
213 2311 365 2344 conditis
386 2311 424 2343 in
446 2310 592 2353 publicis
615 2310 743 2343 horreis
791 2310 825 2343 C.
854 2311 905 2351 10,
930 2311 972 2344 26

149 2357 190 2389 (16
212 2355 377 2389 1066110116
401 2357 435 2388 61
458 2355 691 2388 conductione
736 2356 768 2389 J.
794 2357 824 2397 3,
850 2357 893 2389 24

148 2401 250 2435 locati
275 2401 441 2434 conducti
484 2401 528 2433 D.
556 2402 608 2444 19,
633 2403 653 2434 2

148 2447 188 2480 de
211 2446 320 2479 locato
344 2448 376 2479 et
400 2446 571 2479 conducto
621 2446 655 2479 G
681 2447 713 2487 4,
737 2447 778 2479 65

149 2493 188 2526 de
212 2492 486 2525 conductoribus
509 2494 542 2524 et
563 2470 838 2534 procuratoribus
860 2492 929 2523 sive
953 2491 1122 2524 actoribus
1141 2502 1235 2533 prae—

214 2537 347 2570 diorum
368 2536 531 2569 fiscalium
555 2539 587 2570 61
611 2537 728 2569 (10111116
751 2538 923 2578 Augustae
972 2536 1006 2570 C.
1035 2539 1087 2579 11,
1113 2539 1155 2570 72

148 2583 188 2616 (16
212 2576 486 2615 conductoribus
507 2582 720 2624 vectigalium
746 2581 817 2614 fisci
866 2582 899 2615 C.
929 2584 979 2625 10,
1004 2584 1045 2616 57

148 2629 187 2661 de
212 2627 381 2667 confessis
424 2628 468 2661 D.
492 2629 547 2669 42,
572 2629 591 2661 2
641 2627 676 2661 G.
702 2630 733 2669 7,
758 2628 800 2661 59

147 2674 187 2706 de
211 2673 455 2714 confirmando
479 2675 592 2706 1111016
639 2672 673 2706 G.
699 2675 731 2714 5,
756 2674 799 2706 29

147 2719 186 2752 (16
210 2718 453 2759 confirmando
477 2720 590 2751 tutore
612 2717 665 2750 vel
688 2719 842 2750 curatore
888 2717 930 2751 D.
956 2719 1011 2759 26,
1036 2721 1055 2752 3

146 2765 186 2797 (16
210 2764 469 2806 coniungendis
491 2774 567 2797 cum
590 2763 798 2806 emancipato
821 2762 937 2796 liberis
960 2763 1031 2796 eius
1065 2764 1109 2797 D.
1135 2767 1188 2807 37,
1214 2766 1232 2799 8

146 2809 187 2843 de
211 2819 380 2842 consensu
403 2809 609 2851 obligatione
654 2809 686 2842 J.
711 2811 742 2850 3,
767 2809 809 2842 22

146 2855 187 2888 (16
210 2855 429 2888 consortibus
451 2854 596 2887 eiusdem
619 2854 691 2886 litis
740 2853 774 2888 G.
800 2856 831 2895 3,
854 2855 899 2887 40

146 2900 186 2933 de
208 2900 352 2943 pecunia
375 2902 566 2933 constituta
611 2900 655 2932 D.
684 2901 735 2941 13,
760 2901 779 2933 5

146 2946 186 2978 (16
210 2947 402 2978 constituta
423 2946 567 2988 pecunia
615 2945 649 2979 C.
676 2946 775 2986 4,18

146 2991 186 3023 dc
210 2992 520 3024 constitutionibus
540 2990 732 3034 principum
778 2990 822 3022 D.
850 2992 880 3031 1,
905 2991 925 3023 4

145 3036 186 3069 (16
197 3035 327 3078 legibus
340 3038 373 3068 61
384 3037 693 3070 constitutionibus
703 3035 896 3078 principum
909 3035 943 3067 61
953 3033 1070 3069 edictis
1097 3035 1130 3068 0.
1147 3037 1176 3076 1,
1193 3038 1233 3070 14

144 3081 184 3114 de
205 3080 337 3123 legibus
362 3083 562 3124 senatusque
593 3080 755 3114 consultis
786 3083 819 3114 et
850 3080 952 3122 longa
982 3082 1234 3114 consuetudine

210 3126 255 3161 D.
282 3128 312 3168 1,
337 3128 356 3160 3

144 3182 228 3214 quae
251 3171 296 3204 sit
318 3170 420 3213 longa
444 3169 658 3204 consuetudo
708 3170 742 3204 G.
771 3172 803 3213 8,
825 3172 868 3205 52

143 3218 184 3251 de
208 3216 411 3250 consulibus
442 3218 475 3249 61
496 3226 565 3248 11011
588 3215 782 3257 spargendis
811 3215 851 3248 ab
876 3216 928 3248 his
951 3217 1103 3258 pecuniis
1136 3219 1168 3250 ct
1192 3218 1232 3250 (16

210 3262 386 3305 praefectis
410 3263 443 3294 et
464 3261 633 3303 magistris
655 3261 803 3294 militum
827 3263 860 3294 et
883 3262 1034 3304 patriciis
1082 3262 1115 3295 0.
1138 3264 1188 3304 12,
1211 3265 1230 3296 3

144 3308 185 3341 de
207 3307 318 3341 officio
342 3306 496 3340 consulis
539 3306 584 3338 D.
613 3308 643 3348 1,
673 3308 710 3339 10

143 3354 183 3386 (16
206 3352 486 3396 appellationibus
509 3353 543 3384 et
566 3351 882 3385 consultationibus
929 3352 963 3386 0.
995 3354 1026 3394 7,
1051 3354 1094 3387 62

143 3399 183 3431 (16
207 3397 277 3430 11116
301 3398 553 3431 contestatione
601 3396 635 3431 G.
661 3399 692 3438 3,
716 3399 736 3431 9

142 3444 183 3477 de
206 3444 446 3476 contractibus
468 3442 618 3474 iudicum
641 3442 694 3475 vel
719 3453 833 3475 eorum
863 3442 922 3484 qui
953 3444 1032 3474 sunt
1065 3443 1153 3475 circa
1177 3452 1231 3475 eos

210 3490 244 3522 et
270 3488 464 3521 inhibendis
498 3487 735 3521 donationibus
768 3488 805 3520 in
841 3498 895 3520 eos
929 3487 1090 3520 faciendis
1122 3490 1154 3520 61
1188 3498 1230 3520 116

209 3533 509 3566 administrationis
543 3534 690 3576 tempore
731 3533 884 3576 proprias
926 3533 1022 3565 aedes
1056 3533 1232 3565 aedificent

210 3579 282 3612 sine
305 3579 478 3612 sanctione
499 3579 706 3621 pragmatica
754 3577 788 3611 G.
818 3581 846 3620 1,
870 3579 912 3612 53

143 3624 183 3658 de
208 3624 449 3657 contrahenda
473 3624 639 3666 emptione
670 3626 703 3656 et
731 3623 771 3656 (16
794 3623 901 3666 pactis
930 3622 1021 3655 inter
1050 3624 1230 3664 emptorem

210 3670 243 3702 et
277 3669 484 3702 venditorem
519 3668 708 3711 compositis
743 3670 776 3701 et
811 3678 896 3709 quae
930 3678 982 3700 res
1017 3668 1130 3700 venire
1162 3678 1230 3701 non

208 3717 348 3758 possunt
392 3714 437 3748 D.
464 3716 516 3756 18,
544 3716 558 3747 l

2148 118 2345 152 DOMESTI
2350 121 2419 153 018

1327 226 1367 259 dc
1392 228 1634 261 contrahenda
1659 229 1826 272 emptione
1875 229 1908 263 G.
1933 232 1966 268 4.
1991 230 2033 264 38

1329 272 1369 304 (16
1394 274 1636 306 contrahenda
1662 276 1694 306 et
1717 275 1955 308 committenda
1978 274 2196 317 stipulatione
2245 276 2278 310 C
2303 278 2335 319 8,
2360 279 2400 311 37

1326 317 1366 350 de
1391 320 1575 350 contraria
1598 318 1723 352 tutelae
1748 323 1780 353 et
1804 320 1884 353 utili
1908 320 2039 353 actione
2089 321 2128 354 D.
2155 323 2209 362 27,
2234 323 2255 355 4

1326 362 1366 395 de
1391 365 1573 396 contrario
1598 364 1724 397 iudicio
1774 366 1808 399 C.
1834 369 1865 407 5,
1890 368 1934 400 58

1326 407 1365 440 (16
1391 409 1640 441 conveniendis
1663 409 1733 441 fisci
1759 411 1966 444 debitoribus
2015 410 2049 444 C.
2078 413 2130 454 10,
2156 412 2175 445 2

1325 453 1365 485 de
1389 451 1462 494 lege
1488 453 1652 486 Cornelia
1675 454 1715 487 de
1740 455 1830 488 falsis
1859 458 1892 489 61
1915 457 1955 490 (16
1980 458 2114 490 senatus
2138 455 2291 490 consulto
2315 456 2415 490 Libo-

1392 498 1494 530 niano
1541 499 1585 532 D.
1613 500 1667 540 48,
1696 502 1736 534 10

1324 543 1365 575 ad
1388 542 1495 585 legem
1521 543 1722 577 Corneliam
1746 545 1786 577 (16
1810 545 1901 578 falsis
1949 546 1983 580 C.
2008 549 2041 590 9,
2065 548 2108 582 22

1323 588 1364 620 6(1
1387 587 1494 629 legem
1521 588 1721 625 Corneliam
1746 590 1785 623 de
1809 591 1937 623 sicariis
1986 593 2019 626 C.
2045 594 2077 636 9,
2104 595 2145 627 16

1323 633 1365 665 6(1
1387 632 1495 674 legem
1521 634 1722 667 Corneliam
1746 635 1785 668 de
1809 636 1937 668 sicariis
1962 640 1994 669 et
2018 637 2171 671 veneficis
2218 637 2260 670 D.
2285 638 2340 678 48,
2358 639 2377 671 8

1322 678 1362 711 de
1386 678 1613 758 colhortalbbus
1641 681 1852 723 principibus
1881 684 2132 716 corniculariis
2163 685 2197 716 et
2226 682 2413 726 primipila-

1390 735 1420 755 ri
1445 735 1482 756 us
1595 727 1645 766 12,
1671 728 1711 759 57

1323 769 1533 801 creditorem
1557 771 1755 804 evictionem
1778 781 1847 803 non
1871 771 1989 805 debere
2038 773 2072 806 C.
2098 775 2128 814 8,
2153 775 2196 808 45

1322 814 1360 846 de
1385 816 1534 846 crimine
1558 816 1721 858 expilatae
1745 817 1940 849 hereditatis
1989 817 2023 852 C.
2048 820 2079 860 9,
2104 820 2147 853 32

1322 859 1361 891 (16
1387 861 1536 892 crimine
1557 860 1732 903 peculatus
1781 861 1815 894 C.
1841 863 1872 904 9,
1898 863 1941 896 28

1320 904 1360 936 (16
1384 906 1533 938 crimine
1554 906 1723 948 sacrilegii
1772 906 1806 940 C.
1836 908 1869 949 9,
1894 909 1935 941 29

1320 949 1360 981 de
1384 952 1534 983 crimine
1556 951 1768 984 stellionatus
1816 951 1850 985 0.
1875 954 1907 994 9,
1933 954 1976 986 34

1319 994 1359 1027 de
1383 998 1558 1038 cupressis
1582 1007 1620 1029 ex
1650 996 1728 1030 luco
1750 997 1945 1040 Daphnensi
1977 997 2029 1029 vel
2046 998 2174 1030 Perseis
2204 1009 2263 1040 per
2280 1001 2410 1042 Aegyp-

1385 1042 1458 1072 tum
1479 1051 1548 1074 non
1572 1042 1762 1075 excidendis
1786 1042 1838 1075 vel
1862 1042 2044 1075 vendendis
2092 1043 2125 1076 0.
2154 1045 2204 1086 11,
2231 1046 2272 1078 78

1318 1084 1358 1117 de
1382 1089 1550 1118 curatore
1573 1086 1670 1120 bonis
1693 1087 1802 1120 dando
1848 1088 1892 1120 D.
1917 1089 1973 1130 42,
1999 1090 2016 1121 7

1317 1130 1357 1163 de
1382 1134 1546 1164 curatore
1569 1132 1689 1166 furiosi
1713 1132 1765 1166 vel
1788 1133 1922 1176 prodigi
1971 1132 2005 1166 G.
2031 1136 2063 1176 5,
2088 1135 2131 1167 70

1317 1175 1357 1209 de
1381 1178 1608 1210 curatoribus
1654 1178 1687 1211 J.
1715 1180 1743 1220 1,
1769 1179 1811 1212 23

1316 1221 1355 1254 de
1380 1223 1607 1299 cbo-atomus
1640 1223 1767 1256 furioso
1803 1225 1836 1256 et
1870 1222 1947 1256 aliis
1982 1224 2074 1256 extra
2110 1223 2254 1257 minores
2291 1225 2409 1259 dandis

1422 1292 1429 1299 .
1454 1268 1508 1309 27,
1536 1270 1577 1302 10

1316 1311 1356 1345 de
1380 1314 1532 1345 curiosis
1580 1312 1613 1346 0.
1642 1315 1694 1355 12,
1720 1315 1762 1347 22

1315 1357 1354 1390 (16
1379 1368 1485 1390 cursu
1508 1357 1643 1400 publico
1667 1359 1816 1401 angariis
1840 1361 1873 1392 61
1895 1359 2105 1401 parangariis
2154 1359 2188 1392 C.
2218 1361 2269 1402 12,
2294 1361 2337 1395 50

1315 1402 1355 1435 de
1379 1403 1539 1436 custodia
1563 1406 1595 1436 et
1618 1404 1825 1438 exhibitione
1848 1415 1981 1438 reorum
2028 1405 2071 1437 D.
2096 1406 2151 1444 48,
2176 1405 2196 1438 3

1315 1447 1354 1480 de
1379 1449 1540 1482 custodia
1563 1460 1698 1482 reorum
1747 1450 1781 1484 C.
1808 1452 1840 1492 9,
1866 1453 1886 1484 4

1832 1552 1887 1595 D.

1312 1628 1352 1661 de
1376 1628 1505 1716 csszmno
1537 1629 1662 1662 infecto
1700 1631 1733 1663 61
1763 1630 1803 1664 (16
1833 1631 2037 1673 suggrundis
2073 1632 2106 1665 et
2140 1632 2406 1675 protectionibus

1311 1719 1504 1752 debitorem
1527 1719 1753 1753 venditionem
1776 1721 1929 1763 pignoris
1951 1721 2113 1765 impedire
2137 1733 2205 1756 non
2228 1733 2322 1766 posse
2367 1723 2402 1757 C.

1311 1810 1350 1843 de
1373 1810 1592 1843 debitoribus
1615 1797 1790 1843 civitatum
1840 1811 1874 1845 G.
1901 1813 1955 1854 11,
1980 1814 2022 1847 33

1310 1855 1350 1888 (16
1374 1855 1518 1888 decanis
1566 1855 1600 1890 G.
1628 1857 1680 1898 12,
1706 1858 1748 1891 26

1310 1900 1349 1933 (16
1374 1901 1524 1934 decretis
1547 1900 1588 1933 ab
1613 1881 1730 1934 ordine
1753 1901 1916 1935 faciendis
1962 1902 2006 1935 D.
2031 1904 2086 1945 50,
2111 1904 2132 1936 9

1310 1946 1350 1979 (16
1373 1946 1525 1979 decretis
1558 1947 1777 1979 decurionum
1817 1958 1916 1990 super
1956 1948 2170 1982 immunitate
2205 1949 2402 1991 quibusdam

1375 1991 1585 2024 concedenda
1634 1992 1668 2025 0.
1697 1994 1747 2032 10,
1772 1994 1813 2026 47

1309 2036 1349 2069 de
1373 2037 1529 2070 decuriis
1552 2037 1646 2069 urbis
1668 2038 1792 2071 Romae
1841 2037 1876 2071 C.
1906 2039 1958 2080 11,
1986 2040 2027 2073 14

1308 2082 1348 2115 de
1373 2082 1626 2115 decurionibus
1649 2084 1683 2115 et
1704 2083 1784 2115 filiis
1809 2094 1925 2116 eorum
1970 2084 2014 2116 D.
2039 2086 2094 2126 50,
2120 2086 2140 2118 2

1308 2127 1348 2160 de
1371 2127 1624 2160 decurionibus
1654 2130 1687 2161 61
1715 2128 1795 2160 filiis
1827 2140 1941 2162 eorum
1972 2131 2005 2162 et
2035 2130 2093 2172 qui
2118 2130 2313 2163 decuriones
2341 2130 2399 2163 ha-

1374 2172 1497 2250 lbentur
1535 2173 1657 2214 quibus
1695 2174 1802 2207 modis
1836 2184 1856 2206 a
1890 2175 2027 2207 fortuna
2065 2176 2177 2209 curiae
2214 2175 2400 2209 liberentur

1404 2243 1412 2250 .
1440 2221 1491 2259 10,
1517 2219 1558 2251 32
2187 2233 2198 2242 ›

1306 2262 1347 2296 (16
1369 2261 1622 2296 decurionibus
1646 2264 1679 2296 et
1701 2262 1897 2297 silentiariis
1945 2264 1979 2298 C.
2008 2266 2059 2307 12,
2087 2267 2153 2299 161μ

1306 2308 1346 2341 (16
1370 2308 1539 2341 dediticia
1561 2308 1717 2342 libertate
1740 2309 1890 2342 tollenda
1939 2309 1973 2342 C.
2000 2312 2030 2351 7,
2057 2313 2075 2343 5

1306 2353 1346 2386 de
1368 2354 1642 2396 procuratoribus
1666 2356 1699 2387 et
1722 2353 1968 2394 defensoribus
2013 2355 2057 2388 D.
2082 2357 2114 2398 3,
2139 2357 2159 2390 3

1305 2399 1344 2432 de
1369 2398 1615 2438 defensoribus
1638 2400 1814 2433 civitatum
1862 2400 1896 2434 0.
1925 2403 1954 2442 1,
1981 2403 2021 2434 55

1305 2444 1345 2477 de
1370 2445 1589 2478 delatoribus
1637 2445 1671 2479 G.
1700 2447 1751 2485 10,
1779 2448 1815 2479 11

1305 2490 1457 2533 depositi
1479 2490 1532 2523 vel
1556 2492 1673 2523 contra
1719 2490 1763 2523 D.
1792 2493 1844 2533 16,
1868 2493 1887 2524 3
1938 2491 1971 2524 C.
1997 2493 2028 2533 4,
2054 2493 2097 2525 34

1304 2536 1344 2568 de
1368 2536 1606 2568 desertoribus
1630 2538 1663 2568 et
1685 2535 1948 2569 occultatoribus
1972 2547 2085 2570 eorum
2134 2537 2168 2571 C.
2195 2538 2248 2579 12,
2271 2538 2315 2573 45

1305 2581 1344 2613 de
1368 2581 1603 2623 dignitatibus
1651 2580 1685 2614 0.
1714 2582 1766 2623 12,
1795 2584 1808 2615 1

1304 2626 1344 2659 de
1368 2626 1601 2659 dilationibus
1648 2626 1681 2659 G.
1709 2627 1740 2668 3,
1768 2628 1805 2660 11

1303 2672 1343 2704 (16
1367 2671 1460 2704 feriis
1483 2673 1516 2704 61
1539 2672 1770 2704 dilationibus
1793 2673 1827 2704 et
1850 2671 1988 2705 diversis
2004 2672 2210 2715 temporibus
2244 2673 2287 2705 D.
2305 2674 2393 2715 2,12

1303 2717 1343 2749 (16
1368 2717 1625 2750 discussoribus
1672 2717 1706 2750 C.
1736 2719 1787 2758 10,
1811 2718 1854 2751 30

1303 2763 1342 2795 de
1367 2762 1598 2795 distractione
1620 2762 1802 2805 pignorum
1851 2762 1884 2796 G.
1911 2763 1942 2804 8,
1967 2763 2006 2795 27

1302 2808 1344 2840 de
1368 2808 1598 2840 distractione
1619 2808 1800 2850 pignorum
1826 2809 1858 2840 et
1881 2808 2143 2850 hypothecarum
2189 2808 2233 2842 D.
2259 2809 2312 2850 20,
2338 2810 2357 2841 5

1303 2853 1342 2886 de
1366 2853 1515 2885 diversis
1544 2852 1663 2885 officiis
1693 2854 1726 2885 et
1757 2853 2004 2896 apparitoribus
2033 2853 2183 2886 iudicum
2216 2854 2250 2886 61
2271 2853 2390 2896 proba-

1369 2898 1465 2930 toriis
1489 2908 1603 2930 eorum
1652 2898 1686 2931 0.
1714 2899 1766 2939 12,
1791 2900 1834 2932 59

1302 2944 1341 2976 (16
1366 2944 1512 2976 diversis
1540 2943 1685 2985 praediis
1714 2943 1852 2976 urbanis
1888 2944 1921 2975 61
1954 2943 2089 2976 rusticis
2123 2943 2324 2986 templorum
2358 2944 2392 2976 et

1369 2988 1543 3020 civitatum
1567 2990 1600 3021 et
1623 2989 1715 3021 omni
1738 2988 1850 3022 reditu
1873 2988 1968 3021 civili
2017 2989 2052 3023 C.
2079 2990 2131 3030 11,
2157 2991 2200 3022 70

1301 3034 1341 3066 de
1365 3034 1513 3066 diversis
1536 3034 1663 3076 regulis
1685 3034 1770 3067 iuris
1794 3034 1928 3076 antiqui
1971 3034 2015 3066 D.
2042 3037 2095 3076 50,
2123 3036 2161 3068 17

1301 3080 1340 3112 de
1370 3080 1517 3111 diversis
1550 3079 1719 3122 rescriptis
1754 3081 1787 3112 et
1820 3080 2035 3122 pragmaticis
2070 3078 2298 3112 sanctionibus
2354 3078 2389 3112 C.

1301 3170 1340 3202 de
1364 3170 1512 3202 diversis
1533 3169 1773 3212 temporalibus
1799 3169 2119 3212 praescriptionibus
2148 3171 2182 3202 61
2213 3169 2253 3202 (16
2282 3178 2388 3201 66666-

1367 3214 1517 3247 sionibus
1538 3215 1780 3258 possessionum
1826 3215 1871 3247 D.
1896 3217 1950 3253 44,
1976 3217 1995 3249 3

1300 3261 1340 3293 de
1364 3260 1555 3293 dividenda
1578 3259 1685 3293 tutela
1715 3261 1749 3292 et
1770 3270 1831 3302 pro
1861 3270 1926 3302 qua
1948 3262 2044 3303 parte
2074 3259 2214 3302 quisque
2238 3260 2387 3291 tutorum

1367 3305 1587 3338 conveniatur
1634 3305 1667 3339 C.
1693 3307 1725 3346 5,
1750 3307 1792 3338 52

1300 3350 1339 3383 de
1363 3361 1474 3383 rerum
1498 3351 1672 3383 divisione
1695 3352 1729 3383 et
1752 3350 1914 3392 qualitate
1959 3350 1991 3383 J.
2017 3351 2048 3390 2,
2074 3352 2089 3384 1

1299 3396 1339 3428 de
1363 3396 1536 3428 divisione
1559 3407 1670 3429 rerum
1694 3398 1727 3428 et
1750 3395 1912 3437 qualitate
1957 3395 2000 3427 D.
2031 3396 2059 3436 1,
2084 3396 2103 3428 8

1300 3441 1338 3473 de
1363 3441 1535 3474 divisione
1558 3441 1814 3483 stipulationum
1859 3441 1891 3474 J.
1917 3442 1947 3481 3,
1975 3441 2015 3474 18

1299 3486 1338 3519 (16
1362 3487 1526 3520 divortiis
1549 3489 1582 3519 61
1604 3486 1754 3529 repudiis
1797 3486 1842 3519 D.
1868 3487 1922 3526 24,
1947 3487 1967 3518 2

1299 3531 1450 3565 divortio
1474 3532 1563 3565 facto
1588 3532 1677 3574 apud
1701 3541 1799 3573 quem
1822 3530 1922 3563 liberi
1944 3529 2068 3562 morari
2092 3528 2144 3560 vel
2168 3527 2304 3560 educari
2327 3526 2379 3560 dc-

1366 3577 1447 3610 bent
1495 3577 1530 3610 G.
1555 3579 1586 3617 5,
1612 3579 1655 3610 24

1298 3622 1338 3655 de
1363 3622 1436 3655 doli
1458 3621 1540 3654 mali
1563 3623 1596 3654 et
1618 3623 1726 3654 metus
1750 3621 1943 3663 exceptione
1988 3619 2031 3652 D.
2056 3620 2110 3659 44,
2134 3620 2156 3652 4

1298 3667 1338 3700 de
1363 3668 1441 3700 dolo
1466 3666 1554 3699 malo
1599 3667 1641 3700 D.
1668 3669 1699 3707 4,
1725 3667 1744 3700 3
1793 3666 1827 3700 C.
1853 3667 1884 3707 2,
1910 3667 1952 3699 20

1299 3713 1338 3745 (16
1363 3713 1558 3745 domesticis
1581 3714 1613 3744 et
1635 3711 1877 3753 protectoribus
1925 3710 1959 3743 C.
1988 3710 2038 3751 12,
2066 3710 2105 3742 17
