2528 3918
58 3675 61 3677 ·
120 3668 164 3705 (2)
187 3674 328 3707 persona
345 3665 380 3698 F

116 156 176 187 mc
203 157 306 188 imin
337 157 447 188 sisoi
1196 131 1277 179 829

163 268 185 306 7
211 269 318 306 Imm
345 270 436 305 libro
465 266 788 315 quinquayensr'mo
819 268 948 312 quarto
973 265 1022 300 ad
1044 264 1194 300 edictum

118 315 155 351 Si
179 315 286 351 fiscus
311 315 420 351 alicui
444 318 560 350 status
584 311 860 348 controversiam
885 311 1006 354 faciat,
1031 310 1108 345 fisci
1133 309 1196 344 ad-

116 364 262 396 vocatus
291 360 417 396 adesse
448 359 564 394 debet.
636 367 722 391 uare
753 356 783 392 si
809 356 883 391 sine
914 355 991 391 fisci
1023 355 1197 390 advocato

116 405 383 451 pronuntiatum
407 405 469 446 sit,
501 403 614 437 divus-
665 412 769 437 arcus
802 401 985 446 rescripsit
1008 400 1095 435 nihil
1120 409 1196 434 esse

116 454 235 485 actum
259 454 295 485 et
317 450 396 485 ideo
421 460 463 484 ex
487 448 624 492 integro
649 446 815 491 cognosci
839 457 859 481 o
875 449 1015 481 ›orterc.

162 492 186 532 8
211 494 465 530 Moossmvvs
494 493 585 528 libro
610 493 735 538 quinto
759 502 848 538 requ
865 502 966 526 arum
1014 491 1195 525 Bonorum

115 540 203 575 fisco
221 539 477 574 vindicatorum
497 541 636 572 actores
648 536 843 572 venundari
863 546 885 571 a
902 534 1196 580 procuratoribus

117 596 188 620 non
209 587 379 631 possunt,
404 589 458 627 et,
483 583 514 618 si
538 582 791 624 distrahantur,
815 581 952 616 irritam
975 580 1053 615 fieri
1077 579 1195 615 vendi-

115 630 246 665 tionem
269 629 479 674 rescriptum
503 631 569 663 est.

161 673 187 712 9
211 674 318 710 IDEM
338 674 427 710 libro
447 674 598 719 septimo
616 672 751 707 decimo
770 681 1024 716 responsorum
1063 669 1196 705 Lucius

118 720 233 755 Titius
253 719 338 754 fecit
361 718 508 754 heredes
530 728 687 753 sororem
705 726 806 751 suam
832 726 874 750 ex
898 715 1081 759 dodrante,
1106 725 1195 750 uxo-

116 776 188 800 rem
220 764 395 799 Maeviam
437 768 472 798 ct
505 773 663 798 socerum
697 771 741 796 ex
775 760 918 805 reliquis
956 760 1195 805 portionibus:

117 810 191 845 eius
229 812 477 844 testamentum
515 811 678 853 postumo
719 810 803 841 nato
841 809 986 850 ruptum
1024 810 1095 848 est,
1137 805 1196 850 qui

141 858 300 890 ostumus
332 854 430 889 brevi
462 857 498 889 et
527 853 604 898 ipse
641 851 809 894 decessit,
848 854 955 895 atque
992 851 1043 885 ita
1082 849 1196 885 omnis

115 866 295 935 Bereditas
336 899 381 934 ad
416 903 564 933 matrem
594 896 749 942 postumi
789 896 953 931 devoluta
983 900 1047 931 est.
1095 906 1198 931 soror

115 944 297 980 testatoris
321 944 496 979 Maeviam
528 941 684 977 veneficii
715 942 751 976 in
775 941 926 975 Lucium
951 941 1104 975 Titium¹
1136 951 1195 975 ac-

117 989 271 1025 cusavit:
309 1000 388 1024 cum
424 999 495 1023 non
531 987 761 1032 optinuisset,
798 986 1021 1032 provocavit:
1062 986 1198 1021 interea

116 1034 269 1069 decessit
299 1045 379 1069 rea:
422 1033 531 1068 nihilo
563 1033 678 1067 minus
721 1035 839 1066 tamen
877 1031 1027 1076 apostoli
1067 1031 1197 1066 redditi

116 1083 210 1115 sunt.
258 1089 410 1131 quaero,
447 1089 493 1112 an
531 1081 635 1123 putes
669 1077 826 1112 extincta
862 1087 924 1111 rea
963 1076 1196 1120 cognitionem

116 1124 363 1169 appellationis
395 1122 629 1159 inducendam
685 1126 808 1166 ropter
831 1121 1062 1156 hereditatem
1088 1131 1196 1165 quae-

116 1170 231 1205 sitam.
267 1168 491 1204 Modestinus
515 1178 646 1213 respon
674 1167 700 1201 't
722 1170 836 1202 morte
858 1177 940 1202 reae
966 1166 1112 1200 crimine
1137 1177 1196 1200 ex-

115 1215 229 1249 tincto
250 1214 534 1268 persecutionem
559 1223 699 1254 eorum,
732 1223 824 1257 quae
856 1213 990 1247 scelere
1021 1211 1198 1256 adquisita

116 1260 261 1305 probari
284 1263 445 1305 possunt,
469 1258 557 1293 fisco
582 1261 782 1302 competere
805 1267 923 1302 posse.

165 1303 214 1342 10
239 1304 344 1339 IDEM
365 1304 455 1339 libro
478 1303 660 1350 sinqulari
681 1303 725 1337 de
741 1302 1094 1348 praescriptionibus
1116 1302 1198 1337 Non

117 1353 204 1394 puto
237 1349 440 1394 delinquere
470 1359 568 1391 eum,
607 1348 665 1393 qui
702 1348 737 1382 in
778 1347 894 1382 dubiis
930 1346 1197 1392 quaestionibus

118 1398 243 1429 contra
267 1394 391 1429 fiscum
415 1394 521 1429 facile
545 1392 777 1438 responderit.

165 1438 209 1476 11
240 1439 284 1474 IA
295 1449 465 1474 roanazss
493 1439 584 1474 libro
607 1449 702 1472 nono
726 1438 962 1490 epistularum
1009 1436 1091 1472 Non
1114 1447 1197 1481 pos-

117 1488 200 1520 sunt
223 1484 296 1519 ulla
319 1484 413 1520 bona
436 1483 482 1518 ad
505 1484 632 1518 fiscum
654 1486 852 1535 pertinere,
877 1482 944 1517 nisi
970 1492 1061 1527 quae
1085 1482 1197 1516 credi-

116 1530 253 1565 toribus
277 1529 508 1574 superfutura
527 1531 627 1563 sunt:
651 1527 688 1562 id
712 1527 803 1562 enim
827 1528 1002 1562 bonorum
1027 1527 1199 1572 cuiusque

117 1585 196 1610 esse
217 1574 441 1618 intellegitur,
467 1573 562 1618 quod
586 1572 658 1608 aeri
682 1573 797 1607 alieno
821 1576 995 1617 superest.

166 1617 216 1656 12
244 1619 528 1655 &ursmarus
547 1618 638 1653 libro
662 1622 767 1652 sexto
792 1618 836 1652 de
859 1617 1123 1663 coquitionibus
1156 1616 1197 1651 In

117 1664 298 1699 metallum
337 1663 511 1698 damnatis
550 1663 696 1698 libertas
734 1662 921 1704 adimitur,
970 1673 1050 1697 cum
1093 1662 1197 1697 etiam

116 1709 323 1744 verberibus
359 1708 544 1744 servilibus
583 1712 802 1743 coercentur.
851 1717 938 1743 sane
971 1718 1038 1752 per
1073 1707 1196 1742 huius-

116 1754 210 1789 modi
235 1754 452 1808 personam²
481 1752 571 1788 fisco
603 1752 691 1787 nihil
723 1752 863 1797 adquiri
894 1753 994 1787 divus
1024 1752 1111 1787 Pius
1142 1762 1197 1787 re-

117 1799 276 1845 scripsit:
303 1802 338 1833 et
359 1798 438 1833 ideo
463 1798 558 1843 quod
580 1797 736 1842 legatum
760 1801 838 1833 erat
861 1797 903 1840 ei,
930 1796 990 1842 qui
1014 1800 1138 1842 postea
1162 1796 1199 1831 in

117 1843 297 1879 metallum
330 1843 519 1878 damnatus
550 1847 645 1885 erat,
686 1842 730 1877 ad
759 1842 885 1877 fiscum
919 1853 990 1878 non
1021 1843 1199 1886 pertinere

116 1889 299 1934 rescripsit
322 1889 504 1933 magisque
527 1888 577 1922 ait
600 1897 737 1932 poenae
762 1898 823 1922 eos
849 1898 952 1931 quam
977 1887 1054 1922 fisci
1079 1897 1198 1923 servos

117 1945 204 1969 esse.

166 1977 214 2015 13
240 1978 295 2014 ΡΑ
304 1988 399 2014 ULUS
419 1979 510 2014 libro
532 1979 682 2025 septimo
706 1978 756 2013 ad
780 1977 891 2024 leqem
916 1976 1050 2012 Iuliam
1074 1982 1108 2011 et
1128 1976 1199 2011 Pa-

114 2025 213 2072 piam
260 2024 389 2059 Edicto
414 2023 483 2058 divi
507 2024 673 2067 Traiani,
698 2022 792 2067 quod
816 2022 998 2067 proposui,
1022 2021 1198 2066 significa-

116 2075 191 2112 tur,
223 2072 282 2110 ut,
313 2069 342 2103 si
367 2069 464 2114 quis,
496 2072 687 2114 antequam
712 2078 822 2103 causa
846 2067 921 2102 eius
954 2067 1000 2102 ad
1025 2067 1199 2102 aerarium

118 2115 315 2157 deferatur,
346 2114 529 2159 professus
553 2118 647 2149 esset
669 2123 748 2149 eam
771 2123 845 2148 rem
870 2123 976 2157 quam
999 2113 1200 2157 possideret

118 2169 247 2204 capere
270 2158 337 2194 sibi
360 2169 432 2194 non
455 2159 582 2201 licere,
614 2169 658 2194 ex
681 2169 725 2193 ea
755 2161 894 2203 partem
923 2157 1009 2192 fisco
1041 2157 1198 2199 inferret,

121 2208 132 2239 1
184 2208 321 2249 partem
344 2204 422 2249 ipse
443 2204 625 2239 retineret.
673 2203 769 2239 Idem
799 2206 926 2248 postea
949 2202 1066 2237 edicto
1091 2202 1198 2246 signi-

116 2249 246 2293 ficavit,
270 2252 322 2290 ut,
347 2259 589 2294 quaecumque
646 2248 783 2284 rofessa
807 2251 901 2283 esset
922 2247 977 2283 vel
1000 2247 1121 2293 palam
1144 2247 1199 2282 vel

117 2294 225 2329 tacite
249 2294 411 2329 relictum
440 2293 508 2329 sibi
532 2260 642 2339 quodp
651 2303 779 2338 capere
808 2303 880 2328 non
910 2296 1034 2338 posset
1057 2295 1093 2327 et
1116 2303 1198 2338 pro-

117 2340 240 2375 basset
267 2339 360 2373 iam³
393 2338 430 2373 id
453 2338 500 2373 ad
522 2338 649 2374 fiscum
672 2338 870 2384 pertinere,
905 2337 1044 2373 etiamsi
1067 2337 1104 2372 id
1127 2348 1199 2373 non

117 2383 331 2429 possideret,
365 2394 407 2418 ex
431 2394 490 2426 eo,
545 2383 616 2419 uod
638 2383 822 2418 redactum
846 2387 940 2418 esset
963 2393 985 2417 a
1007 2382 1199 2427 praefectis

119 2434 138 2464 2
185 2429 340 2471 aerario,
365 2432 502 2473 partem
550 2428 705 2463 imidiam
727 2428 833 2464 ferat.
880 2428 976 2463 Nihil
1003 2431 1122 2462 autem
1145 2428 1198 2463 in-

119 2477 138 2508 3
185 2476 314 2517 terest,
358 2483 450 2518 quae
487 2484 596 2509 causa
630 2473 801 2519 impediat
834 2473 891 2508 ius
927 2483 969 2508 ca
996 2473 1101 2508 iendi.
1157 2472 1199 2508 Id

117 2522 238 2554 autem
269 2518 398 2554 deferri
428 2518 551 2561 debet,
584 2518 680 2563 quod
707 2520 813 2562 latet,
846 2518 953 2553 noni
1002 2517 1098 2563 quod
1120 2518 1199 2553 fisci

117 2567 139 2598 4
185 2568 250 2599 est.
287 2563 344 2598 Ad
367 2563 515 2599 heredes
539 2563 626 2606 eius,
651 2564 711 2609 qui
735 2574 772 2598 se
797 2563 983 2605 detulerat,
1007 2574 1080 2598 non
1103 2563 1198 2598 vide-

118 2609 225 2644 batur
255 2609 451 2654 praemium
480 2609 651 2644 transire:
684 2608 748 2644 sed
778 2608 878 2643 divus
908 2608 1113 2643 Hadrianus
1143 2618 1198 2643 re-

118 2654 271 2698 scripsit,
295 2658 347 2695 ut,
371 2653 455 2688 licet
472 2657 555 2689 ante
578 2653 789 2689 decessisset
811 2653 842 2688 is
891 2653 927 2687 ui
950 2663 988 2688 se
1012 2652 1199 2696 detulerat,

118 2702 308 2742 antequam
330 2698 367 2733 id
391 2698 486 2750 quod
509 2698 686 2733 detulerat
708 2698 797 2734 fisco
821 2664 1055 2740 addiceretur,
1079 2698 1199 2733 heredi

119 2747 137 2777 5
186 2743 261 2778 eius
284 2753 479 2788 praemium
501 2743 658 2778 daretur.
692 2743 823 2779 Exstat
847 2742 1002 2778 eiusdem
1025 2743 1200 2778 Hadriani

118 2788 284 2833 epistula,
309 2791 358 2828 ut,
384 2787 414 2823 si
436 2787 467 2823 is
492 2789 553 2832 qui
573 2798 611 2824 se
635 2787 773 2823 deferre
796 2791 938 2834 poterat
957 2791 1072 2823 morte
1095 2798 1199 2833 prae-

118 2836 243 2868 ventus
266 2832 384 2875 fuerit,
408 2833 511 2868 heres
531 2833 617 2875 eius,
642 2834 672 2869 si
697 2833 873 2875 detulerit,
922 2833 1094 2868 raemium
1115 2844 1199 2868 con-

118 2881 306 2923 sequatur:
333 2878 374 2912 ‘si
396 2878 538 2920 tamen’,
561 2878 598 2913 in
624 2879 687 2920 uit,
713 2878 872 2923 ‘liquebit
920 2878 1102 2913 efunctum
1125 2878 1200 2913 eius

118 2923 238 2958 ‘animi
267 2922 396 2965 fuisse,
431 2925 472 2957 ut
502 2933 541 2958 se
571 2934 613 2959 ve
640 2928 676 2959 et
699 2923 865 2958 deferre':
901 2923 932 2958 si
954 2933 1038 2958 vero
1067 2923 1199 2959 idcirco

119 2967 407 3011 dissimulaverit,
445 2967 527 3002 dum
556 2978 629 3004 rem
659 2969 830 3004 occultari
861 2972 999 3013 sperat,
1036 2968 1200 3003 heredem

119 3013 195 3048 eius
230 3013 326 3047 ultra
359 3012 418 3047 vul
444 3022 503 3047 are
547 3013 743 3058 praemium
788 3013 875 3048 nihil
913 3016 1199 3050 consecuturum.

120 3061 140 3092 6
186 3057 274 3093 Item
313 3057 382 3092 divi
429 3058 545 3093 'ratres
588 3059 850 3103 rescripserunt
883 3058 1031 3093 heredes
1067 3068 1199 3102 eorum,

119 3102 247 3148 quibus
271 3102 419 3138 tacitum
442 3102 751 3138 fideicommissum
774 3103 936 3138 relictum
961 3107 1032 3144 est,
1065 3103 1114 3137 ita
1139 3103 1199 3138 de-

118 3158 212 3182 mum
249 3158 294 3183 ex
323 3147 496 3183 beneficio
529 3147 674 3183 Traiani
706 3147 844 3183 deferre
873 3158 912 3184 se
942 3158 1064 3192 posse,
1097 3148 1127 3183 si
1157 3149 1199 3191 is,

119 3192 177 3227 cui
201 3191 321 3227 datum
341 3192 470 3234 fuerat,
494 3196 608 3227 morte
630 3197 844 3271 praeventus
865 3197 960 3228 esset
982 3196 1019 3228 et
1035 3193 1116 3228 ideo
1136 3203 1201 3238 per

120 3240 137 3270 7
187 3237 368 3282 angustias
392 3237 563 3282 temporis
587 3237 631 3271 de
645 3238 726 3273 'erre
749 3248 788 3274 se
810 3249 883 3273 non
932 3238 1077 3273 otuerit.
1111 3238 1200 3274 Cum

119 3285 204 3317 ante
226 3285 388 3327 apertum
410 3284 684 3318 testamentum⁴
718 3283 868 3318 tacitum
917 3282 1199 3318 deicommissum

119 3326 320 3362 nuntiatum
345 3331 439 3362 esset
462 3328 507 3362 ab
532 3327 603 3370 his,
641 3326 700 3371 qui
734 3327 840 3363 fidem
863 3328 1008 3363 tacitam
1033 3338 1199 3373 suscepe-

119 3375 204 3407 runt
213 3373 238 3414 ⁶,
273 3371 398 3407 deinde
425 3376 509 3417 post
533 3374 675 3416 apertas
700 3382 723 3407 a
751 3371 1078 3408 fideicommissario
1103 3372 1198 3408 dela-

118 3420 196 3452 tum
218 3419 329 3459 esset,
353 3416 454 3453 divus
477 3417 680 3452 Antoninus
703 3416 815 3461 recipi
843 3417 1101 3462 professionem
1125 3418 1200 3453 eius

118 3461 239 3497 iussit:
275 3471 389 3506 neque
418 3462 510 3496 enim
539 3462 680 3506 dignam
711 3471 791 3497 esse
818 3463 974 3506 praemio
998 3466 1071 3497 tam
1095 3473 1199 3507 prae-

109 3506 262 3551 cipitem
286 3506 547 3541 festinationem
570 3507 710 3551 prioris,
735 3510 770 3541 et
794 3517 874 3541 cum
898 3507 977 3552 quis
1000 3518 1039 3543 se
1061 3508 1201 3543 nuntiet

1963 143 2253 186 XXXXVllll
2291 146 2337 186 14

1265 273 1336 298 non
1362 272 1502 307 capere,
1527 261 1644 306 potius
1667 263 1825 299 confiteri
1849 264 1892 300 de
1912 275 1977 300 suo
2000 266 2077 301 iure
2120 276 2200 301 uam
2224 258 2342 301 aliud⁶

1266 311 1285 342 8
1335 307 1473 342 deferre
1497 306 1645 341 videtur.
1694 309 1748 343 Ad
1774 320 1834 345 eos
1859 310 2068 346 beneficium
2116 312 2238 346 'raiani
2263 322 2342 356 per-

1265 353 1371 394 tinet,
1405 352 1463 397 qui
1488 362 1533 386 ex
1558 351 1714 387 defuncti
1739 355 1918 390 voluntate
1943 356 2102 391 relictum
2127 357 2193 391 sibi
2218 367 2346 402 capere

1266 409 1336 433 non
1361 401 1522 442 possunt.
1572 406 1655 441 ergo
1679 408 1745 432 nec
1768 399 1872 443 illud,
1898 400 1991 444 quod
2015 411 2115 436 servo
2140 412 2218 436 meo
2242 402 2343 436 relic-

1266 446 1286 477 9
1334 447 1409 477 tum
1434 445 1505 484 est,
1537 441 1674 477 deferre
1707 447 1841 487 potero.
1889 446 1979 488 Eos,
2005 446 2065 490 qui
2089 446 2190 490 quasi
2213 446 2345 491 indigni

1266 488 1496 533 repelluntur,
1522 488 1791 522 summovendos
1815 499 1892 524 esse
1910 491 1955 524 ab
1975 490 2144 525 eiusmodi
2168 493 2343 536 praemio:

1267 533 1302 567 id
1341 536 1395 568 est
1429 543 1510 574 eos,
1548 532 1607 576 qui
1643 532 1687 566 de
1720 532 1919 569 inofficioso
1955 539 2100 579 egerunt
2134 538 2184 570 vel
2216 535 2345 570 falsum

1267 578 1433 612 dixerunt
1455 580 1723 618 testamentum,
1757 578 1816 622 qui
1847 589 1957 623 usque
1982 580 2026 614 ad
2057 580 2162 615 finem
2186 581 2256 615 litis
2281 582 2344 616 ob·

1272 627 1310 657 10
1357 625 1606 667 pugnaverunt
1628 625 1891 658 testamentum.
1935 624 1997 666 Ei,
2023 626 2081 669 qui
2104 636 2169 670 per
2193 635 2344 661 errorem

1266 678 1307 703 se
1329 667 1472 710 detulit,
1510 678 1588 701 cum
1613 677 1740 712 capere
1769 668 1921 703 solidum
1950 673 2087 713 posset,
2123 681 2194 704 non
2217 680 2347 705 nocere

1265 713 1334 748 hoc
1366 713 1467 748 divus
1500 712 1704 747 Hadrianus
1737 716 1773 747 et
1802 713 1901 748 divus
1925 714 2009 749 Pius
2041 716 2098 749 ct⁷
2130 715 2260 750 fratres
2291 725 2345 750 re-

1266 758 1498 802 scripserunt.

1315 803 1365 840 14
1394 803 1516 839 Gams
1538 803 1627 838 libro
1652 802 1840 838 undecimo
1865 803 1914 837 ad
1938 803 2048 849 leqem
2067 803 2197 839 Iuliam
2222 808 2255 838 et
2277 805 2345 839 Pa-

1259 849 1364 894 piam
1407 848 1558 889 Dicitur,
1583 858 1627 882 ex
1651 857 1732 882 asse
1755 847 1971 883 hereditates
1996 859 2038 882 ex
2063 848 2242 884 Silaniano
2268 860 2345 883 cuin

1266 894 1375 929 fiscus
1400 893 1615 928 vindicasset
1626 894 1648 936 ⁸,
1674 896 1715 927 ut
1737 903 1803 927 nec
1822 893 2006 927 libertates
2026 904 2091 928 nec
2111 894 2227 937 legata
2246 898 2346 929 tuea-

1266 943 1336 974 tur.
1385 938 1479 984 quod
1511 942 1632 982 aperte
1663 938 1795 972 nullam
1825 938 1934 972 habet
1965 938 2157 979 rationem,
2194 950 2271 972 cum
2304 950 2347 974 cx

1267 984 1485 1029 quibuslibet
1516 983 1593 1018 aliis
1625 983 1743 1017 causis
1773 983 1859 1017 fisco
1884 983 2069 1018 vindicatis
2093 983 2349 1018 hereditatibus

1267 1033 1303 1064 et
1326 1029 1508 1064 libertates
1534 1032 1569 1063 ct
1593 1029 1710 1072 legata
1734 1032 1912 1062 maneant.

1316 1073 1366 1111 15
1398 1074 1542 1109 Imvws
1573 1073 1854 1108 MAURJCIANUS
1890 1073 1979 1107 libro
2016 1073 2118 1107 tertio
2158 1073 2206 1107 ad
2237 1073 2348 1118 leqem

1266 1119 1399 1154 Iuliam
1424 1122 1458 1153 et
1482 1118 1637 1165 Papiam
1685 1118 1838 1153 Senatus
1864 1118 2019 1160 censuit,
2050 1117 2079 1152 si
2104 1117 2239 1152 delator
2263 1118 2346 1153 abo-

1266 1165 1423 1199 litionem
1447 1167 1558 1209 petat,
1584 1163 1680 1208 quod
1705 1173 1845 1198 errasse
1869 1173 1907 1198 se
1932 1163 2038 1205 dicat,
2066 1166 2106 1196 ut
2128 1162 2221 1197 idem
2244 1162 2346 1197 iudex

1267 1221 1309 1245 co
1337 1214 1471 1252 noscat,
1497 1219 1543 1243 an
1563 1209 1657 1243 iusta
1678 1218 1788 1243 causa
1807 1208 2008 1242 abolitionis
2029 1207 2085 1249 sit,
2107 1211 2143 1241 et
2162 1207 2191 1242 si
2213 1217 2349 1242 errasse

1266 1255 1300 1290 vi
1326 1254 1460 1296 ebitur‚
1487 1254 1547 1288 det
1569 1253 1816 1298 inprudentiae
1839 1252 1995 1295 veniam,
2020 1252 2051 1287 si
2075 1256 2192 1287 autem
2217 1252 2347 1287 calum-

1267 1301 1347 1335 niae
1358 1301 1382 1342 ⁹‚
1419 1300 1488 1334 hoc
1527 1299 1644 1343 ipsum
1681 1298 1814 1333 iudicet
1849 1308 1962 1342 eaque
2001 1308 2110 1332 causa
2152 1298 2348 1332 accusatori

1266 1344 1415 1390 perinde
1447 1344 1568 1385 cedat,
1602 1354 1645 1378 ac
1677 1344 1707 1379 si
1738 1353 1882 1378 causam
1912 1343 2040 1387 egisset
2064 1346 2100 1377 et
2123 1342 2347 1386 prodidisset.

1271 1395 1281 1424 1
1336 1390 1372 1425 Si
1397 1390 1475 1434 quis
1501 1389 1694 1424 delatorem
1720 1389 1927 1431 subiecerit,
1952 1391 2090 1422 tantum
2114 1387 2150 1422 in
2175 1387 2348 1422 aerarium

1268 1435 1421 1477 deferat,
1446 1438 1619 1479 quantum
1642 1434 1790 1478 praemii
1814 1433 1955 1468 nomine
1980 1433 2117 1468 delator
2142 1436 2348 1467 consecutu-

1269 1484 1287 1515 2
1335 1491 1397 1515 rus
1417 1479 1554 1523 fuisset,
1579 1479 1610 1514 si
1628 1479 1782 1514 vicisset.
1819 1479 1931 1513 Divus
1947 1478 2149 1513 Hadrianus
2169 1478 2351 1521 rescripsit

1268 1525 1415 1560 eandem
1447 1534 1599 1570 poenam
1632 1524 1825 1559 delatorem
1857 1523 1951 1558 ferre
1982 1523 2129 1564 debere,
2163 1522 2192 1558 si
2222 1522 2350 1557 citatus

1268 1570 1314 1605 ad
1338 1570 1492 1605 edictum
1517 1580 1588 1604 non
1611 1569 1851 1615 responderit,
1886 1579 1956 1612 qua
1978 1571 2177 1609 teneretur,
2211 1567 2242 1602 si
2267 1577 2349 1602 cau-

1269 1619 1289 1650 3
1337 1626 1411 1651 sam
1437 1625 1509 1650 non
1532 1615 1733 1660 probasset.
1772 1614 1924 1649 Senatus
1942 1613 2114 1648 Hadriani
2131 1612 2350 1658 temporibus

1269 1660 1426 1703 censuit,
1459 1671 1539 1695 cum
1571 1660 1651 1704 quis
1683 1670 1722 1695 se
1752 1659 1799 1694 ad
1829 1659 2007 1694 aerarium
2039 1658 2222 1699 detulerit,
2256 1657 2350 1702 quod

1269 1716 1397 1750 capere
1420 1716 1492 1740 non
1516 1705 1682 1750 potuerit,
1707 1707 1749 1739 ut
1771 1707 1885 1739 totuin
1909 1703 1945 1738 in
1966 1703 2142 1738 aerarium
2163 1702 2352 1747 colligatur

1269 1755 1305 1786 et
1334 1761 1377 1785 ex
1409 1761 1451 1786 eo
1481 1760 1565 1795 pars
1599 1749 1743 1784 dimidia
1774 1749 1842 1784 sibi
1857 1751 1885 1771 ¹⁰
1916 1748 2109 1784 secundum
2141 1746 2349 1783 beneficium

1269 1799 1288 1830 4
1337 1795 1407 1830 divi
1431 1795 1576 1830 Traiani
1600 1795 1821 1830 restituatur.
1862 1794 1965 1838 Quod
1989 1794 2019 1828 si
2041 1793 2157 1828 tribus
2181 1792 2306 1828 edictis
2330 1802 2352 1826 a

1267 1840 1450 1886 praefecto
1476 1840 1614 1875 aerario
1639 1840 1764 1875 adesse
1789 1839 1927 1874 delator
1949 1840 2068 1874 iussus
2092 1838 2209 1873 venire
2228 1837 2349 1872 nolue-

1269 1886 1327 1928 rit,
1352 1886 1547 1921 secundum
1571 1895 1814 1930 possessorem
1834 1885 1920 1920 sit¹¹
1944 1882 2262 1929 pronuntiandum:
2287 1882 2349 1917 sed

1269 1932 1315 1966 ab
1341 1941 1400 1973 eo,
1433 1930 1493 1975 qui
1519 1930 1572 1965 ita
1595 1930 1722 1965 adesse
1744 1930 1863 1965 iussus
1886 1929 2122 1974 respondente
2146 1937 2351 1972 possessore

1268 1987 1341 2011 non
1360 1976 1527 2018 adfuerit,
1547 1979 1685 2010 tantum
1704 1975 1925 2020 exigendum,
1947 1977 2116 2018 quantum
2137 1972 2233 2017 apud
2251 1982 2350 2007 aera-

1268 2022 1359 2056 rium
1385 2031 1429 2056 ex
1453 2031 1495 2056 ea
1520 2031 1629 2056 causa
1653 2031 1759 2066 quam
1783 2020 1950 2055 detulerit
1972 2022 2188 2061 remaneret,
2214 2017 2244 2053 si
2267 2028 2350 2064 pro-

1269 2070 1288 2101 5
1336 2066 1528 2101 sessionem
1566 2076 1643 2100 eam
1681 2065 1872 2111 implesset.
1931 2064 2083 2099 Senatus
2117 2063 2272 2104 censuit,
2312 2066 2352 2096 ut

1268 2111 1416 2191 perinde
1439 2111 1594 2146 rationes
1619 2111 1665 2145 ad
1689 2111 1867 2146 aerarium
1890 2109 2027 2145 deferat
2049 2109 2099 2151 is,
2129 2118 2151 2143 a
2180 2118 2250 2153 quo
2274 2110 2352 2142 tota

1295 2156 1448 2192 ereditas
1477 2156 1565 2191 fisco
1599 2156 1711 2191 evicta
1735 2159 1789 2190 est
1812 2155 1867 2190 vel
1891 2155 2056 2190 universa
2079 2154 2214 2198 legata,
2246 2155 2351 2197 atque

1267 2202 1297 2237 is
1323 2202 1461 2237 deferre
1486 2201 1649 2244 deberet,
1681 2211 1703 2236 a
1736 2211 1805 2245 quo
1829 2210 1914 2246 pars
1938 2199 2145 2234 hereditatis
2168 2198 2222 2233 vel
2246 2197 2351 2242 legati

1269 2250 1289 2282 6
1337 2247 1451 2282 evicta
1480 2247 1537 2281 sit.
1587 2246 1624 2281 Si
1680 2246 1734 2282 uis
1766 2249 1935 2290 arguetur
1965 2245 2076 2280 falsas
2106 2243 2260 2278 rationes
2291 2242 2350 2277 de-

1267 2292 1411 2335 tulisse,
1437 2292 1479 2326 de
1503 2302 1544 2327 eo
1569 2302 1655 2336 prae
1673 2295 1772 2326 ectus
1798 2291 1926 2325 aerarii
1952 2291 2157 2333 cognoscat,
2183 2290 2349 2333 quantam

1267 2337 1430 2372 fraudem
1447 2336 1629 2379 invenerit,
1656 2340 1695 2371 ut
1713 2339 1848 2371 tantam
1863 2337 1890 2356 ¹²
1909 2335 2097 2380 pecuniam
2116 2333 2153 2368 in
2166 2334 2193 2354 ¹³
2214 2332 2350 2368 aerario

1267 2383 1391 2417 iubeat
1412 2382 1546 2417 inferri.

1318 2425 1368 2464 16
1396 2426 1590 2462 ULPJANUS
1610 2426 1701 2462 libro
1721 2430 1845 2461 octavo
1867 2425 2001 2461 decimo
2022 2424 2071 2459 ad
2088 2424 2199 2469 leqem
2218 2422 2349 2457 Iuliam

1268 2476 1303 2507 et
1333 2472 1488 2518 Papiam
1542 2471 1604 2506 Ait
1639 2471 1740 2506 divus
1772 2471 1969 2506 Traianust
2008 2469 2231 2514 ‘quicumque
2268 2477 2349 2511 pro-

1269 2517 1396 2552 ‘fessus
1426 2516 1556 2552 fuerit'.
1610 2516 1846 2561 ‘quicumque'
1886 2514 2049 2560 accipere
2081 2513 2248 2548 debemus
2278 2516 2350 2546 tam

1267 2562 1465 2597 masculum
1503 2571 1609 2606 quam
1623 2563 1649 2583 ¹⁴
1689 2561 1875 2596 feminam:
1915 2570 1997 2595 nam
2032 2558 2169 2594 feminis
2201 2567 2349 2601 quoque,

1293 2607 1427 2642 uamvis
1460 2606 1698 2642 delationibus
1727 2606 1978 2651 prohibentur,
2016 2608 2134 2638 tamen
2170 2613 2212 2637 ex
2243 2602 2349 2636 bene·

1283 2652 1350 2688 'cio
1367 2652 1514 2687 Traiani
1534 2651 1672 2687 deferre
1696 2662 1735 2686 se
1754 2651 1963 2696 permissum
1985 2653 2049 2684 est.
2086 2658 2151 2683 nec
2172 2657 2242 2682 non
2262 2646 2349 2681 illud

1268 2707 1381 2742 aeque
1404 2708 1476 2732 non
1498 2697 1670 2738 intererit,
1696 2696 1796 2731 cuius
1821 2695 1948 2731 aetatis
1972 2695 2019 2730 sit
2036 2694 2066 2729 is
2089 2693 2147 2737 qui
2168 2702 2206 2727 se
2226 2691 2348 2734 defert,

1268 2747 1388 2778 utrum
1412 2743 1528 2778 iustae
1552 2752 1598 2776 an
1621 2741 1828 2786 pupillaris:
1861 2750 1943 2775 nam
1974 2738 2117 2784 pupillis
2140 2737 2245 2772 etiam
2268 2746 2349 2781 per-

1268 2787 1422 2822 mittitur
1445 2787 1582 2822 deferre
1606 2798 1654 2830 se,
1680 2797 1723 2821 ex
1748 2786 1876 2831 quibus
1900 2795 1972 2820 non
1997 2784 2152 2828 capiunt.

1317 2831 1366 2869 17
1389 2833 1643 2868 Moossmws
1658 2832 1749 2868 libro
1766 2830 1923 2866 secundo
1941 2830 1985 2865 de
1995 2829 2126 2875 poenis
2156 2827 2196 2861 In
2214 2835 2349 2861 summa

1269 2878 1449 2913 sciendum
1474 2881 1529 2912 est
1553 2877 1709 2912 omnium
1732 2875 1907 2911 fiscalium
1930 2883 2125 2920 poenarum
2144 2870 2348 2917 petitionem

1269 2923 1504 2958 creditoribus
1529 2922 1708 2967 postponi.

1317 2966 1367 3005 18
1388 2967 1624 3003 Mamm
1645 2967 1736 3001 libro
1755 2964 1938 3012 sinqulari
1954 2963 1998 2998 de
2019 2961 2237 3012 delatoribus
2277 2959 2348 2994 De-

1268 3013 1362 3048 ferre
1376 3023 1448 3047 non
1463 3015 1617 3057 possunt
1629 3011 1795 3046 mulieres
1811 3013 1958 3054 propter
1975 3018 2079 3044 sexus
2096 3005 2347 3044 infirmitatem,

1272 3061 1285 3092 1
1338 3062 1371 3092 et
1403 3057 1454 3092 ita
1484 3056 1596 3092 sacris
1627 3054 1940 3091 constitutionibus
1971 3056 2112 3088 cautum
2143 3053 2205 3084 est.
2260 3048 2346 3083 Item

1269 3106 1288 3138 2
1337 3101 1523 3137 clarissimi
1554 3101 1619 3136 viri
1651 3100 1790 3135 deferre
1823 3110 1895 3134 non
1923 3100 2082 3143 possunt.
2130 3094 2217 3129 Item
2249 3092 2346 3127 dam-

1267 3148 1343 3183 nati
1368 3147 1504 3182 deferre
1528 3157 1599 3181 non
1623 3150 1791 3190 possunt,
1823 3148 1863 3179 ut
1894 3143 1962 3178 divi
1991 3141 2119 3176 fratres
2151 3139 2194 3173 de
2226 3148 2268 3190 eq
2290 3147 2346 3172 re-

1269 3193 1506 3237 scripserunt,
1542 3190 1602 3236 qui
1637 3190 1790 3226 fustibus
1823 3198 1947 3224 caesus
1976 3186 2012 3221 in
2045 3182 2346 3237 opus-pubhcum

1269 3241 1287 3272 3
1337 3240 1413 3271 erat
1437 3237 1552 3271 datus.
1591 3236 1680 3270 Item
1706 3232 2018 3270 constitutionibus
2040 3238 2239 3281 prlnplpum
2263 3237 2346 3271 pro-

1267 3283 1434 3317 hibentur
1458 3281 1597 3316 deferre
1619 3280 1682 3324 illi,
1732 3280 1767 3315 ui
1791 3280 1827 3314 in
1850 3276 2028 3312 metallum
2053 3274 2125 3308 dati
2145 3275 2239 3324 sunt.
2277 3271 2346 3323 lioc

1267 3327 1365 3369 ideo,
1398 3336 1442 3361 ne
1474 3326 1536 3361 des
1564 3325 1652 3360 erati
1680 3335 1702 3360 a
1751 3323 1961 3359 delationem
1985 3319 2089 3354 facile
2112 3318 2249 3362 possint
2272 3325 2347 3350 sine

1268 3375 1288 3406 4
1337 3381 1447 3406 causa
1468 3381 1535 3406 con
1553 3380 1670 3415 ugere.
1708 3369 1775 3404 Sed
1798 3378 1857 3402 eas
1877 3375 2015 3407 causas,
2039 3373 2126 3407 quas
2146 3365 2229 3413 ante
2248 3360 2344 3394 dam-

1267 3416 1447 3451 nationem
1478 3419 1672 3460 coeperunt
1703 3414 1857 3454 deferre,
1895 3419 2000 3455 posse
2036 3418 2096 3442 eos
2128 3410 2231 3441 etiam
2263 3408 2346 3456 post

1268 3465 1287 3496 5
1336 3461 1599 3496 damnationem
1642 3459 1766 3503 exequi
1806 3456 2016 3500 rescriptum
2058 3455 2122 3486 est.
2179 3450 2346 3485 Veterani

1269 3516 1409 3551 quoque
1447 3506 1558 3541 sacris
1596 3500 1910 3540 constitutionibus
1948 3498 2123 3533 delatores
2153 3504 2232 3531 esse
2261 3504 2343 3539 pro-

663 3583 730 3594 ν

121 3621 160 3660 (1)
185 3620 221 3651 in
241 3619 384 3652 Lucium
402 3619 541 3663 Titium]
565 3620 601 3652 in
625 3618 733 3652 filium
756 3631 817 3652 scr.
843 3620 1005 3660 (similiter
1032 3621 1197 3661 Cuiacius)

469 3667 512 3707 (3)
537 3666 570 3698 et
586 3663 755 3707 probasset
773 3664 871 3696 etiam
889 3677 951 3698 scr.
1052 3667 1095 3707 (4)
1121 3668 1198 3698 ante

531 3711 572 3750 (5)
597 3711 808 3751 susceperant
820 3708 873 3741 F²
940 3712 983 3751 (6)
1008 3710 1110 3742 alium
1125 3712 1197 3743 edd.

485 3756 530 3792 (8)
555 3764 593 3787 ex
606 3753 779 3787 Silaniano
795 3756 927 3786 senatus
938 3755 1090 3787 consulto
1101 3756 1198 3787 fiscus

120 3712 250 3752 apertas
259 3708 388 3742 tabulas
399 3722 461 3742 scr.

120 3759 163 3798 (71
189 3754 258 3786 divi
268 3755 330 3788 ins.
343 3755 415 3787 edd.

1267 3620 1449 3653 vindicasse
1460 3632 1521 3653 scr.
1582 3620 1625 3657 (9)
1646 3615 1820 3658 requiritur
1832 3610 2054 3644 calumniatus
2066 3618 2132 3641 esse
2190 3610 2249 3647 (10)
2270 3606 2345 3648 sibi]

1267 3665 1330 3708 ipsi
1342 3678 1404 3699 scr.
1503 3666 1557 3703 (11)
1581 3662 1635 3703 sit]
1650 3661 1707 3701 qui
1720 3658 1806 3691 adsit
1817 3670 1879 3690 scr.
1981 3656 2039 3695 (12)
2064 3654 2214 3686 utantam
2229 3651 2289 3692 F¹‚
2307 3654 2345 3683 ut

1267 3721 1309 3742 an
1322 3713 1392 3742 tum
1410 3710 1458 3742 1³2
1551 3709 1606 3747 (13)
1632 3707 1667 3737 in
1682 3705 1744 3737 del.
1837 3703 1895 3741 (14)
1920 3700 1960 3733 de
1975 3701 2034 3733 im.
2049 3699 2082 3731 F
