2528 3918
135 147 421 181 LIBERTORUM

134 258 329 338 hereditlate
351 256 493 293 heredis
516 260 597 292 loco
619 255 714 293 filius
737 256 902 299 nabetur,
925 260 1100 301 patronus
1121 267 1217 293 sum-

134 313 258 339 moven
284 313 326 337 us
351 306 416 338 est.

179 348 202 386 5
231 347 354 384 GAJUS
379 347 471 383 libro
503 347 629 393 quinto
658 345 794 382 decimo
825 349 874 382 ad
896 346 1049 383 edictum
1067 347 1218 394 provin-

133 394 223 430 ciale
273 392 499 434 Libertinus,
531 391 593 436 qui
621 395 813 437 patronum
843 392 1057 437 patronique
1087 392 1218 427 liberos

132 439 250 481 habet,
275 438 306 473 si
327 442 519 483 patronum
542 447 587 471 ex
610 440 713 482 parte
731 437 852 472 debita
867 437 1034 473 heredem
1050 436 1217 479 instituit,

131 484 261 519 liberos
286 483 362 518 eius
386 483 423 518 in
448 482 595 517 eandem
625 482 826 525 portionem
854 483 1071 518 substituere
1101 482 1218 524 debet,

133 533 182 572 ut,
206 528 291 563 licet
312 531 486 573 patronus
509 527 587 562 vivo
611 527 739 563 liberto
764 531 924 564 mortuus
952 528 1079 571 fuerit,
1114 527 1217 563 satis-

137 579 149 609 1
199 573 333 608 factum
366 573 530 608 videatur
563 573 685 608 liberis
719 573 807 608 eius.
865 573 901 608 Si
932 574 1076 626 patroni
1106 573 1218 607 filium

131 619 394 670 emancipatum
418 623 454 654 et
476 620 664 662 nepotem¹
689 628 733 654 ex
757 628 816 662 eo,
849 619 909 664 qui
936 630 975 653 in
1005 619 1060 654 avi
1085 618 1219 653 familia

131 668 316 706 remansit,
349 663 499 699 libertus
531 663 678 707 habeat,
716 663 788 699 filio
820 667 978 706 tantum,
1010 674 1083 699 non
1111 664 1218 699 etiam

130 709 251 755 nepoti
274 708 482 744 satisfacere
506 709 650 744 debebit
672 708 841 745 libertus:
872 719 938 745 nec
969 709 1016 745 ad
1038 720 1113 744 rem
1137 718 1217 754 per-

130 755 230 796 tinet,
280 754 351 789 uod
374 754 420 789 ad
443 754 601 799 parentis
626 754 722 790 bona
744 755 880 800 pariter
902 759 1088 791 vocantur.

177 798 227 838 6²
255 766 563 836 {ILPMNUS‘libro
589 800 891 846 quadraqensimo
917 801 1021 836 tertio
1053 800 1102 835 ad
1124 799 1218 835 edic-

131 849 204 880 tum
250 845 332 880 Etsi
356 855 399 880 ex
421 844 563 880 modica
585 849 689 890 parte
711 844 867 880 instituti
883 846 954 881 sint
968 845 1073 881 liberi
1088 844 1218 886 liberti,

130 892 305 926 bonorum
319 890 581 935 possessionem
599 894 725 926 contra
740 891 883 927 tabulas
902 896 1077 936 patronus
1096 893 1219 935 petere

131 947 202 972 non
225 940 362 981 potest:
386 945 469 970 nam
494 939 530 970 et
546 935 742 971 Marcellus
765 936 857 972 libro
881 947 975 972 nono
1001 936 1218 981 digestorum

131 981 274 1026 scripsit
299 981 625 1033 quantulacumque
645 991 689 1016 ex
706 985 810 1026 parte
830 982 998 1017 heredem
1015 981 1217 1017 institutum

134 1032 145 1061 1
197 1027 316 1062 liberti
344 1025 457 1061 filium
485 1030 676 1071 patronum
708 1027 896 1071 expellere.
952 1027 1041 1062 Cum
1075 1026 1219 1072 patroni

129 1072 203 1108 filia
232 1072 335 1107 heres
365 1072 533 1107 instituta
561 1076 655 1107 esset
684 1082 706 1107 a
729 1072 858 1108 liberto
882 1073 1084 1117 falsumque
1107 1075 1217 1107 testa-

129 1121 286 1153 mentum
310 1117 445 1152 dictum
468 1121 573 1161 esset,
596 1117 635 1152 in
660 1127 730 1162 quo
755 1118 889 1163 scripta
913 1121 1010 1160 erat,
1035 1121 1072 1153 et
1094 1117 1217 1162 appel-

128 1163 261 1199 latione
291 1162 503 1208 interposita
535 1166 571 1198 et
599 1163 777 1207 pendente
805 1163 898 1199 diem
927 1174 1031 1199 suum
1062 1163 1219 1199 obisset:

129 1208 320 1244 heredibus
343 1208 420 1244 eius
445 1207 546 1243 divus
561 1208 708 1244 Marcus
723 1209 898 1252 subvenit,
922 1213 963 1244 ut
981 1208 1018 1244 id
1033 1209 1218 1251 haberent,

132 1256 150 1288 2
200 1253 296 1299 quod
324 1254 474 1289 haberet
500 1254 644 1298 patroni
672 1253 763 1297 filia,
793 1255 825 1290 si
846 1255 989 1290 viveret.
1038 1253 1077 1289 Si
1100 1253 1220 1288 filius3

128 1299 248 1335 liberti
278 1299 382 1335 heres
420 1299 466 1334 ab
499 1309 542 1334 eo
571 1299 759 1335 institutus
789 1299 1020 1343 abstinuerit,
1059 1299 1218 1344 quamvis

130 1348 149 1379 3
196 1345 339 1380 nomine
362 1344 409 1379 sit
432 1344 555 1388 heres,
579 1348 753 1389 patronus
777 1344 987 1380 admittitur.
1035 1344 1106 1380 Sed
1130 1348 1166 1379 et
1189 1344 1219 1379 si

128 1400 194 1435 per
216 1390 255 1424 in
275 1390 350 1425 inte
476 1389 739 1425 restitutionem
761 1390 810 1433 is,
859 1390 897 1425 ui
919 1391 1051 1425 mixtus
1076 1393 1131 1425 est
1154 1399 1217 1434 pa-

127 1440 252 1470 ternae
275 1434 469 1470 hereditati
491 1434 547 1469 vel
567 1435 628 1479 qui
647 1434 722 1470 adit
736 1435 981 1480 hereditatem,
1006 1435 1220 1470 abstinuerit

128 1485 149 1515 4
197 1491 252 1522 se,
291 1480 426 1526 poterit
455 1479 535 1532 quis
566 1484 758 1525 patronum
791 1481 990 1517 admittere.
1037 1480 1219 1516 Patronus

128 1525 341 1571 patronique
379 1525 484 1560 liberi
524 1525 556 1561 si
596 1525 794 1561 secundum
830 1527 1050 1562 voluntatem
1088 1525 1221 1561 mortui

128 1571 246 1607 liberti
277 1570 512 1606 hereditatem
540 1570 695 1606 adierint
724 1571 922 1616 legatumve
951 1575 1016 1607 aut
1038 1571 1218 1607 fideicom-

129 1617 275 1653 missum
297 1621 420 1662 petere
443 1615 644 1660 maluerint,
670 1616 717 1652 ad
740 1621 867 1652 contra
884 1617 1027 1652 tabulas
1044 1617 1220 1652 bonorum

129 1662 391 1707 possessiouem
414 1672 488 1697 non
511 1661 759 1697 admittuntur.
882 1695 885 1697 .

175 1706 199 1744 7
228 1707 351 1743 Glisas
372 1707 462 1742 libro
487 1707 613 1752 quinto
643 1708 780 1743 decimo
810 1707 861 1742 ad
888 1707 1042 1743 edictum
1067 1708 1220 1754 provin—

129 1753 221 1788 ciale
271 1752 365 1788 Nam
399 1752 596 1787 absurdum
630 1752 771 1788 videtur
805 1753 913 1788 licere
946 1752 1059 1788 eidem
1090 1753 1221 1798 partim

129 1798 364 1843 comprobare
387 1797 559 1832 iudicium
583 1797 754 1842 defuncti,
777 1798 910 1843 partim
935 1801 1103 1834 evertere.

175 1840 200 1882 8
233 1843 427 1879 ULPIANUS
454 1843 544 1878 libro
576 1844 880 1889 quadraqensz‘mo
911 1845 1015 1879 tertio
1048 1844 1098 1879 ad
1128 1843 1220 1878 edic-

131 1893 206 1924 tum
253 1888 291 1924 Si
314 1898 396 1924 vero
421 1899 493 1924 non
516 1888 644 1923 habuit
667 1888 833 1924 effectum
862 1888 987 1934 petitio
1016 1889 1109 1931 eius,
1141 1888 1219 1924 dico

130 1946 202 1970 non
224 1933 396 1979 impediri,
423 1945 492 1978 quo
516 1934 632 1969 minus
657 1934 855 1969 adiuvetur.
893 1934 978 1979 quin
1000 1934 1107 1969 immo
1133 1938 1168 1969 et
1191 1934 1222 1969 si

130 1980 181 2016 sic
198 1979 274 2015 adit
289 1979 393 2024 quasi
409 1989 453 2014 ex
472 1978 594 2014 debita
609 1980 773 2024 portione
786 1979 983 2022 institutus,
1009 1990 1092 2015 mox
1108 1989 1219 2024 appa-

130 2026 203 2061 ruit
232 2035 313 2060 eum
340 2024 513 2060 minorem
542 2029 681 2069 partem
714 2035 821 2069 quam
845 2025 1001 2070 speravit
1024 2025 1219 2070 accepisse,

130 2070 383 2116 aequissimum
407 2074 462 2105 est
485 2069 625 2104 admitti
648 2081 730 2105 eum
753 2070 800 2105 ad
816 2082 919 2106 suum
937 2070 1120 2105 auxilium.
1157 2069 1221 2105 sed

128 2121 165 2152 et
194 2117 225 2152 si
254 2119 385 2151 testato
419 2115 643 2151 convenisset
671 2116 854 2159 heredem,
892 2120 932 2150 ut
968 2116 1036 2151 sibi
1064 2116 1220 2160 legatum

130 2162 341 2203 solveretur,
373 2171 456 2195 mox
487 2160 736 2205 paenituisset,
766 2166 853 2206 puto
884 2171 965 2196 eum
988 2172 1095 2205 posse
1118 2160 1220 2196 adiu-

134 2212 148 2242 1
197 2207 285 2243 vari.
332 2205 371 2242 Si
425 2210 574 2241 atronus
603 2206 760 2251 legatum
790 2207 860 2242 sibi
890 2206 1055 2241 relictum
1085 2206 1219 2251 adgno-

130 2253 218 2288 verit
255 2252 362 2297 idque
413 2252 506 2286 uerit
545 2251 713 2294 evictum,
755 2252 923 2296 competit
958 2252 991 2287 ei
1027 2252 1220 2296 legitimum

130 2298 318 2339 auxilium,
352 2297 436 2341 quia
458 2296 506 2338 id,
532 2296 629 2341 quod
652 2297 809 2342 speravit
829 2307 869 2333 se
892 2297 1114 2341 habiturum,
1146 2308 1220 2332 non

130 2343 249 2379 habet.
297 2342 371 2378 sed·
384 2346 420 2377 et
443 2342 473 2378 si
496 2352 569 2377 non
591 2346 706 2378 totum
731 2343 883 2378 evictum
907 2342 970 2386 sit,
1002 2352 1123 2378 verum
1154 2343 1218 2377 ali-

130 2399 201 2434 quo
225 2389 340 2423 minus
364 2387 474 2422 habet
482 2398 603 2467 fiffliam
620 2388 771 2432 putavit,
796 2388 864 2423 erit
880 2388 912 2423 ei
929 2387 1218 2423 subveniendum.

131 2437 149 2468 2
199 2434 236 2468 Si
265 2443 365 2469 servo
397 2433 453 2468 vel
524 2433 556 2469 ὀ
588 2443 655 2469 suo
687 2433 822 2478 aliquid
851 2433 1014 2469 relictum
1044 2438 1218 2478 patronus

130 2478 355 2524 adgnoverit‚
412 2477 533 2514 erinde
565 2489 587 2513 a
617 2482 744 2514 contra
767 2478 910 2514 tabulas
934 2479 1111 2514 bonorum
1134 2490 1217 2524 pos-

131 2524 289 2560 sessione
312 2533 396 2568 repe
425 2527 505 2558 etur
529 2527 636 2569 atque
660 2523 691 2559 si
715 2524 941 2569 adgnovisset
958 2524 1028 2559 sibi
1043 2524 1216 2559 relictum.

132 2575 150 2604 3
197 2569 267 2605 Sed
303 2574 338 2604 et
369 2569 399 2604 si
429 2569 554 2605 mortis
593 2579 703 2604 causa
738 2569 967 2605 donationem
1000 2569 1219 2614 adgnoverit,

131 2615 320 2651 dicendum
343 2618 398 2650 est
420 2614 545 2660 repelli
570 2624 649 2649 eum
680 2624 702 2649 a
727 2619 853 2650 contra
876 2615 1020 2650 tabulas
1043 2615 1220 2650 bonorum

130 2661 373 2706 possessione,
407 2659 458 2694 sic
487 2663 624 2703 tamen,
658 2660 689 2695 si
718 2664 802 2705 post
833 2664 982 2696 mortem
1012 2660 1132 2696 liberti
1156 2660 1219 2695 ad-

130 2706 260 2751 gnovit.
310 2709 468 2740 ceterum
499 2705 531 2740 si
561 2705 594 2740 ei
624 2705 724 2740 vivus
754 2705 903 2741 libertus
937 2705 1099 2749 donavit,
1139 2705 1219 2741 “ille

132 2750 287 2796 accepit,
318 2761 391 2785 non
418 2750 552 2785 idcirco
583 2750 652 2786 erit
682 2750 848 2796 repulsus
881 2761 903 2786 a
927 2754 1052 2786 contra
1076 2751 1219 2787 tabulas

131 2798 307 2832 bonorum
335 2795 579 2840 possessione,
624 2796 707 2840 quia
743 2799 863 2840 potest
900 2796 1018 2831 dicere
1056 2806 1220 2841 sperasse

132 2841 229 2887 quod
256 2841 295 2876 in
322 2844 537 2876 testamento
567 2851 708 2886 quoque
731 2846 855 2886 gratus
881 2841 978 2877 circa
1002 2851 1084 2876 eum
1106 2841 1218 2884 fieret,

131 2886 332 2931 remittique
364 2886 396 2921 ei
426 2885 532 2921 debet
563 2887 609 2921 ab
634 2887 684 2922 eis
710 2886 882 2922 decedere
905 2887 961 2922 vel
985 2897 1028 2922 ea
1052 2897 1219 2931 compen-

132 2937 152 2967 4
200 2942 280 2968 sare
302 2931 340 2966 in
363 2931 562 2976 portionem
585 2942 650 2977 pro
674 2936 755 2967 rata
765 2934 789 2967 ⁵.
832 2931 952 2977 Quare
976 2932 1107 2967 dicitur
1130 2936 1167 2967 et
1189 2932 1221 2968 si

133 2977 351 3013 condicionis
380 2976 581 3021 implendae
613 2988 724 3012 causa
756 2977 842 3022 quid
870 2977 979 3012 fuerit
1008 2977 1131 3012 datum
1154 2987 1219 3022 pa-

131 3028 236 3058 trono
259 3026 343 3067 post
364 3026 515 3057 mortem
538 3022 667 3066 liberti,
691 3023 817 3068 repelli
837 3033 918 3058 eum
935 3033 958 3058 a
973 3026 1099 3058 contra
1114 3023 1220 3057 tabu-

131 3069 186 3104 las
208 3068 384 3103 bonorum
407 3067 651 3112 possessione,
681 3068 782 3112 quasi
806 3068 1013 3113 adgnoverit
1037 3068 1218 3103 iudicium.

133 3117 152 3147 5
201 3112 239 3148 Si
265 3117 440 3158 patronus
470 3113 585 3148 minor
616 3113 719 3148 annis
755 3114 877 3158 viginti
913 3113 1069 3158 quinque
1103 3113 1221 3148 liberti

132 3158 301 3193 iudicium
330 3158 552 3203 adgnoverit,
583 3158 620 3194 in
644 3158 821 3203 integrum
843 3159 985 3195 restitui
1010 3169 1091 3194 eum
1115 3169 1219 3203 opor-

133 3208 208 3238 tere
234 3204 490 3247 existimamus,
523 3208 564 3238 ut
586 3204 701 3249 possit
726 3208 852 3240 contra
874 3204 1018 3240 tabulas
1043 3204 1218 3249 accipere.

179 3246 204 3285 9
229 3247 286 3283 ΡΑ
294 3258 387 3284 ULUS
413 3249 503 3285 libro
535 3249 678 3295 quadra
707 3250 840 3284 ensimo
871 3250 1028 3284 secundo
1053 3249 1103 3285 ad
1126 3249 1219 3285 edic-

134 3299 208 3328 tum
254 3292 323 3338 Qui
352 3293 390 3328 in
421 3294 626 3330 servitutem
657 3294 683 3328 li
709 3298 824 3330 ertum
853 3298 1044 3340 paternum
1066 3294 1219 3340 petierit,

133 3348 200 3374 nec
228 3338 370 3373 nomine
397 3339 590 3375 liberorum
621 3340 799 3375 bonorum
829 3340 1092 3385 possessionem
1125 3341 1219 3375 acci-

159 3393 219 3419 ere
268 3387 371 3419 otest.

133 3395 156 3430 p
183 3394 459 3467 1OPULPJANUS
480 3429 570 3466 libro
588 3430 893 3476 quadraqensimo
911 3435 1041 3475 quarto
1062 3430 1112 3466 ad
1127 3430 1220 3466 edic-

135 3478 209 3509 tum
255 3473 294 3508 Si
322 3483 367 3508 ex
396 3475 555 3518 patronis
587 3475 694 3510 alicui
723 3474 950 3510 satisfactum
972 3486 1046 3511 non
1068 3476 1136 3510 erit
1158 3475 1219 3518 ita,

134 3523 176 3554 ut
206 3518 268 3554 alii
298 3518 448 3563 amplius
481 3530 548 3555 sua
577 3521 741 3565 portione
771 3531 816 3555 ex
844 3520 948 3556 bonis
970 3520 1090 3556 liberti
1112 3520 1219 3555 relin-

134 3568 283 3610 quatur:
314 3563 366 3606 ei,
391 3564 450 3599 cui
473 3564 696 3601 satisfactum
718 3575 792 3600 non
815 3564 900 3609 erit,
924 3565 977 3601 ita
1000 3566 1094 3601 actio
1119 3565 1219 3600 dabi-

135 3612 210 3652 tur,
234 3613 275 3644 ut
298 3608 373 3644 eius
398 3609 514 3654 portio
538 3611 748 3655 suppleatur
772 3621 815 3645 ex
840 3620 898 3653 eo,
929 3610 1025 3655 quod
1049 3614 1220 3646 extraneo

137 3724 175 3764 (ι)
200 3725 354 3765 nepotem
364 3723 485 3765 scripsi
495 3735 562 3755 cum
575 3723 621 3764 B,
634 3725 770 3765 nepotes
781 3724 814 3755 F
901 3724 946 3764 (2)
973 3725 1019 3756 ad
1033 3729 1048 3762 §1
1062 3732 1075 3757 1
1089 3727 1130 3767 cf.
1148 3726 1166 3757 l.
1182 3732 1217 3757 42

140 3772 186 3809 §3
198 3769 255 3802 lat
374 3769 416 3811 (3)
441 3778 520 3800 suus
533 3769 591 3801 ins.
673 3771 715 3811 (4)
742 3771 774 3801 et
787 3770 845 3802 ins.
860 3769 914 3801 F2
995 3772 1036 3811 (5)
1062 3780 1122 3813 pro
1136 3770 1217 3813 rata]

1201 130 1289 178 569

2086 133 2318 177 XXXVIII
2347 137 2373 176 2

1287 255 1410 292 heredi
1434 258 1469 290 et
1493 254 1588 300 quod
1610 256 1761 299 patrono
1785 265 1895 300 supra
1919 266 2020 291 suam
2043 255 2244 301 portionem
2270 255 2373 291 relic-

1287 306 1363 336 tuin
1393 305 1458 336 est.
1506 299 1629 335 eadem
1660 300 1752 334 ratio
1782 303 1817 334 et
1846 300 1883 335 in
1914 300 2075 345 pluribus
2105 301 2267 346 patronis
2299 311 2373 336 ser-

1291 350 1305 381 1
1356 346 1508 381 vabitur.
1554 344 1714 380 Iulianus
1746 345 1795 379 ait
1824 355 1921 387 eum,
1956 346 2016 390 qui
2047 346 2092 381 ab
2125 357 2190 382 avo
2221 357 2286 382 suo
2312 357 2372 381 ex-

1287 391 1480 426 heredatus
1505 395 1569 434 est,
1595 400 1617 425 a
1640 390 1744 425 bonis
1768 389 1977 425 libertorum
2001 392 2077 427 eius
2102 392 2323 434 summoveri,
2354 402 2375 426 a

1287 437 1401 482 patris
1434 447 1517 471 vero
1547 436 1603 471 sui
1631 435 1840 470 libertorum
1864 436 1966 471 bonis
1991 447 2063 471 non
2086 437 2245 472 excludi:
2279 436 2374 482 quod

1287 482 1319 517 si
1343 492 1365 516 a
1388 487 1490 526 patre
1515 481 1561 516 sit
1584 479 1838 523 exheredatus,
1871 481 1916 515 ab
1942 491 2008 516 avo
2032 492 2103 517 non
2128 482 2190 525 sit,
2220 493 2293 518 non
2315 493 2373 517 so-

1287 528 1360 561 lum
1384 537 1406 561 a
1429 527 1638 562 libertorum
1661 529 1893 570 paternorum
1916 526 2028 569 bonis,
2053 537 2174 562 verum
2198 528 2304 563 etiam
2328 528 2373 562 ab

1288 572 1345 606 avi
1377 582 1517 616 quoque
1548 571 1688 606 excludi
1720 570 1867 614 debere,
1898 571 1981 615 quia
2009 582 2073 616 per
2096 577 2235 616 patrem
2260 573 2374 608 avitos

1287 617 1433 653 libertos
1459 616 1708 661 consequitur:
1741 615 1838 660 quod
1867 616 1897 651 si
1927 620 2031 661 pater
2063 617 2136 652 eius
2168 618 2213 653 sit
2237 619 2283 654 ab
2308 629 2373 653 avo

1288 663 1544 706 exheredatus,
1576 663 1653 707 ipse
1682 672 1755 697 non
1784 660 1848 702 sit,
1882 671 1988 706 posse
2012 666 2176 706 nepotem
2200 664 2375 698 avitorum

1286 708 1496 743 libertorum
1521 712 1647 743 contra
1669 707 1812 742 tabulas
1836 706 2012 742 bonorum
2059 708 2293 744 ossessionem
2312 719 2373 753 pe-

1286 757 1373 788 tere.
1421 753 1514 788 idem
1538 753 1606 796 ait,
1632 753 1663 788 si
1685 756 1789 805 pater
1812 762 1868 786 me
1892 752 2021 787 exhere
2047 752 2134 796 avit,
2164 764 2251 789 avus
2276 755 2375 789 meus

1312 803 1425 834 atrein
1449 809 1566 833 meum
1590 802 1626 833 et
1648 809 1746 842 prior
1769 807 1856 832 avus
1881 796 2090 839 decesserit,
2121 799 2166 833 ab
2190 799 2376 844 utriusque

1286 811 1422 879 libertis
1461 854 1517 879 me
1554 854 1591 879 re
1619 843 1695 878 elli:
1734 843 1797 878 sed
1833 842 1865 877 si
1901 846 1984 877 ante
2018 847 2121 887 pater
2155 843 2376 887 decessisset,

1287 894 1414 934 postea
1445 900 1550 931 avus,
1609 888 1773 924 'cendum
1801 887 1869 923 erit
1892 887 1980 922 nihil
2003 888 2088 922 mihi
2112 899 2241 924 nocere
2264 890 2375 935 patris

1288 934 1600 970 exheredationem
1625 933 1671 969 ad
1695 934 1870 969 avitorum
1893 933 2104 968 libertorum
2127 934 2233 969 bona.

1337 979 1384 1017 11
1419 980 1614 1015 IULIANUS
1651 979 1743 1015 libro
1783 979 1974 1014 vicensimo
2014 983 2119 1014 sexto
2158 980 2375 1025 dz'qestorum

1288 1025 1391 1070 Quod
1426 1025 1457 1061 si
1493 1029 1597 1070 pater
1630 1035 1730 1060 meus
1768 1035 1791 1059 a
1819 1027 1924 1069 patre
1956 1034 2020 1059 suo
2053 1024 2100 1059 sit
2129 1024 2376 1067 exheredatus,

1288 1081 1352 1116 ego
1376 1081 1492 1116 neque
1515 1082 1538 1106 a
1561 1074 1662 1116 patre
1686 1080 1764 1105 meo
1795 1079 1911 1114 neque
1943 1070 1988 1104 ab
2014 1080 2099 1113 avo,
2132 1074 2271 1105 mortuo
2301 1071 2377 1115 qui-

1288 1117 1368 1152 dem
1399 1120 1502 1161 patre
1536 1121 1570 1151 et
1601 1116 1771 1152 adversus
1802 1115 1915 1150 avitos
1947 1118 1984 1150 et
2016 1114 2185 1150 adversus
2209 1119 2378 1160 paternos

1288 1162 1435 1197 libertos
1460 1162 1516 1197 ius
1539 1162 1697 1204 habebo,
1729 1161 1866 1196 vivente
1895 1164 2017 1205 patre,
2049 1160 2218 1204 quamdiu
2249 1161 2286 1195 in
2314 1172 2377 1206 po-

1287 1210 1417 1242 testate
1442 1208 1516 1243 eius
1543 1218 1620 1250 ero,
1649 1218 1721 1242 non
1744 1210 1865 1251 petam
1890 1209 2016 1241 contra
2039 1206 2182 1242 tabulas
2206 1206 2378 1241 avitorum

1287 1253 1498 1288 libertorum
1522 1253 1696 1288 bonorum
1720 1251 2001 1297 possessionem,
2032 1251 2278 1296 emancipatus
2309 1263 2378 1287 non

1287 1299 1546 1334 summovebor.

1337 1341 1387 1380 12
1420 1343 1614 1379 ULPIANUS
1635 1343 1726 1378 libro
1752 1342 2057 1389 quadraqensz'mo
2076 1345 2207 1388 quarto
2223 1342 2272 1376 ad
2287 1341 2379 1377 edic-

1289 1393 1363 1424 tum
1411 1389 1449 1424 Si
1471 1394 1646 1434 patronus
1670 1391 1885 1423 testamento
1901 1388 1980 1423 iure
1993 1387 2137 1422 militari
2153 1386 2250 1422 facto
2269 1386 2380 1422 filium

1289 1435 1429 1471 silentio
1455 1434 1734 1476 exheredaverit‚
1760 1433 1904 1469 debebit
1927 1443 2058 1469 nocere
2082 1433 2116 1468 ei
2134 1432 2380 1468 exheredatio:

1294 1485 1303 1514 l
1356 1491 1478 1515 verum
1503 1484 1558 1515 est
1582 1479 1675 1514 enim
1699 1479 1796 1514 hunc
1821 1479 2076 1514 exheredatum
2099 1488 2178 1514 esse
2188 1479 2213 1513 ⁶.
2250 1477 2381 1523 Siquis

1288 1526 1456 1561 libertum
1487 1525 1561 1560 filio
1596 1536 1660 1559 suo
1694 1524 1932 1569 adsignaverit
1963 1534 2115 1569 eumque
2146 1523 2380 1559 exheredave-

1288 1572 1350 1615 rit,
1382 1571 1523 1606 admitti
1550 1574 1669 1615 potest
1693 1569 1740 1605 ad
1763 1571 1940 1605 bonorum
1964 1569 2084 1605 liberti
2107 1568 2369 1614 possessionem

1290 1620 1309 1651 2
1360 1616 1397 1651 Si
1422 1616 1501 1661 quis
1525 1626 1598 1651 non
1621 1615 1717 1650 mala
1740 1619 1858 1650 mente
1880 1615 2039 1660 parentis
2063 1614 2300 1650 exheredatus
2324 1614 2381 1656 sit,

1289 1662 1353 1698 sed
1384 1661 1455 1696 alia
1485 1671 1528 1696 ex
1559 1671 1688 1703 causa,
1722 1659 1950 1696 exheredatio
1981 1660 2052 1704 ipsi
2082 1671 2155 1695 non
2185 1663 2309 1695 nocet:
2342 1663 2382 1695 ut

1289 1711 1378 1752 puta
1402 1717 1496 1752 pone
1520 1706 1651 1741 furoris
1677 1715 1786 1741 causa
1810 1705 2066 1741 exheredatum
2095 1715 2176 1740 euin
2205 1705 2260 1740 vel
2289 1704 2381 1747 ideo,

1291 1753 1375 1798 quia
1405 1753 1568 1796 impubes
1600 1756 1695 1793 erat,
1726 1750 1963 1796 heredemque
1992 1750 2195 1786 institutum
2219 1754 2381 1794 rogatum

1291 1802 1310 1833 3
1359 1798 1392 1833 ei
1415 1798 1604 1833 restituere
1628 1796 1872 1832 hereditatem.
1917 1796 1954 1832 Si
1979 1796 2070 1840 quis,
2097 1806 2178 1831 cum
2203 1799 2297 1831 esset
2322 1806 2380 1830 ex-

1290 1843 1494 1885 heredatus,
1519 1842 1774 1887 pronuntiatus
1797 1842 1854 1877 vel
1876 1851 2064 1887 perperam
2081 1841 2129 1877 sit
2145 1841 2381 1876 exheredatus

1290 1899 1362 1924 non
1387 1899 1483 1931 esse,
1507 1899 1581 1923 non
1604 1898 1644 1923 re
1671 1887 1807 1922 ellitur:
1841 1887 1950 1922 rebus
1975 1887 2068 1922 enim
2091 1886 2258 1922 iudicatis
2284 1890 2381 1922 stan-

1291 1938 1311 1969 4
1359 1934 1442 1969 dum
1466 1938 1531 1969 est.
1571 1933 1609 1968 Si
1631 1899 1727 1968 filius
1751 1932 1896 1977 patroni
1919 1932 2156 1968 exheredatus
2180 1932 2219 1966 in
2242 1937 2382 1977 partem

1291 1979 1486 2024 optinuerit
1510 1979 1553 2014 de
1576 1977 1788 2020 inofficioso,
1813 1978 1850 2012 in
1872 1981 2012 2023 partem
2036 1977 2152 2013 victus
2178 1977 2234 2021 sit,
2262 1977 2381 2013 videa-

1290 2036 1389 2068 mus,
1420 2035 1467 2060 an
1496 2027 1627 2060 noceat
1655 2024 1688 2058 ei
1712 2023 1953 2059 exheredatio.
2002 2026 2038 2058 et
2061 2033 2192 2058 nocere
2216 2023 2382 2065 arbitror,

1291 2070 1375 2115 quia
1411 2073 1664 2106 testamentum
1700 2069 1813 2111 valet,
1856 2069 1902 2103 a⁷
1942 2079 2012 2114 quo
2046 2067 2284 2104 exheredatus
2316 2072 2380 2104 est.

1290 2119 1308 2150 5
1357 2115 1416 2150 Ex
1439 2118 1653 2151 testamento
1678 2118 1812 2156 autem,
1844 2125 1888 2149 ex
1917 2124 1988 2159 quo
2018 2124 2133 2158 neque
2158 2113 2257 2148 adita
2279 2114 2381 2149 here-

1290 2161 1383 2197 ditas
1407 2165 1462 2197 est
1486 2170 1603 2206 neque
1625 2160 1737 2205 petita
1760 2160 1937 2195 bonorum
1960 2159 2153 2204 possessio,
2178 2159 2299 2195 liberis
2321 2169 2381 2194 ex-

1289 2206 1472 2242 heredatio
1498 2217 1571 2242 non
1593 2210 1719 2241 nocet:
1746 2204 1942 2241 absurdum
1966 2209 2020 2240 est
2043 2204 2135 2239 enim
2158 2204 2195 2239 in
2212 2205 2282 2240 hoc
2302 2208 2381 2239 tan-

1288 2257 1366 2287 tum
1389 2252 1506 2287 valere
1529 2254 1798 2293 testamentum,
1824 2255 1864 2285 ut
1889 2250 2118 2285 exheredatio
2142 2250 2275 2294 vigeat,
2301 2261 2382 2285 cum

1290 2302 1310 2333 6
1358 2297 1446 2332 alias
1477 2308 1550 2333 non
1574 2297 1703 2332 valeat.
1752 2296 1790 2331 Si
1821 2296 1965 2341 patroni
1995 2295 2089 2331 filius
2119 2295 2238 2340 priore
2268 2296 2382 2340 gradu

1290 2343 1336 2379 sit
1364 2344 1468 2379 heres
1499 2343 1673 2387 scriptus,
1714 2341 1872 2378 secundo
1905 2341 2159 2383 exheredatus,
2192 2341 2278 2375 huic
2309 2351 2382 2376 non

1289 2393 1396 2424 nocet
1420 2388 1664 2431 exheredatio‚
1699 2398 1779 2422 cum
1803 2387 1986 2422 voluntate
2010 2386 2123 2431 patris
2146 2386 2203 2421 vel
2227 2386 2384 2421 extiterit

1288 2434 1392 2469 heres
1415 2434 1471 2468 vel
1495 2433 1648 2469 existere
1671 2433 1847 2477 potuerit:
1879 2442 1995 2476 neque
2024 2431 2119 2467 enim
2143 2431 2249 2467 debet
2272 2430 2383 2467 videri

1288 2482 1392 2524 pater
1420 2479 1603 2523 indignum
1633 2478 1855 2514 existimasse
1884 2477 1996 2512 filium
2026 2477 2129 2512 bonis
2159 2476 2381 2519 libertorum,

1290 2535 1394 2569 quem
1419 2525 1465 2559 ad
1488 2524 1723 2560 hereditatem
1746 2533 1849 2559 suam
1874 2523 2026 2567 primum
2045 2522 2237 2558 vocaverit.
2274 2532 2317 2557 ac
2337 2533 2382 2557 ne

1289 2580 1370 2605 eum
1402 2570 1544 2614 quidem
1575 2568 1850 2605 existimandum
1886 2572 1940 2603 est
1974 2567 2187 2604 summoveri
2225 2577 2246 2603 a
2279 2567 2381 2603 bonis

1288 2615 1424 2657 liberti,
1450 2615 1512 2660 qui
1536 2625 1558 2650 a
1580 2615 1695 2659 primo
1719 2614 1834 2659 gradu
1857 2613 2094 2649 exheredatus
2120 2616 2156 2648 et
2178 2612 2272 2648 idem
2296 2613 2381 2648 sub-

1289 2661 1436 2696 stitutus
1471 2664 1536 2696 est.
1593 2670 1677 2704 ergo
1711 2659 1759 2702 is,
1801 2659 1862 2703 qui
1896 2658 2081 2694 institutus
2113 2658 2160 2694 sit
2188 2658 2292 2694 heres
2326 2658 2382 2693 vel

1287 2707 1402 2751 primo
1434 2705 1548 2750 gradu
1579 2705 1636 2740 vel
1665 2704 1829 2749 sequenti
1859 2704 1916 2739 vel
1946 2703 2016 2739 alio
2041 2714 2111 2749 quo
2136 2702 2266 2748 gradu,
2298 2703 2382 2739 licet

1288 2752 1437 2787 exheres
1461 2750 1509 2786 sit
1532 2750 1658 2787 eodem
1680 2753 1906 2792 testamento,
1931 2759 2004 2784 non
2028 2752 2083 2785 est
2106 2749 2380 2785 summovendus

1289 2800 1307 2830 7
1356 2807 1379 2832 a
1412 2796 1532 2832 liberti
1566 2796 1682 2831 bonis.
1739 2795 1777 2830 Si
1817 2794 1959 2840 patroni
1997 2794 2092 2829 filius
2133 2794 2381 2839 emancipatus

1288 2841 1443 2877 noluerit
1472 2841 1571 2877 adire
1602 2840 1839 2876 hereditatem
1869 2840 1926 2876 vel
1956 2839 2018 2885 qui
2047 2839 2086 2875 in
2116 2843 2294 2885 potestate
2327 2844 2381 2875 est

1287 2887 1458 2968 {etlingrffi
1490 2886 1602 2923 nihilo
1634 2886 1751 2921 minus
1774 2885 1893 2921 liberti
1917 2885 2094 2921 bonorum
2116 2885 2379 2930 possessionem

1315 2943 1336 2967 a
1363 2943 1381 2967 e
1407 2932 1447 2967 it.

1337 2975 1387 3015 13
1423 2977 1617 3013 IULIANUS
1656 2977 1748 3013 libro
1784 2977 1975 3012 vicensimo
2012 2979 2118 3011 sexto
2159 2976 2378 3022 diqestorum

1287 3022 1402 3058 Filius
1419 3022 1563 3068 patroni
1579 3022 1828 3064 exheredatus,
1851 3021 2010 3066 quamvis
2027 3032 2139 3066 nepos
2157 3031 2201 3056 ex
2217 3031 2258 3055 eo
2276 3021 2378 3055 heres

1289 3068 1444 3113 scriptus
1468 3067 1588 3109 fuerit,
1613 3068 1790 3103 bonorum
1810 3067 2072 3112 possessionem
2093 3070 2217 3102 contra
2235 3065 2378 3099 tabulas

1289 3117 1521 3158 paternorum
1558 3113 1769 3148 libertorum
1807 3112 1972 3165 accipere
2009 3122 2082 3147 non
2118 3114 2255 3156 potest:
2296 3110 2379 3161 licet

1290 3158 1381 3193 enim
1405 3158 1629 3194 necessarius
1653 3158 1785 3194 existat
1807 3161 1901 3203 patri
1927 3168 2004 3199 suo,
2029 3168 2101 3192 non
2125 3167 2189 3200 per
2213 3159 2376 3199 semetip-

1289 3214 1384 3246 sum,
1419 3203 1482 3239 sed
1510 3214 1576 3248 per
1604 3203 1713 3238 alium
1741 3203 1789 3239 ad
1819 3203 2054 3239 hereditatem
2085 3201 2293 3236 admittitur.
2342 3204 2378 3234 et

1290 3253 1385 3284 certe
1404 3252 1564 3284 constat:
1590 3248 1620 3284 si
1639 3249 1884 3301 emancipatus
1901 3248 1996 3283 filius
2016 3245 2250 3282 exheredatus
2271 3244 2378 3278 fuerit

1289 3298 1324 3329 et
1348 3305 1471 3330 servus
1496 3294 1573 3329 eius
1595 3294 1699 3329 heres
1724 3299 1897 3338 scriptus,
1932 3293 1999 3328 etsi
2022 3291 2168 3341 iusserit
2189 3300 2289 3341 servo
2314 3289 2376 3323 he-

1288 3339 1475 3374 reditatem
1506 3339 1604 3374 adire
1628 3343 1664 3375 et
1687 3339 1740 3374 ita
1762 3339 1859 3384 patri
1882 3349 1947 3374 suo
1972 3339 2077 3372 heres
2101 3338 2272 3376 extiterit,
2305 3345 2377 3368 non

1288 3385 1436 3420 habebit
1460 3388 1586 3437 contra
1609 3385 1752 3420 tabulas
1776 3389 2007 3430 paternorum
2030 3382 2238 3416 libertorum
2262 3379 2375 3414 bono-

1288 3441 1368 3465 rum
1391 3440 1663 3475 possessionem.
1754 3437 1756 3439 ’

1338 3474 1388 3511 14
1420 3474 1616 3510 ULPIANUS
1636 3475 1727 3511 libro
1749 3473 2051 3521 quadraqensimo
2071 3471 2196 3522 quin-to·
2215 3469 2265 3521 agl
2283 3469 2376 3520 edic-

1290 3524 1363 3555 tum
1411 3519 1499 3564 Qui,
1529 3531 1611 3555 cum
1633 3520 1747 3556 maior
1771 3525 1859 3554 natu
1883 3522 1977 3553 esset
2001 3526 2114 3568 quam·
2129 3519 2251 3567 viginti
2275 3525 2375 3558 quin-

1289 3576 1358 3610 que
1381 3565 1506 3608 annis,
1537 3566 1730 3601 libertum⁸
1761 3563 1886 3609 capitis
1911 3564 2132 3597 accusaverit
2155 3564 2218 3594 aut
2240 3570 2278 3594 in
2301 3569 2376 3595 ser-

1289 3611 1435 3646 vitutem
1458 3611 1611 3656 petierit,
1635 3613 1838 3646 removetur
1855 3618 1876 3642 a
1896 3610 2021 3642 contra
2039 3605 2184 3641 tabulas
2201 3605 2377 3640 bonorum

1288 3735 1348 3766 pro
1360 3736 1396 3756 re
1409 3725 1486 3757 data
1498 3738 1560 3758 scr.
1686 3725 1729 3765 (6)
1752 3721 1949 3764 principium
1963 3733 2020 3752 οηι.
2038 3720 2072 3752 F
2078 3720 2086 3738 ¹
2212 3720 2255 3759 (Ἰ)
2280 3728 2300 3750 a
2312 3718 2377 3754 del.

1289 3772 1332 3812 (a)
1356 3772 1532 3813 paternum
1544 3771 1603 3806 ius.

2062 3822 2103 3854 72
