2528 3918
125 112 127 114 ’
138 104 278 138 CAUSA
305 103 584 136 TESTAMENTI

137 218 156 250 5
205 213 244 249 Si
266 215 386 249 autem
408 212 459 256 is,
484 212 543 248 cui
567 212 701 249 auferri
723 212 903 249 hereditas
926 217 1064 258 potest,
1092 214 1140 250 ali
1164 213 1228 249 uid

136 258 319 305 possideat
342 257 386 292 de
404 257 605 293 hereditate
625 261 661 294 et
679 257 864 310 possidere
883 257 1027 294 desierit
1047 259 1122 295 sine
1168 259 1226 295 olo

137 309 158 340 6
203 302 309 345 malo,
332 302 445 348 magis
469 306 535 345 est,
559 306 602 338 ut
624 302 764 339 desinat
788 303 978 339 conveniri.
1016 303 1119 349 Quod
1143 314 1226 349 ergo

135 354 276 394 tempus
309 347 571 394 spectabimus,
592 348 793 393 possideat
823 358 890 384 nec
924 349 997 384 ne?
1036 350 1108 385 litis
1140 359 1226 385 con-

137 397 155 428 ἰ’
203 395 359 428 testatae
381 396 522 438 tempus
547 393 704 438 spectari
727 393 844 429 debet.
882 392 986 429 Certe
1010 394 1040 429 si
1060 394 1228 430 vacantia

135 439 232 474 bona
267 437 347 483 quis
380 437 580 483 possederit
615 441 650 473 et
685 437 956 484 quadriennium
993 439 1227 484 praeterierit,

134 482 336 520 indubitate
360 482 541 519 conveniri
563 483 697 528 poterit
719 493 765 518 ex
787 484 857 519 hac
875 486 979 536 parte
1000 484 1118 527 edicti,
1143 484 1228 530 quia

135 532 172 563 et
203 527 322 564 omisit
353 537 500 563 causam
530 528 735 564 testamenti
767 536 802 563 et
832 530 938 581 ςιιιιι,ι
976 529 1022 565 ab
1056 530 1226 566 intestato

135 572 297 620 possedit
321 576 357 609 et
379 572 521 619 quidem
546 573 608 616 sic,
633 576 674 609 ut
695 573 979 619 praescriptione
1003 574 1227 627 quadriennii

136 622 156 653 8
204 622 304 654 tutus
335 617 393 654 sit.
450 617 488 653 Si
519 621 694 664 patronus
729 629 774 654 ex
806 618 927 654 debita
960 619 1028 655 sibi
1062 620 1226 665 portione

134 663 239 699 heres
263 663 419 708 scriptus
445 663 529 699 dato
554 663 622 699 sibi
646 663 819 699 coherede
844 674 888 699 ex
910 664 981 700 alia
1004 670 1108 710 parte
1138 665 1225 701 omi·

135 709 221 744 serit
252 708 529 751 institutionem,
587 708 649 744 uia
680 708 801 744 debita
831 719 916 754 pars
949 709 1024 745 eius
1058 714 1135 746 erat
1165 720 1225 746 ex·

134 753 276 796 hausta,
298 753 455 789 omiserit
475 757 511 789 et
531 764 573 789 co
602 764 690 796 eres,
711 753 837 790 deinde
852 754 1036 800 possideat
1050 759 1226 801 patronus

133 799 181 834 ab
205 798 375 835 intestato
400 798 588 844 legitimam
610 798 843 835 hereditatem
862 803 987 843 totam,
1012 800 1167 836 dandam
1189 800 1227 835 in

136 853 215 879 eum
246 844 445 889 legatorum
475 843 653 880 actionem
677 843 801 880 Celsus
832 844 924 881 libro
958 848 1058 881 sexto
1088 845 1226 882 decimo

134 889 352 934 digestorum
373 889 435 931 ait,
457 899 547 934 quae
565 889 604 924 in
620 889 754 925 Titium
776 893 1005 935 competeret,
1027 890 1226 927 sufficeret·

134 936 228 979 que²
249 937 416 980 patrono,
442 934 538 979 quod
559 934 734 979 integram
759 934 915 971 debitam
939 935 1008 971 sibi
1052 936 1226 972 ortionem

134 979 274 1015 habeat.
310 979 400 1014 haec
425 982 545 1015 autem
567 979 620 1015 ita
639 983 734 1022 sunt,
760 979 791 1016 si
812 980 960 1016 coheres
982 991 1024 1016 co
1051 981 1124 1017 usit
1145 991 1226 1017 cum

160 1028 306 1060 atrono:
339 1024 443 1060 aliter
476 1025 569 1060 enim
600 1035 674 1061 non
705 1035 784 1061 esse
811 1029 1004 1071 patronum
1029 1026 1227 1072 cogendum

148 1072 253 1114 egata
270 1073 472 1115 praestare:
498 1080 615 1115 neque
635 1070 726 1106 enim
745 1070 975 1107 interdictum
996 1075 1060 1114 est,
1085 1075 1126 1107 ut
1170 1071 1226 1107 uis

134 1118 155 1151 9
204 1115 345 1150 omittat
366 1114 619 1158 hereditatem,
651 1115 682 1151 si
713 1115 790 1152 sine
816 1115 943 1152 fraude
965 1116 1003 1152 id
1026 1116 1100 1152 fiat.
1146 1083 1227 1153 ἓοο

134 1159 290 1196 edictum
314 1160 421 1196 etiam
444 1161 491 1196 ad
514 1164 641 1196 contra
664 1161 808 1197 tabulas
832 1161 1009 1197 bonorum
1028 1162 1225 1207 possessio-

134 1215 215 1241 nem
247 1206 426 1251 pertinere
457 1205 568 1251 magis
602 1205 791 1242 dicendum
824 1210 896 1250 est,
930 1207 1067 1243 scilicet
1096 1211 1139 1243 ut
1166 1207 1227 1253 qui

134 1250 343 1296 accipiendo
364 1253 491 1287 contra
508 1251 651 1287 tabulas
667 1251 845 1288 bonorum
860 1252 1124 1297 possessionem
1138 1251 1226 1289 libe·

134 1296 182 1332 ris
215 1295 495 1342 parentibusque
526 1296 644 1341 legata
673 1300 875 1342 praestaret
905 1297 935 1332 si
966 1297 1125 1333 omiserit
1147 1307 1227 1334 eam

134 1341 312 1377 bonorum
342 1341 604 1387 possessionem
633 1345 669 1378 et
692 1342 738 1378 ab
762 1342 934 1378 intestato
958 1342 1142 1388 possideat
1162 1342 1226 1379 he-

134 1386 341 1429 reditatem,
372 1389 520 1431 cogatur
545 1397 587 1422 ea
609 1390 814 1432 praestare,
838 1398 930 1433 quae
954 1390 1171 1441 praestaret,
1197 1387 1228 1424 si

137 1434 178 1466 10
227 1434 353 1466 contra
376 1431 543 1467 tabulas³
565 1432 828 1477 possessionem
852 1436 1003 1478 accepit.
1052 1433 1090 1469 Si
1119 1433 1226 1469 liber-

133 1479 190 1511 tas
214 1476 280 1512 sub
306 1476 516 1512 condicione
539 1476 649 1512 fuerit
672 1477 758 1513 data
790 1478 833 1514 ‘si
856 1477 979 1514 decem
1011 1478 1158 1515 dederit'
1191 1482 1228 1514 et

133 1521 265 1557 omissa
296 1531 408 1557 causa
438 1522 642 1558 testamenti
671 1522 798 1566 fuerit,
839 1534 912 1559 non
944 1523 1047 1560 aliter
1078 1524 1227 1560 libertas

133 1570 322 1612 competet,
348 1577 455 1612 quam
478 1567 508 1602 si
533 1567 734 1603 condicioni
756 1568 912 1614 paritum
937 1569 993 1604 sit.

180 1610 203 1649 7
230 1611 471 1648 Manantes
498 1612 590 1649 libro
622 1613 832 1649 duodecimo
864 1613 1085 1660 diqestorum
1141 1613 1226 1658 Qui-

133 1657 217 1693 dam
242 1656 375 1692 Titium
399 1660 436 1692 et
456 1657 637 1693 Maevium
666 1658 822 1694 instituit
849 1658 999 1695 heredes
1024 1662 1060 1694 et
1084 1663 1227 1695 centum

134 1702 254 1738 'sitio‘
276 1702 423 1747 legavit:
447 1706 597 1749 uterque
621 1704 753 1739 omissa
771 1705 1012 1740 testamento⁵
1034 1704 1227 1750 legitimam

133 1748 230 1783 adiit*
255 1747 501 1783 hereditatem.
557 1759 629 1783 non
664 1749 777 1794 probe
811 1749 1010 1794 legatorum
1049 1749 1226 1785 actionem

134 1793 250 1829 Titius
274 1793 483 1838 postulabit.
531 1793 634 1837 idem,
658 1794 689 1829 si
713 1794 855 1839 utrique
878 1795 1044 1840 legasset.

181 1835 205 1876 8
238 1837 434 1874 ULPJANUS
461 1839 553 1874 libro
610 1840 672 1874 uin
701 1841 886 1885 uaqesz’mo
914 1839 965 1876 ad
986 1840 1141 1876 edietum
1189 1839 1227 1876 Si

133 1884 212 1929 quis
245 1883 312 1919 sub
346 1883 554 1919 condicione
585 1850 654 1919 gan
682 1895 785 1920 orum
817 1884 939 1920 decem
969 1885 1025 1920 vel
1049 1895 1120 1930 qua
1143 1884 1226 1928 alia,

134 1939 226 1975 quae
248 1928 288 1964 in
312 1928 431 1964 dando
455 1928 512 1964 vel
533 1929 571 1964 in
594 1929 760 1965 faciendo
785 1929 873 1973 fuit,
905 1930 1010 1966 heres
1039 1930 1226 1966 institutus

134 1975 266 2010 omissa
290 1984 401 2009 causa
424 1975 629 2010 testamenti
653 1975 699 2011 ab
722 1975 892 2011 intestato
916 1975 1100 2021 possideat
1122 1976 1225 2012 here-

134 2018 293 2061 ditatem,
317 2019 510 2055 videndum
533 2024 599 2062 est,
632 2030 679 2055 an
702 2020 797 2062 huic,
825 2019 863 2055 in
886 2020 988 2056 cuius
1011 2021 1227 2066 personam⁶

134 2064 297 2100 condicio
324 2064 454 2100 collata
478 2068 544 2108 est,
573 2065 752 2101 subveniri
776 2065 915 2101 debeat.
964 2069 1000 2102 et
1022 2066 1136 2112 magis
1160 2068 1226 2109 est,

134 2119 180 2145 ne
204 2109 453 2145 subveniatur:
482 2120 598 2156 neque
621 2110 714 2145 enim
737 2110 930 2156 legatarius
954 2114 1020 2147 est.

181 2152 206 2192 9
231 2153 288 2190 ΡΑ
296 2164 391 2190 nes
419 2155 510 2191 libro
543 2155 824 2202 quadraqesimo
848 2157 975 2203 quinto
999 2155 1050 2192 ad
1071 2156 1227 2193 edietum

134 2199 205 2235 Sed
237 2202 273 2234 et
304 2199 334 2235 si
365 2200 483 2236 adhuc
514 2200 665 2246 parendi
693 2200 893 2237 condicioni
915 2204 1058 2248 tempus
1081 2201 1225 2245 habeat,

134 2245 204 2280 hac
228 2248 332 2290 parte
355 2245 461 2280 edicti
484 2256 558 2281 non
580 2249 734 2281 tenetur.

183 2288 234 2328 10
267 2289 462 2326 [lemnes
482 2290 574 2326 libro
624 2291 899 2337 uinquaqesimo
924 2292 975 2327 ad
997 2292 1152 2328 edietum
1188 2291 1227 2328 Si

134 2346 206 2371 non
237 2335 355 2378 solus,
387 2335 451 2371 sed
475 2346 555 2371 cum
617 2336 649 2372 ὀ
669 2337 832 2389 possidet
854 2337 1087 2373 hereditatem
1110 2337 1141 2373 is
1165 2337 1227 2383 qui

133 2381 254 2416 omisit
291 2390 437 2416 causam
475 2384 697 2424 testamenti,
737 2382 933 2419 rectissime
964 2383 1123 2419 Iulianus
1163 2383 1225 2426 ait,

135 2425 231 2471 quod
255 2429 291 2461 et
312 2425 506 2461 Marcellus
529 2426 678 2471 probat,
704 2426 859 2463 dandam
882 2427 920 2463 in
941 2427 1060 2474 ipsum
1084 2438 1154 2481 quo
1180 2439 1226 2464 ue

133 2471 331 2516 legatorum
349 2470 527 2507 actionem
547 2471 688 2507 utilem:
713 2483 780 2508 nec
799 2473 894 2508 enim
912 2483 1099 2519 aspernari
1120 2473 1163 2509 de
1190 2476 1227 2509 et

135 2516 261 2552 obesse
292 2516 361 2551 sibi
391 2515 527 2552 factum
557 2516 723 2553 heredis⁷
751 2517 894 2563 scripti,
929 2519 987 2554 cui
1011 2519 1117 2555 etiam
1141 2529 1225 2564 pro-

133 2561 252 2614 fuerit:
300 2561 373 2614 hoc
393 2564 513 2597 autem
534 2562 587 2597 ita
611 2565 683 2606 est,
715 2563 788 2616 nisi
815 2563 846 2599 si
871 2564 1062 2617 pecuniam
1085 2574 1172 2599 acce
1198 2564 1227 2617 it

134 2617 164 2687 ¹1⁸
189 2608 1226 2707 ‘¹5¹5ss‘igiffbiitssiaffufflffi‘ifflffi‘iiinsefflffffisssssstg

134 2696 288 2732 fuissent
302 2696 427 2733 rehcta
443 2701 480 2733 et
494 2700 569 2733 tam
580 2698 593 2719 ⁸
608 2698 762 2733 instituti
800 2709 885 2734 uam
897 2699 1082 2735 substituti
1093 2709 1226 2735 omlssa

136 2751 248 2778 causa
269 2743 474 2778 testamenti
497 2742 705 2795 possideant
725 2743 771 2780 ab
790 2747 959 2780 mtestato
978 2744 1224 2788 hereditatem,

136 2786 237 2823 divus
254 2786 341 2823 Pius
359 2788 525 2833 recripslt
540 2798 656 2834 neque
670 2788 833 2835 improbe
851 2799 966 2835 neque
981 2789 1226 2835 imprudenter

135 2831 318 2868 institutos
337 2832 456 2878 legata
474 2844 642 2869 recusare
662 2834 864 2870 substitutis
884 2834 987 2870 data:
1012 2837 1110 2870 recte
1131 2834 1224 2870 enim

136 2880 306 2914 recusant
334 2877 373 2913 in
403 2888 442 2913 se
474 2878 551 2914 dari
582 2879 779 2924 legatorum
807 2879 932 2916 fideive
956 2879 1225 2916 commissorum

136 2922 342 3002 petitionem
366 2923 578 2967 substituto,
607 2924 664 2959 cui
686 2924 837 2961 liberum
860 2924 929 2960 fuit
954 2925 1100 2961 adeunti
1122 2925 1224 2960 here-

163 2967 284 3003 ‘tatem
323 2978 396 3005 non
433 2968 743 3005 fideicommissum
777 2973 919 3016 petere,
959 2969 1022 3007 sed
1059 2970 1226 3007 universa

138 3014 158 3046 2
204 3012 300 3048 bona
332 3013 502 3059 optinere.
551 3013 588 3050 Si
616 3014 686 3050 duo
711 3015 784 3051 sint
806 3015 956 3052 heredes
978 3015 1166 3052 institutus
1190 3019 1226 3052 et

138 3057 352 3094 substitutus
384 3062 420 3094 et
449 3059 554 3095 ambo
583 3059 715 3096 omissa
739 3071 850 3096 causa
872 3060 1076 3097 testamenti
1100 3060 1146 3097 ab
1169 3061 1224 3096 in·

137 3103 268 3138 testato
299 3103 506 3149 possideant
535 3104 785 3148 hereditatem,
821 3106 1039 3152 quaestionis
1073 3110 1145 3149 est,
1178 3116 1226 3142 an

139 3146 243 3182 ambo
269 3158 310 3183 co
335 3152 443 3185 antur
463 3149 582 3194 legata
604 3154 799 3195 praestare,
829 3155 866 3187 et
888 3155 1009 3187 utrum
1032 3151 1224 3197 unusquis·

139 3200 209 3236 que
240 3201 283 3227 ea
325 3196 427 3239 egata
458 3205 550 3239 quae
578 3205 600 3230 a
623 3205 662 3230 se
684 3196 811 3231 relicta
834 3200 918 3232 sunt
941 3206 987 3232 an
1010 3207 1094 3232 vero
1119 3196 1224 3233 ambo

139 3239 291 3281 utraque
314 3237 431 3283 legata
454 3243 629 3285 cogantur
649 3245 844 3286 praestare.
882 3252 946 3286 ego
970 3245 1058 3287 puto
1083 3242 1121 3277 in
1140 3241 1224 3277 soli-

141 3279 226 3315 dum
245 3281 412 3319 adversus
432 3284 588 3329 singulos
606 3285 805 3330 legatorum
823 3286 1031 3331 petitionem
1051 3286 1224 3323 dandam:

140 3324 204 3378 sed
234 3329 353 3361 utrum
383 3337 505 3364 eorum
536 3340 628 3375 quae
661 3340 684 3365 a
714 3341 753 3367 se
786 3331 907 3376 legata
940 3335 1025 3367 sunt
1059 3342 1106 3368 an
1141 3342 1225 3368 vero

140 3373 248 3422 etiam
278 3380 400 3407 eorum
430 3384 521 3418 quae
552 3375 597 3410 ab
629 3375 741 3411 altero
769 3375 919 3420 herede,
950 3376 1144 3413 videamus.
1191 3380 1228 3413 et

141 3415 230 3451 ahas
253 3425 494 3460 proponamus
517 3419 718 3456 institutum
742 3421 857 3457 solum
880 3421 1064 3467 possidere
1086 3421 1225 3458 heredi-

141 3463 268 3512 tatem:
302 3470 425 3496 eorum
447 3462 655 3508 legatorum,
688 3476 779 3511 quae
803 3470 887 3502 sunt
911 3476 933 3502 a
956 3477 995 3503 se
1017 3467 1153 3510 relicta,
1179 3477 1227 3503 an

142 3508 249 3540 et1am
269 3515 401 3549 eorum,
426 3517 517 3552 quae
536 3512 620 3544 sunt
638 3520 660 3545 a
679 3511 872 3547 substituto
893 3511 1029 3556 relicta.
1049 3512 1227 3548 actionem

142 3623 184 3657 (ι)
210 3619 289 3660 quia
301 3619 363 3654 del.
481 3621 524 3660 (2)
548 3620 764 3665 sufficereque
776 3624 859 3657 Hal.

143 3664 202 3697 ins.
217 3664 269 3697 F²
391 3666 434 3706 (4)
459 3663 619 3698 titiumF

141 3709 268 3741 omissa
279 3719 378 3741 causa
392 3710 583 3742 testamenti
595 3722 659 3744 scr.

995 3625 1037 3664 (3)
1063 3623 1226 3659 bonorum

734 3669 778 3710 (5)
803 3667 930 3702 omisso
943 3669 1143 3702 testamento
1157 3669 1224 3704 F22

751 3713 794 3752 (6)
820 3714 1011 3755 personaF
1102 3715 1146 3757 (7)
1170 3715 1227 3747 he·

1219 87 1303 136 409

2122 90 2392 134 XXVm14

1297 213 1481 294 patietur?
1515 211 1705 249 dicendum
1729 215 1783 248 est
1804 213 1856 249 ita
1880 213 2021 250 demum
2045 213 2152 250 etiam
2176 222 2300 250 eorum
2310 212 2336 256 ⁹,
2360 212 2391 249 si

1322 258 1380 295 olo
1404 258 1590 295 substituti
1611 258 1797 304 perveniat
1819 258 1866 294 ad
1887 259 2072 295 institutos
2103 257 2282 295 hereditas
2314 258 2392 295 sine

1296 304 1470 350 pecunia:
1503 313 1587 340 nam
1618 303 1650 339 si
1670 303 1860 349 pecuniam
1883 304 2024 350 accepit
2046 303 2282 348 substitutus,
2312 303 2391 349 ipse

1297 349 1365 385 erit
1396 347 1671 385 conveniendus.
1718 348 1803 384 item
1833 348 1865 384 si
1895 349 1993 385 solus
2024 349 2241 386 substitutus
2272 348 2389 394 possi·

1297 394 1408 437 deret,
1432 393 1463 430 si
1487 393 1629 440 quidem
1650 393 1805 439 pecunia
1824 397 1974 439 accepta
1994 394 2180 430 institutus
2201 393 2390 437 omisisset,

1297 439 1457 475 dicemus
1480 439 1683 475 institutum
1706 438 1782 474 suis
1804 438 1985 483 legatariis
2009 439 2226 485 respondere
2249 438 2389 482 debere,

1296 484 1531 520 substitutum
1563 483 1656 520 suis:
1693 483 1724 519 si
1754 487 1875 519 autem
1907 484 1983 519 sine
2013 484 2186 529 pecunia,
2218 484 2390 521 adversus

1296 529 1530 565 substitutum
1569 528 1732 565 dabimus
1772 529 1960 564 actionem.
2019 540 2115 565 nunc
2158 540 2240 565 cum
2283 530 2388 566 ambo

1295 573 1523 620 possideant,
1568 574 1694 610 melius
1733 573 1873 609 dicetur
1906 574 2064 619 singulos
2100 574 2174 611 suis
2208 575 2389 621 legatariis

1295 629 1354 655 res
1382 619 1514 655 ondere
1538 618 1679 655 debere.

1374 663 1392 701 1
1420 663 1468 700 IA
1476 673 1649 700 romnus
1676 664 1768 700 libro
1799 674 1838 700 se
1865 664 1950 700 timo
1982 664 2217 710 epistularum
2274 664 2312 701 Si
2342 664 2390 702 ab

1295 709 1460 745 instituto
1494 713 1530 745 et
1561 709 1757 745 substituto
1790 719 1832 745 ea
1858 719 1914 744 em
1943 718 2002 744 res
2035 708 2121 744 mihi
2143 709 2156 744 1
2201 713 2261 745 ata
2284 710 2331 746 sit
2354 714 2391 747 et

1296 754 1428 790 omissa
1452 764 1564 790 causa
1586 754 1791 790 testamenti
1813 754 2047 790 hereditatem
2096 754 2167 790 ossi
2194 759 2278 790 eant
2300 756 2390 801 lege,

1297 799 1436 836 etiamsi
1467 800 1514 836 ab
1546 802 1698 845 utroque
1711 800 1739 821 ¹⁰
1770 799 1920 835 solidum
1951 799 2038 835 mihi
2095 799 2238 843 ebatur,
2270 803 2390 837 tamen

1296 845 1342 881 ab
1379 855 1452 881 uno
1488 845 1644 889 legatum
1679 848 1895 881 consecutus
1930 844 1977 881 ab
2012 844 2126 880 altero
2161 848 2283 891 petere
2316 856 2390 882 non

1295 893 1440 936 potero:
1467 890 1596 935 eligere
1618 889 1742 935 itaque
1764 900 1865 926 reum
1887 893 2025 935 potero.

1345 932 1397 972 12
1428 934 1624 972 ULHANUS
1644 935 1736 971 libro
1757 935 2058 982 quinquaqesimo
2079 934 2130 970 ad
2149 934 2303 972 edictum
2335 935 2392 973 De

1295 980 1523 1017 libertatibus
1555 990 1696 1026 quoque
1728 980 1766 1016 in
1796 980 1867 1017 hoc
1899 990 1988 1033 casu
2012 979 2214 1026 quaesitum
2237 984 2310 1024 est,
2344 991 2391 1017 an

1296 1025 1808 1107 §.zzz‘tffltffitzzffie
1830 1025 1882 1124 ἒξ
1891 1025 2392 1124 ἐῖἒὲἲὲῗὲἓιὲῗιῗῖοῗξθὲἒὲξ

1299 1120 1314 1151 1
1364 1119 1438 1152 tam
1471 1115 1630 1152 directae
1661 1126 1769 1162 quam
1799 1115 2161 1152 fide1comm1ssanae.
2215 1116 2393 1152 Heredem

1297 1161 1621 1243 attriti&
1644 1160 2255 1252 ffiussssniffffleegnssossssminssssiiffi
2275 1161 2394 1243 {³323}

1619 1233 1629 1250 5

1297 1255 1459 1288 constat:
1498 1252 1609 1296 magis
1649 1256 1704 1288 est
1744 1251 1836 1288 enim
1874 1252 1927 1287 rei
1965 1251 2250 1298 persecutionem
2286 1262 2393 1298 quam

1296 1307 1450 1344 poenam
1482 1297 1665 1334 continere
1697 1301 1733 1333 et
1762 1297 1842 1333 ideo
1875 1300 1911 1332 et
1940 1300 2152 1342 perpetuam
2183 1306 2272 1333 esse.
2322 1296 2393 1333 hoc

1296 1346 1416 1378 autem
1439 1342 1491 1378 ita
1514 1346 1588 1386 est,
1612 1343 1682 1378 nisi
1705 1346 1853 1395 propter
1875 1341 1995 1378 dolum
2018 1342 2179 1378 defuncti
2202 1343 2392 1378 convenia-

1295 1391 1356 1424 tur
1385 1387 1507 1424 heres:
1541 1391 1628 1423 tunc
1659 1398 1753 1436 emm
1783 1387 1822 1423 in
1851 1386 1890 1423 id
1921 1387 2019 1433 quod
2049 1387 2097 1423 ad
2128 1397 2209 1424 eum
2232 1388 2394 1434 pervenit

1297 1433 1557 1469 conveniretur.

1344 1475 1395 1516 13
1424 1478 1548 1515 Gmss
1576 1477 1668 1515 libro
1699 1479 1850 1525 septimo
1882 1477 2019 1514 decimo
2052 1477 2103 1514 ad
2129 1477 2284 1514 edietum
2300 1489 2393 1526 pro·

1295 1523 1449 1560 vineiale
1483 1523 1565 1559 Etsi
1583 1533 1657 1559 non
1676 1526 1790 1559 totam
1809 1523 1937 1568 aliquis
1956 1522 2192 1559 hereditatem
2209 1526 2394 1569 partemve

1297 1568 1392 1611 eius,
1422 1579 1467 1603 ex
1491 1579 1563 1613 qua
1585 1568 1689 1604 heres
1712 1568 1899 1604 institutus
1923 1571 1987 1612 est,
2011 1568 2057 1604 ab
2081 1568 2252 1605 intestato
2277 1568 2392 1615 possi-

1297 1613 1391 1656 deat,
1416 1613 1480 1649 sed
1503 1614 1559 1649 vel
1582 1613 1763 1649 minimam
1787 1613 2053 1659 portiunculam
2075 1613 2132 1650 vel
2155 1613 2263 1650 etiam
2283 1624 2393 1650 unam

1296 1658 1346 1694 ali
1370 1669 1455 1695 uam
1477 1668 1564 1701 rem,
1591 1662 1734 1695 tenetur
1756 1658 1827 1694 hoc
1851 1658 1980 1701 edicto,

1372 1702 1397 1741 4
1421 1703 1531 1740 low
1548 1704 1640 1740 libro
1663 1703 1821 1740 seeundo
1845 1703 1891 1740 de
1914 1704 2135 1739 testamentis
2163 1703 2214 1739 ad
2235 1703 2391 1740 edietum

1288 1749 1479 1796 praetoris
1501 1749 1638 1785 urbani
1711 1747 1849 1785 uamvis
1877 1758 1952 1785 non
1973 1748 2119 1794 proprie
2141 1758 2229 1794 pars
2252 1748 2392 1785 heredi-

1295 1794 1383 1831 tatis
1406 1794 1444 1829 in
1467 1804 1541 1830 una
1563 1804 1603 1830 re
1625 1794 1699 1830 inte
1726 1797 1861 1839 egatur.

1346 1838 1396 1877 15
1421 1839 1531 1875 IDEM
1559 1840 1652 1876 libro
1682 1840 1835 1893 septimo
1867 1839 2004 1875 decimo
2035 1837 2086 1874 ad
2115 1837 2270 1875 edietum
2290 1850 2394 1892 pro-

1296 1885 1449 1921 vinciale
1494 1884 1572 1920 Nec
1601 1884 1639 1920 id
1669 1884 1830 1930 imquum
1861 1887 1935 1927 est,
1969 1894 2050 1920 cum
2081 1893 2126 1920 ex
2149 1893 2215 1920 suo
2240 1894 2392 1931 qu1sque

1295 1930 1382 1967 vitio
1406 1930 1477 1966 hoc
1501 1929 1726 1966 incommodo
1751 1929 1951 1966 adficiatur.

1346 1973 1397 2014 16
1421 1975 1529 2011 IDEM
1548 1975 1640 2012 libro
1662 1975 1822 2011 secundo
1846 1974 1891 2011 de
1915 1974 2136 2010 testamentis
2165 1974 2216 2010 ad
2238 1974 2393 2011 edietum

1289 2020 1478 2068 praetoris
1500 2020 1637 2058 urbani
1681 2019 1770 2056 Cum
1793 2020 1887 2056 enim
1909 2019 2090 2056 hereditas
2113 2019 2160 2055 ab
2185 2029 2227 2056 eo
2252 2029 2394 2073 quoque

1295 2066 1371 2112 peti
1384 2066 1516 2119 possit,
1537 2066 1598 2111 qui
1616 2076 1727 2101 unam
1747 2065 1903 2112 aliquam
1917 2075 1993 2101 rem
2011 2064 2228 2101 hereditario
2249 2075 2394 2101 nomme

1321 2111 1490 2165 pssideat,
1516 2111 1672 2147 dubitari
1695 2121 1769 2147 non
1792 2114 1947 2157 oportet,
1972 2110 2058 2157 quin
2081 2120 2204 2147 verum
2227 2110 2275 2146 sit
2295 2110 2393 2157 quod

1295 2123 1457 2193 dumus.

1344 2199 1394 2239 17
1427 2201 1536 2237 IDEM
1562 2202 1655 2238 libro
1683 2202 1836 2249 septimo
1868 2201 2006 2238 decimo
2038 2200 2089 2237 ad
2117 2200 2273 2238 edietum
2300 2212 2393 2254 pro-

1294 2247 1448 2284 vinciale
1505 2246 1543 2282 Si
1578 2246 1658 2292 quis
1695 2247 1827 2283 omissa
1862 2257 1975 2283 causa
2008 2246 2214 2282 testamenti
2246 2256 2390 2282 ommno

1296 2303 1374 2328 eam
1405 2292 1641 2328 hereditatem
1671 2303 1744 2328 non
1776 2292 1959 2338 possideat
2018 2291 2260 2327 excluduntur
2293 2291 2391 2337 lega-

1294 2338 1395 2374 tarii:
1420 2348 1504 2373 nam
1526 2337 1677 2373 liberum
1702 2337 1831 2390 cuique
1857 2347 1935 2373 esse
1958 2319 2065 2373 debet
2085 2337 2192 2373 etiam
2205 2336 2392 2389 ‚lucrosam

1294 2382 1529 2420 hereditatem
1553 2382 1728 2426 omittere,
1752 2383 1836 2419 hcet
1859 2393 1902 2418 eo
1926 2381 2033 2419 modo
2052 2382 2172 2427 legata
2188 2381 2390 2418 hbertates-

1296 2440 1365 2474 que
1395 2427 1625 2464 intercidunt.
1674 2428 1738 2465 sed
1764 2428 1802 2464 in
1825 2427 2159 2464 fideicommissariis
2182 2426 2389 2463 hereditati-

1295 2474 1363 2510 bus
1386 2473 1424 2509 id
1440 2473 1622 2519 provisum
1643 2476 1708 2517 est,
1731 2476 1783 2516 ut,
1809 2473 1840 2509 si
1859 2473 2016 2518 scriptus
2036 2472 2140 2508 heres
2160 2472 2271 2508 nollet
2291 2471 2391 2508 adire

1294 2519 1540 2562 hereditatem,
1563 2518 1665 2555 iussu
1687 2518 1864 2564 praetoris
1888 2518 1996 2554 adeat
2019 2520 2055 2553 et
2077 2517 2264 2553 restituat:
2293 2517 2391 2563 quod

1294 2564 1509 2600 beneficium
1544 2564 1620 2607 his,
1661 2563 1789 2610 quibus
1822 2563 1982 2609 singulae
2016 2572 2074 2615 res
2108 2572 2174 2608 per
2207 2562 2390 2599 fideicom-

1293 2610 1442 2690 {nissum
1464 2609 1612 2645 relictae
1636 2610 1726 2652 sint,
1759 2619 1832 2645 non
1865 2608 1978 2654 magis
2004 2608 2180 2644 tributum
2204 2611 2259 2644 est
2282 2618 2390 2654 quam

1351 2655 1489 2690 atax-iis.
2445 2663 2447 2666 ·

1308 2665 1394 2738 eg18
1418 2699 1528 2736 IDEM
1546 2699 1638 2736 libro
1660 2698 1819 2736 secundo
1843 2698 1888 2735 de
1911 2698 2132 2734 testamentis
2162 2697 2214 2734 ad
2234 2697 2390 2735 edietum

1288 2745 1477 2792 praetoris
1514 2745 1650 2781 urbani
1713 2743 1752 2780 Si
1791 2743 1861 2780 duo
1899 2743 2048 2780 heredes
2087 2742 2243 2779 instituti
2283 2743 2389 2780 ambo

1294 2790 1428 2826 omissa.
1451 2800 1563 2826 causa
1581 2789 1786 2826 testamenti
1804 2790 1851 2825 ab
1869 2788 2039 2825 intestato
2058 2788 2268 2834 possideant
2285 2788 2389 2824 here-

1294 2835 1461 2878 ditatem,
1493 2838 1600 2878 tunc,
1632 2835 1717 2888 quia
1745 2837 1895 2881 uterque
1925 2834 2105 2880 praetorio
2136 2833 2215 2870 iure
2240 2833 2389 2880 perinde

1293 2880 1448 2916 habetur
1478 2883 1588 2926 atque
1620 2890 1651 2916 si
1678 2890 1723 2916 ex
1746 2883 1960 2916 testamento
1984 2879 2219 2916 hereditatem
2242 2878 2387 2922 adisset,

1297 2929 1311 2961 1
1362 2936 1429 2971 pro
1459 2924 1624 2970 partibus
1655 2925 1694 2960 in
1725 2924 1881 2971 singulos
1906 2925 2078 2971 competit
2101 2924 2206 2961 actio.
2253 2925 2387 2960 Admo-

1294 2970 1402 3007 nendi
1425 2980 1547 3006 sumus
1570 2970 1667 3014 huic,
1690 2970 1730 3006 in
1753 2980 1858 3016 quem
1882 2980 1925 3006 ex
1947 2970 2017 3006 hac
2032 2974 2143 3023 parte
2163 2969 2271 3006 edicti
2289 2969 2385 3015 lega·

1294 3020 1432 3096 ιοιίὶιιιιι(1
1443 3015 1537 3050 actio
1570 3014 1698 3059 datur,
1730 3015 1944 3052 beneficium
1973 3015 2061 3061 legis
2084 3014 2268 3051 Falcidiae
2300 3025 2387 3051 con·

1296 3072 1336 3098 ce
1364 3071 1407 3096 en
1433 3071 1503 3095 um.

1344 3103 1394 3143 19
1423 3105 1532 3141 low
1558 3105 1650 3142 libro
1682 3106 1835 3153 septimo
1866 3106 2004 3143 decimo
2036 3106 2087 3142 ad
2114 3106 2269 3142 edictum
2293 3115 2386 3151 pro·

1294 3151 1449 3187 vinciale
1502 3150 1695 3187 Praeterea
1727 3154 1881 3197 patrono
1894 3152 1922 3174 ¹¹
1957 3162 2100 3197 quoque
2135 3151 2195 3197 qui
2230 3160 2274 3186 ex
2304 3158 2387 3185 asse

1294 3197 1396 3232 heres
1427 3196 1612 3232 institutus
1644 3199 1698 3232 est
1729 3196 1760 3232 si
1790 3197 1837 3232 ab
1867 3197 2036 3233 intestato
2062 3195 2261 3242 possederit
2283 3194 2385 3230 here·

1296 3241 1461 3284 ditatem,
1494 3240 1719 3277 commodum
1742 3241 1857 3287 partis
1880 3241 2040 3285 debitae,
2074 3241 2169 3287 quod
2195 3239 2384 3275 habiturus

1294 3286 1419 3366 forgti)
1439 3286 1470 3322 si
1501 3296 1545 3321 ex
1567 3289 1781 3323 testamento
1806 3287 1941 3323 adisset
1962 3287 2215 3327 hereditatem,
2247 3284 2385 3320 salvum

1317 3331 1326 3340 ‘
1377 3341 1395 3366 e
1422 3334 1458 3366 et
1482 3341 1501 3366 e
1521 3341 1569 3366 se.

1296 3342 1328 3368 el
1341 3374 1394 3414 20
1420 3341 1616 3412 &1024st
1629 3376 1722 3413 libro
1739 3380 1871 3425 quarto
1887 3377 2171 3423 disputationum
2204 3373 2242 3409 Si
2257 3373 2384 3426 eadem

1295 3431 1351 3456 res
1377 3421 1523 3456 diversis
1546 3421 1709 3467 personis
1740 3422 1785 3458 ab
1809 3422 1973 3458 instituto
1998 3425 2033 3456 et
2057 3419 2250 3456 substituto
2274 3418 2384 3470 fuerit

1294 3467 1440 3509 relicta,
1476 3476 1550 3502 non
1579 3469 1748 3513 uterque,
1784 3467 1848 3503 sed
1879 3467 1940 3512 qui
1970 3467 2016 3501 ab
2047 3465 2211 3500 instituto
2242 3465 2384 3508 accepit

1296 3511 1393 3547 solus
1415 3511 1620 3548 vindicabit.

1296 3624 1415 3657 rediF
1478 3627 1525 3667 (8)
1549 3628 1583 3659 et
1595 3627 1676 3667 tam]
1690 3625 1836 3659 etiamF
1901 3625 1945 3665 (9)
1970 3623 2088 3655 horum
2100 3634 2162 3655 scr.
2238 3622 2297 3662 (ιο)
2323 3620 2384 3653 he·

1296 3670 1372 3702 rede
1386 3671 1446 3703 ins.
1460 3671 1494 3703 F
1498 3670 1515 3691 ²
1607 3672 1662 3711 (11)
1687 3673 1849 3714 patronus
1861 3682 1924 3702 scr.

2065 3769 2108 3802 52
