2528 3918
139 136 203 167 DE
231 137 410 168 DUPLAE
441 136 764 169 STIPULATIONE

145 247 343 284 vendideris
373 251 411 283 et
433 247 547 283 Titius
572 247 688 293 capite
712 246 912 283 deminutus
943 246 1051 282 fuerit
1083 251 1118 283 et
1151 251 1231 293 aget

147 293 262 328 Titius
285 293 342 329 ius
365 293 434 328 sibi
457 302 536 329 esse
555 292 679 327 utendi
698 292 850 334 fruendi,
877 292 1045 337 competit
1064 293 1148 328 mihi
1168 292 1229 328 ad-

145 348 268 374 versus
291 341 328 374 te
351 348 396 373 ex
418 337 646 383 stipulatione
678 337 722 372 de
753 337 925 372 evictione
955 337 1067 372 actio:
1101 338 1231 389 quippe

145 383 177 419 si
209 393 332 418 verum
366 386 461 424 erat,
497 381 592 434 quod
605 383 615 403 ¹
647 382 732 416 mihi
766 381 915 417 dixisses
945 381 983 416 in
1017 382 1229 424 venditione,

145 431 243 464 recte
266 437 431 472 negarem
454 426 548 461 Titio
571 426 627 462 ius
651 437 729 462 esse
752 426 875 461 utendi
896 426 1049 461 fruendi.

192 469 244 510 63
268 471 523 507 ΜουΕεΤιΝσε
539 471 628 507 libro
649 473 773 517 quinto
793 482 1048 518 responsorum
1093 471 1229 507 Heren-

145 517 226 553 nius
238 516 461 552 Modestinus
472 516 655 561 respondit
667 527 739 551 non
752 516 879 551 obesse
898 525 944 551 ex
963 519 1080 561 empto
1101 516 1230 561 agenti,

145 561 241 607 quod
272 561 491 597 denuntiatio
515 571 580 606 pro
605 561 777 597 evictione
799 561 1009 606 interposita
1031 571 1103 596 non
1126 565 1229 603 esset,

149 611 162 641 1
212 606 243 642 si
276 609 357 642 acto
366 606 553 641 eiremissa
562 610 655 641 esset
663 605 896 641 denuntiandi
908 606 1114 641 necessitas.
1141 605 1232 641 Gaia

145 651 227 687 Seia
258 651 393 687 undum
412 661 435 686 a
453 650 566 686 Lucio
579 651 673 686 Titio
697 655 831 686 emerat
849 654 886 686 et
905 651 1114 696 quaestione
1134 654 1232 686 mota

145 696 223 732 fisci
253 696 393 732 nomine
417 699 599 731 auctorem
622 696 830 730 laudaverat
853 699 889 731 et
912 695 1084 731 evictione
1107 699 1231 731 secuta

143 741 276 777 fundus
288 741 430 776 ablatus
444 744 478 776 et
496 741 584 776 fisco
606 740 830 776 adiudicatus
851 744 906 776 est
923 740 1105 776 venditore
1126 751 1229 786 prae-

144 791 263 822 sente:
288 788 488 832 quaeritur,
514 797 594 821 cum
618 786 769 838 emptrix
791 796 864 821 non
886 789 1158 830 provocaverat,
1184 795 1230 820 an

145 831 360 867 venditorem
382 831 513 876 poterit
538 841 734 866 convemre.
780 830 980 866 Herennius
1004 830 1228 866 Modestinus

143 876 345 921 respondit,
377 876 468 918 sive,
502 876 597 921 quod
626 875 762 911 alienus
793 875 862 910 fuit
895 886 976 910 cum
999 875 1135 911 veniret
1157 875 1230 911 sive

144 920 241 966 quod
262 925 350 956 tunc
373 921 570 965 obligatus,
603 921 737 956 evictus
762 925 835 963 est,
859 921 946 955 nihil
969 921 1139 966 proponi,
1166 931 1230 955 cur

145 966 305 1011 emptrici
346 966 516 1001 adversus
550 965 770 1001 venditorem
803 965 896 1001 aetio
931 976 1004 1000 non
1039 969 1227 1010 competat.

143 1014 163 1046 2
210 1011 411 1046 Herennius
442 1011 664 1047 Modestinus
696 1011 895 1056 respondit:
937 1011 967 1046 si
997 1014 1135 1055 emptor
1164 1021 1228 1056 ap-

142 1056 287 1101 pellavit
310 1059 347 1091 et
369 1057 500 1092 bonam
524 1066 670 1091 causam
691 1056 775 1092 vitio
800 1066 864 1091 suo
886 1066 930 1090 ex
949 1055 1229 1101 praescriptione

141 1101 306 1146 perdidit,
331 1101 378 1136 ad
401 1105 583 1137 auctorem
605 1101 734 1136 reverti
756 1111 830 1136 non
851 1104 981 1146 potest.

189 1144 243 1183 64
279 1145 527 1182 PAPJNJANUS
565 1146 656 1182 libro
691 1147 842 1192 septimo
876 1146 1126 1191 quaestionum
1171 1145 1229 1180 Ex

142 1191 236 1226 mille
265 1190 446 1236 iugeribus
478 1191 618 1226 traditis
650 1191 804 1226 ducenta
832 1190 965 1225 flumen
996 1190 1154 1226 abstulit.
1199 1190 1228 1225 si

141 1240 269 1281 postea
290 1246 356 1282 pro
380 1236 530 1271 indiviso
554 1236 710 1271 ducenta
742 1236 968 1278 evincantur,
1002 1235 1132 1280 duplae
1164 1235 1227 1271 sti-

141 1281 276 1326 pulatio
299 1292 365 1326 pro
396 1284 499 1327 parte
531 1281 673 1326 quinta,
705 1291 778 1316 non
808 1285 936 1326 quarta
966 1280 1226 1326 praestabitur:

140 1337 224 1361 nam
248 1326 343 1371 quod
365 1327 474 1371 perit,
501 1326 668 1360 damnum
692 1337 746 1361 em
772 1326 853 1368 tori,
878 1336 950 1361 non
973 1325 1149 1361 venditori
1172 1329 1226 1360 at-

140 1371 232 1406 tulit.
278 1370 309 1406 si
331 1374 428 1406 totus
452 1371 584 1406 fundus
609 1381 713 1415 quem
762 1381 867 1406 umen
891 1371 1111 1406 deminuerat
1135 1370 1226 1406 evic-

140 1421 199 1452 tus
221 1416 279 1459 sit,
302 1415 380 1451 iure
403 1426 476 1451 non
499 1416 721 1451 deminuatur
744 1416 926 1451 evictionis
950 1415 1131 1460 obligatio,
1156 1426 1227 1450 non

139 1461 251 1506 magis
286 1471 393 1506 quam
429 1461 460 1496 si
490 1461 630 1496 incuria
659 1460 792 1496 fundus
823 1465 888 1495 aut
918 1471 1042 1496 servus
1074 1460 1226 1495 traditus

140 1506 294 1541 deterior
324 1506 443 1541 factus
475 1506 538 1541 sit:
571 1516 654 1541 nam
686 1509 722 1541 et
753 1516 772 1541 e
805 1506 982 1541 contrario
1015 1516 1086 1541 non
1119 1516 1225 1550 auge-

140 1555 199 1586 tur
221 1551 402 1596 quantitas
434 1551 634 1593 evictionis,
668 1551 699 1586 si
721 1561 778 1586 res
802 1551 925 1587 melior
947 1551 1056 1586 fuerit
1088 1550 1224 1586 effecta.

144 1599 157 1630 1
207 1595 311 1640 Quod
334 1596 365 1631 si
395 1596 498 1631 modo
529 1599 647 1631 terrae
675 1596 811 1640 integro
844 1596 905 1640 qui
934 1595 1053 1631 fuerat
1075 1595 1226 1631 traditus

140 1641 295 1676 ducenta
317 1641 440 1686 iugera
462 1651 527 1686 per
549 1641 761 1676 alluvionem
785 1645 1014 1676 accesserunt
1037 1651 1080 1677 ac
1099 1644 1227 1686 postea

139 1695 204 1731 pro
235 1685 385 1721 indiviso
419 1696 504 1731 pars
540 1686 664 1731 quinta
693 1686 805 1721 totius
838 1686 951 1721 evicta
981 1686 1045 1728 sit,
1080 1685 1227 1732 perinde

137 1741 222 1811 Sars
257 1731 380 1776 quinta
414 1731 672 1776 praestabitur,
716 1741 760 1766 ac
804 1731 835 1766 si
877 1731 956 1766 sola
993 1731 1149 1766 ducenta
1183 1731 1226 1766 de

164 1786 184 1811 e
216 1775 285 1811 illis
321 1776 415 1811 mille
448 1776 630 1821 iugeribus
663 1786 755 1821 quae
789 1775 923 1811 tradita
958 1780 1042 1812 sunt
1073 1775 1226 1811 fuissent

138 1820 270 1863 evicta,
302 1821 386 1866 quia
417 1821 602 1856 alluvionis
633 1821 831 1866 periculum
862 1831 934 1856 non
957 1824 1118 1866 praestat
1140 1831 1224 1856 ven-

138 1868 158 1901 2
206 1865 310 1901 ditor.
360 1865 566 1910 Quaesitum
596 1870 668 1908 est,
700 1867 731 1901 si
762 1866 857 1902 mille
879 1866 1060 1911 iugeribus
1083 1865 1224 1901 traditis

137 1910 314 1990 serissent
332 1910 497 1953 ducenta,
517 1922 601 1946 mox
619 1911 747 1946 alluvio
768 1921 832 1956 per
852 1911 959 1946 aliam
972 1915 1111 1956 partem
1122 1911 1226 1946 fundi

161 1959 291 1991 ucenta
315 1956 492 1991 attulisset
515 1966 558 1991 ac
581 1960 707 2001 postea
728 1967 794 2001 pro
817 1956 967 1991 indiviso
992 1956 1117 2001 quinta
1138 1966 1224 2002 pars

138 2001 254 2037 evicta
288 2004 400 2036 esset:
432 2011 497 2046 pro
530 2011 602 2047 qua
632 2005 736 2046 parte
766 2005 894 2037 auctor
923 2004 1113 2036 teneretur.
1151 2000 1226 2036 dixi

138 2055 359 2098 consequens
384 2056 461 2081 esse
484 2046 743 2091 superioribus,
777 2050 817 2081 ut
849 2056 964 2091 neque
992 2056 1077 2098 pars
1102 2046 1226 2099 quinta

136 2090 231 2125 mille
261 2100 421 2136 lugerum
444 2101 558 2135 neque
582 2093 733 2136 quarta²
756 2091 930 2126 debeatur
953 2092 1136 2126 evlctioms
1160 2102 1223 2126 no-

136 2135 248 2178 mine,
282 2135 345 2171 sed
367 2136 514 2181 perinde
536 2140 702 2171 teneatur
725 2139 870 2179 auctor,
905 2146 948 2171 ac
980 2136 1011 2171 si
1042 2136 1085 2171 de
1109 2136 1223 2171 octin-

135 2180 250 2226 gentis
281 2180 349 2215 illis
381 2181 531 2215 residuis
562 2181 640 2216 sola
675 2184 818 2216 centum
853 2181 1038 2226 sexaginta
1070 2180 1224 2216 fuissent

137 2225 269 2260 evicta:
294 2235 377 2260 nam
395 2226 532 2271 reliqua
551 2226 796 2271 quadraginta,
816 2237 908 2271 quae
926 2226 1091 2262 universo
1111 2226 1223 2261 fundo

136 2270 382 2313 decesserunt,
415 2281 481 2315 pro
510 2274 592 2306 rata
619 2281 733 2306 novae
762 2271 914 2316 regionis
947 2281 1026 2307 esse
1056 2271 1221 2316 intellegi.

136 2318 156 2350 3
205 2314 368 2350 Ceterum
402 2326 483 2351 cum
513 2326 579 2361 pro
611 2315 722 2351 diviso
746 2326 832 2361 pars
856 2317 976 2361 aliqua
998 2316 1102 2351 fundi
1126 2316 1222 2351 evin-

136 2360 247 2403 citur,
279 2361 422 2395 tametsi
454 2365 572 2396 certus
603 2371 772 2396 numerus
802 2361 962 2406 iugerum
986 2361 1141 2396 traditus
1166 2361 1222 2403 sit,

136 2408 258 2440 tamen
276 2416 348 2440 non
371 2416 436 2450 pro
459 2405 576 2448 modo,
601 2405 664 2441 sed
683 2417 748 2451 pro
768 2406 929 2441 bonitate
947 2406 1099 2451 regionis
1119 2416 1222 2451 prae-

135 2453 156 2484 4
203 2453 320 2485 statur
343 2450 479 2486 evictio.
561 2451 596 2485 ui
628 2462 739 2486 unum
768 2451 928 2496 iugerum
958 2461 1023 2496 pro
1047 2451 1223 2486 indiviso³

134 2494 251 2530 solum
274 2495 416 2537 habuit,
440 2495 534 2530 tradi
562 2496 605 2538 't‚
630 2495 826 2531 secundum
850 2497 1005 2532 omnium
1028 2496 1223 2531 sententias

135 2550 208 2574 non
231 2543 344 2576 totum
368 2540 560 2575 dominium
582 2541 774 2584 transtulit,
800 2541 863 2576 sed
885 2545 1024 2586 partem
1044 2540 1222 2575 dimidiam

134 2584 266 2628 iugeri,
298 2585 592 2630 quemadmodum
624 2586 654 2621 si
684 2586 802 2621 locum
826 2590 963 2621 certum
986 2589 1050 2620 aut
1072 2585 1222 2620 fundum

136 2629 295 2666 similiter
317 2630 533 2666 tradidisset.

182 2671 234 2711 65
259 2674 366 2710 IDEM
393 2675 483 2711 libro
518 2679 642 2711 octavo
667 2677 915 2721 quaestionum
962 2675 1052 2710 Rem
1082 2675 1221 2711 heredi-

134 2719 262 2755 tariam
284 2719 423 2764 pignori
442 2720 631 2764 obligatam
651 2721 797 2756 heredes
817 2721 1052 2756 vendiderunt
1072 2724 1108 2755 et
1130 2721 1220 2755 evic-

135 2764 241 2799 tionis
265 2764 407 2800 nomine
426 2775 491 2810 pro
511 2766 672 2810 partibus
691 2766 913 2801 hereditariis
934 2765 1221 2810 spoponderunt:

137 2819 218 2843 cum
241 2809 331 2845 alter
353 2809 480 2854 pignus
503 2821 568 2855 pro
593 2814 695 2855 parte
719 2821 785 2846 sua
808 2811 1012 2853 liberasset,
1046 2821 1120 2845 rem
1145 2821 1220 2845 cre-

136 2853 230 2889 ditor
260 2854 381 2890 evicit:
415 2855 652 2900 quaerebatur
684 2866 731 2890 an
762 2862 910 2901 uterque
941 2855 1111 2890 heredum
1136 2866 1220 2890 con-

134 2899 247 2934 veniri
276 2899 415 2944 possit?
449 2900 556 2945 idque
578 2900 745 2945 placebat
765 2905 914 2946 propter
935 2900 1121 2935 indivisam
1145 2900 1220 2944 pig-

136 2944 232 2979 noris
257 2954 413 2979 causam.
450 2955 516 2980 nec
539 2945 693 2981 remedio
717 2946 818 2981 locus
842 2956 920 2981 esse
942 2946 1148 2986 videbatur,
1181 2947 1222 2979 ut

162 2998 200 3023 er
231 2989 303 3024 doli
335 2989 578 3035 exceptionem
609 2991 768 3026 actiones
793 2991 825 3026 ei
848 2991 909 3036 qui
931 2990 1119 3036 pecuniam
1144 3000 1219 3024 cre-

162 3033 243 3069 'tori
278 3033 375 3069 dedit
408 3038 694 3080 praestarentur,
730 3035 814 3081 quia
845 3046 917 3071 non
949 3035 1017 3070 duo
1050 3035 1102 3069 rei
1132 3033 1221 3068 facti

135 3082 429 3124 proponerentur.
466 3080 529 3115 sed
551 3079 706 3115 familiae
731 3080 961 3116 erciscundae
985 3079 1154 3114 iudicium
1178 3089 1218 3113 eo

135 3123 278 3158 nomine
299 3124 386 3159 utile
411 3128 481 3160 est:
506 3134 589 3160 nam
613 3125 720 3170 quid⁴
742 3126 909 3167 interest,
934 3135 1026 3159 unus
1052 3134 1095 3159 ex
1118 3124 1218 3158 here-

137 3167 240 3203 dibus
270 3169 308 3203 in
339 3173 453 3204 totum
483 3169 686 3205 liberaverit
714 3171 840 3215 pignus
872 3181 918 3205 an
949 3180 1031 3204 vero
1064 3179 1129 3213 pro
1154 3178 1220 3202 sua

137 3211 322 3248 dumtaxat
344 3214 532 3258 portione?
568 3226 647 3250 cum
672 3215 853 3250 coheredis
878 3215 1096 3258 neglegentia
1121 3213 1218 3247 dam-

138 3267 227 3294 nosa
249 3268 322 3293 non
347 3258 452 3294 debet
476 3270 554 3295 esse
578 3260 689 3295 alteri.

182 3298 236 3339 66
268 3302 375 3337 IDEM
401 3304 491 3340 libro
524 3306 687 3340 vicesimo
720 3309 844 3340 octavo
877 3304 1124 3349 quaestionum
1171 3302 1218 3343 Si,

137 3356 218 3381 cum
240 3347 403 3383 venditor
434 3349 675 3384 admonuisset
704 3353 914 3394 emptorem,
947 3352 988 3382 ut
1010 3344 1219 3382 Publiciana

135 3391 255 3435 potius
277 3391 333 3426 vel
356 3403 398 3427 ea
422 3394 562 3429 actione
585 3404 676 3439 quae
700 3394 743 3428 de
766 3393 878 3428 fundo
902 3392 1063 3436 vectigali
1087 3402 1217 3436 propo-

136 3435 206 3471 sita
238 3439 292 3470 est
326 3438 562 3480 experiretur,
607 3443 744 3483 emptor
784 3438 821 3472 id
855 3438 974 3472 facere
1009 3435 1216 3480 supersedit,

135 3480 338 3516 omnimodo
362 3482 505 3517 nocebit
529 3483 560 3517 ei
584 3483 685 3518 dolus
710 3493 797 3517 suus
817 3493 883 3517 nec
905 3481 1134 3517 committitur
1155 3480 1216 3514 sti-

160 3525 283 3560 ulatio.
320 3536 392 3560 non
414 3526 506 3561 idem
529 3527 566 3562 in
590 3527 759 3562 Serviana
791 3537 931 3571 quoque
962 3525 1103 3560 actione
1159 3535 1216 3558 ro-

161 3570 215 3605 ari
237 3573 372 3615 potest:
397 3570 486 3606 haec
510 3572 601 3607 enim
626 3572 692 3607 etsi
715 3572 752 3606 in
777 3582 852 3606 rem
876 3571 969 3605 actio
995 3574 1060 3611 est,
1086 3580 1134 3604 nu
1160 3579 1217 3603 am

1211 109 1294 170 283

2213 135 2316 176 XXI
2347 138 2373 177 2

1299 251 1418 283 tamen
1450 249 1710 294 possessionem
1735 255 1861 287 avocat
1884 255 1919 288 et
1942 253 2058 289 soluta
2081 254 2230 299 pecunia
2252 255 2370 291 vendi-

1298 293 1368 328 tori
1392 292 1610 329 dissolvitur:
1636 294 1729 330 unde
1752 295 1803 337 fit,
1827 300 1867 331 ut
1890 307 1944 333 em
1969 299 2038 334 tori
2057 309 2120 334 suo
2141 300 2280 335 nomine
2302 311 2373 336 non

1302 341 1315 372 1
1368 342 1555 383 competat.
1604 338 1642 373 Si
1664 339 1695 374 is
1719 341 1777 384 qui
1799 342 1851 375 rei
1874 343 1944 386 pub
1962 343 2035 378 ‘cae
2055 354 2164 380 causa
2183 344 2274 380 afuit
2291 345 2371 380 fun-

1299 382 1382 435 dum
1414 387 1530 435 petat,
1564 384 1660 435 utilis
1693 387 1888 428 possessori
1917 398 1980 432 pro
2012 389 2183 424 evictione
2206 390 2373 435 competit

1299 431 1405 462 actlo.
1440 431 1525 463 item
1548 438 1579 463 si
1603 429 1762 472 privatus
1786 440 1807 464 a
1829 431 1936 467 milite
1959 437 2073 477 petat,
2107 434 2228 469 eadem
2252 435 2371 479 aequi-

1298 475 1355 507 tas
1390 476 1444 507 est
1477 473 1629 518 emptori
1659 474 1898 510 restituendae
1929 487 1992 521 pro
2018 479 2186 514 evictione
2211 480 2369 515 actionis.

1301 520 1319 550 2
1368 516 1406 551 Si
1437 517 1615 553 secundus
1640 522 1776 563 emptor
1798 520 2012 556 venditorem
2037 523 2253 568 eundemque
2276 534 2371 569 emp-

1299 566 1412 597 torem
1435 562 1482 597 ad
1504 563 1602 598 litem
1624 563 1776 598 hominis
1801 564 1934 600 dederit
1957 572 2219 610 procuratorem
2243 572 2278 604 et
2301 579 2372 604 non

1298 606 1461 642 restituto
1488 618 1529 642 eo
1555 607 1735 642 damnatio
1758 607 1865 643 fuerit
1889 614 2028 653 secuta,
2060 613 2303 658 quodcumque
2328 624 2372 649 ex

1300 661 1411 686 causa
1432 652 1580 687 iudicati
1603 653 1820 697 praestiterit
1838 659 2048 698 procurator
2067 661 2107 691 ut
2124 658 2160 692 in
2180 669 2253 693 rem
2273 668 2373 693 suam

1300 695 1404 731 datus
1420 698 1451 739 ⁵,
1477 707 1522 732 ex
1546 697 1718 750 stipulatu
1743 699 1910 743 consequi
1933 710 2004 735 non
2026 702 2171 745 poterit:
2205 703 2266 737 sed
2291 704 2374 747 quia

1300 740 1468 792 damnum
1500 742 1682 778 evictlonis
1714 743 1760 777 ad
1791 753 1980 787 personam
2003 746 2170 790 pertinuit
2193 748 2371 792 emptoris,

1299 796 1360 830 qui
1383 786 1541 822 mandati
1573 787 1704 822 iudicio
1737 788 1824 822 nihil
1855 793 2084 834 percepturus
2116 796 2185 833 est,
2219 803 2289 827 non
2320 793 2373 827 in·

1298 831 1432 866 utiliter
1467 831 1512 866 ad
1540 832 1811 911 ‘percipiendam
1841 833 1911 868 litis
1943 835 2219 871 aestimationem
2252 841 2374 881 agetur

1300 878 1319 910 3
1367 885 1410 910 ex
1446 876 1598 911 vendlto.
1682 877 1827 912 ivisione
1861 878 1954 913 inter
1991 880 2178 915 coheredes
2212 881 2310 916 facta
2345 882 2375 916 si

1322 925 1510 956 rocurator
1540 921 1698 957 absentis
1727 922 1889 957 interfuit
1920 927 1955 958 et
1986 924 2146 959 dominus
2176 930 2288 960 ratam
2311 927 2374 960 ha-

1323 965 1386 1007 uit,
1412 966 1532 1001 evictis
1556 966 1710 1011 praediis
1732 967 1770 1002 in
1794 967 1974 1003 dominum
1994 970 2087 1004 actio
2109 970 2260 1012 dabitur,
2285 981 2375 1015 quae

1299 1009 1445 1063 daretur
1457 1011 1494 1046 in
1507 1022 1586 1046 eum
1599 1011 1660 1056 qui
1679 1013 1859 1057 negotium
1879 1014 2035 1049 absentis
2055 1015 2173 1059 gessit,
2194 1019 2234 1049 ut
2254 1015 2377 1060 quanti

1298 1065 1365 1090 sua
1386 1060 1536 1091 interest
1567 1061 1668 1091 actor
1700 1061 1957 1102 consequatur,
1991 1059 2126 1094 scilicet
2155 1062 2196 1093 ut
2224 1060 2376 1095 melioris

1298 1103 1361 1135 aut
1385 1100 1569 1137 deterioris
1594 1102 1669 1146 agri
1687 1101 1775 1137 facti
1795 1104 1927 1138 causa⁶
1947 1103 2052 1139 finem
2072 1104 2186 1148 pretii,
2211 1115 2280 1149 quo
2300 1104 2376 1139 fue·-

1296 1148 1363 1224 rat1
1376 1148 1536 1191 tempore
1560 1146 1739 1182 divisionis
1763 1148 1989 1191 aestimatus,
2024 1149 2202 1183 deminuat
2232 1149 2287 1184 vel
2318 1159 2377 1184 ex-

1299 1201 1339 1225 ce
1366 1195 1410 1225 at.

1342 1233 1395 1272 67
1420 1235 1527 1270 IDEM
1546 1236 1636 1272 libro
1660 1236 1795 1273 decimo
1815 1249 2069 1284 responsorum
2115 1238 2183 1272 Em
2210 1238 2279 1273 tori
2298 1241 2379 1283 post

1298 1280 1506 1316 evictionem
1531 1281 1622 1316 servi
1642 1292 1745 1326 quem
1765 1282 1926 1318 dominus
1946 1283 2094 1318 abduxit
2111 1250 2271 1318 venditor
2291 1294 2376 1317 eun-

1298 1325 1378 1361 dem
1401 1336 1540 1361 servum
1563 1330 1646 1371 post
1668 1331 1809 1372 tempus
1834 1328 2025 1370 offerendo,
2050 1338 2120 1373 quo
2141 1328 2255 1362 minus
2275 1338 2377 1372 prae—

1297 1374 1368 1406 stet
1392 1371 1487 1415 quod
1512 1381 1565 1406 em
1591 1372 1678 1406 toris
1702 1372 1859 1415 interest,
1885 1383 1956 1408 non
1979 1377 2076 1408 recte
2100 1372 2310 1407 defenditur.

1342 1413 1394 1453 68
1430 1415 1540 1451 IDEM
1583 1416 1661 1451 ibro
1696 1417 1883 1453 undecimo
1917 1428 2171 1464 responsorum
2219 1417 2305 1452 Cum
2338 1427 2376 1457 ea
2424 1434 2428 1436 -

1297 1461 1504 1496 condicione
1527 1461 1654 1506 pignus
1679 1461 1904 1505 distrahitur,
1937 1473 1982 1498 ne
2013 1462 2098 1507 quid
2128 1462 2300 1497 evictione
2324 1472 2378 1498 se—

1296 1510 1380 1540 cuta
1405 1506 1560 1541 creditor
1583 1510 1759 1551 praestet:
1785 1508 1944 1552 quamvis
1967 1508 2119 1552 pretium
2144 1511 2280 1551 emptor
2303 1518 2376 1542 non

1297 1551 1460 1594 solverit,
1493 1551 1556 1586 sed
1579 1551 1752 1587 venditori
1777 1553 1926 1594 caverit,
1960 1553 2131 1587 evictione
2155 1555 2278 1587 secuta-
2301 1552 2378 1587 nul-

1292 1595 1365 1630 lam
1389 1599 1527 1640 emptor
1550 1597 1793 1648 exceptionem
1817 1597 1971 1639 habebit,
1997 1608 2066 1642 quo
2090 1597 2205 1632 minus
2226 1597 2378 1641 pretium

1298 1644 1312 1675 1
1364 1641 1488 1676 solvat.
1538 1641 1718 1684 creditor,
1751 1643 1812 1687 qui
1842 1653 1906 1687 pro
1938 1643 2091 1687 pecunia
2121 1651 2250 1676 nomen
2281 1641 2377 1676 debi-

1293 1686 1381 1721 toris
1405 1696 1470 1731 per
1494 1685 1748 1730 delegationem
1772 1687 1895 1732 sequi⁷
1919 1687 2053 1728 maluit,
2079 1686 2200 1721 evictis
2224 1686 2377 1731 pignori-

1294 1731 1361 1766 bus
1386 1741 1478 1776 quae
1496 1731 1594 1775 prior
1614 1731 1768 1767 creditor
1787 1732 1927 1777 accepit
1946 1732 2078 1767 nullam
2100 1731 2275 1766 actionem
2299 1742 2376 1766 cum

1296 1786 1336 1811 eo
1386 1776 1423 1811 ui
1446 1776 1619 1811 liberatus
1644 1780 1699 1811 est
1721 1777 1881 1813 habebit.

1341 1786 1393 1859 διὸ
1418 1820 1622 1856 SOAEVOLA
1632 1821 1722 1856 libro
1733 1822 1889 1857 secundo
1926 1821 2147 1855 uaestionum
2194 1820 2261 1864 Qui
2273 1820 2376 1855 liber-

1293 1866 1379 1901 tatis
1413 1875 1558 1901 causam
1590 1866 1729 1911 excepit
1758 1866 1796 1901 in
1828 1876 1894 1901 ven
1922 1866 2047 1907 'tione,
2083 1865 2156 1900 sive
2189 1865 2260 1900 iam
2290 1869 2379 1900 tunc

1295 1922 1378 1946 cum
1411 1911 1613 1945 traderetur
1642 1911 1731 1945 liber
1761 1911 1865 1946 homo
1899 1911 2026 1952 fuerit,
2063 1910 2135 1944 sive
2170 1910 2381 1945 condicione

1294 1967 1387 2001 quae
1417 1959 1631 1990 testamento
1663 1956 1847 2001 proposita
1878 1956 1986 1991 fuerit
2016 1955 2160 1999 impleta
2191 1955 2238 1989 ad
2271 1955 2375 1989 liber-

1294 2005 1404 2036 tatem
1435 2001 1653 2046 pervenerit,
1690 2011 1761 2036 non
1795 2001 1974 2036 tenebitur
2007 1999 2188 2035 evictionis
2224 2000 2375 2034 nomine.

1296 2049 1311 2081 1
1361 2046 1429 2090 Qui
1453 2049 1572 2080 autem
1594 2046 1631 2079 in
1654 2045 1827 2081 tradendo
1852 2045 2099 2081 statuliberum
2124 2044 2218 2086 dicit,
2242 2044 2378 2079 intelle-

1292 2094 1395 2136 getur
1414 2092 1508 2125 hanc
1526 2090 1683 2134 speciem
1703 2090 1890 2125 dumtaxat
1908 2089 2081 2125 libertatis
2095 2089 2267 2134 excipere,
2287 2099 2380 2134 quae

1293 2146 1337 2171 ex
1367 2139 1580 2171 testamento
1613 2135 1660 2169 im
1686 2135 1758 2170 leta
1782 2136 1991 2171 condicione
2014 2144 2057 2169 ex
2079 2134 2270 2178 praeterito
2294 2144 2377 2178 pos-

1292 2181 1339 2216 sit
1362 2180 1561 2225 optingere:
1588 2183 1623 2214 et
1646 2180 1657 2214 i
1685 2190 1725 2215 eo
1750 2180 1780 2215 si
1803 2190 1972 2225 praesens
1995 2182 2207 2214 testamento
2231 2178 2379 2213 libertas

1293 2226 1379 2261 data
1390 2225 1498 2260 fuerit
1512 2229 1546 2259 et
1564 2225 1726 2260 venditor
1746 2225 1992 2260 statuliberum
2011 2223 2263 2269 pronuntiavit,
2284 2223 2377 2258 evic-

1293 2274 1312 2305 2
1359 2271 1466 2306 tionis
1499 2269 1641 2305 nomine
1671 2273 1822 2305 tenetur.
1870 2270 2008 2304 Rursus
2039 2268 2099 2313 qui
2132 2268 2375 2303 statuliberum

1291 2316 1411 2358 tradit,
1436 2315 1467 2350 si
1488 2318 1622 2350 certam
1642 2315 1885 2350 condicionem
1928 2313 2195 2354 ronuntiaverit‚
2220 2312 2285 2347 sub
2306 2322 2376 2356 qua

1293 2361 1379 2396 dicit
1414 2360 1444 2395 ei
1480 2360 1680 2395 libertatem
1712 2360 1851 2402 datam,
1913 2358 2096 2394 eteriorem
2133 2357 2374 2392 condicionem

1292 2416 1393 2441 suam
1415 2405 1544 2440 fecisse
1569 2404 1837 2446 existimabitur,
1863 2403 1945 2449 quia
1968 2413 2040 2437 non
2063 2411 2201 2437 omnem
2228 2411 2373 2436 causam

1292 2454 1449 2485 statutae
1472 2449 1663 2491 libertatis,
1689 2449 1752 2483 sed
1776 2459 1853 2483 eam
1878 2448 2063 2483 dumtaxat
2086 2456 2191 2491 quam
2215 2456 2371 2497 pronun-

1291 2495 1431 2530 tiaverit
1455 2494 1636 2538 excepisse
1667 2494 1859 2529 videbitur:
1891 2493 1998 2527 veluti
2028 2492 2058 2526 si
2091 2491 2167 2535 quis
2198 2491 2373 2525 hominem

1293 2540 1421 2575 dixerit
1464 2539 1586 2574 decem
1623 2538 1707 2573 dare
1740 2538 1874 2573 iussum
1910 2538 2010 2581 isque
2070 2539 2125 2571 ost
2160 2545 2291 2569 annum
2327 2534 2373 2569 ad

1290 2585 1490 2621 libertatem
1522 2583 1738 2629 pervenerit,
1771 2583 1854 2627 quia
1883 2582 1952 2616 1100
1983 2591 2038 2616 1110
2066 2591 2086 2615 o
2118 2580 2263 2614 libertas
2283 2579 2371 2630 'dat-a

1289 2629 1414 2665 fuerit:
1453 2629 1607 2664 ‘Stichus
1642 2631 1724 2672 post
1758 2638 1889 2662 annum
1923 2626 2014 2660 liber
2048 2625 2147 2666 esto',
2190 2624 2371 2659 evictloms

1291 2679 1310 2710 3
1359 2674 1574 2718 obligatione
1597 2673 1784 2706 tenebitur.
1834 2671 1924 2715 Quid
1949 2680 2043 2714 ergo,
2069 2669 2129 2714 qui
2152 2669 2286 2704 iussum
2311 2668 2370 2703 de·

1291 2730 1367 2755 cem
1392 2720 1476 2754 dare
1499 2717 1706 2762 pronuntiat
1736 2716 1856 2760 viginti
1888 2715 1974 2750 dare
2005 2715 2152 2756 debere,
2186 2723 2303 2748 nonne
2334 2713 2371 2747 in

1291 2764 1538 2800 condicionem
1571 2761 1764 2796 mentitur?
1798 2771 1919 2794 verum
1951 2763 2005 2794 est
2035 2759 2130 2794 hunc
2163 2768 2303 2810 quoque
2334 2758 2370 2792 in

1291 2807 1558 2845 condicionem⁸
1581 2806 1719 2841 mentiri
1742 2809 1778 2839 et
1800 2804 1878 2840 ideo
1911 2804 2053 2856 quidam
2086 2803 2371 2839 existimaverunt

1289 2855 1358 2889 1100
1389 2862 1530 2897 quoque
1561 2862 1646 2886 casu
1680 2850 1859 2885 evictionis
1895 2849 2156 2894 stlpulationem
2189 2847 2368 2883 contrahi:

1289 2898 1352 2933 sed
1375 2897 1569 2932 auctoritas
1594 2895 1703 2929 Servii
1726 2894 1923 2939 praevaluit
1943 2893 2175 2928 existimantis
2195 2893 2264 2927 hoc
2285 2902 2369 2926 casu

1290 2954 1333 2978 ex
1357 2946 1474 2986 empto
1499 2940 1674 2976 actionem
1698 2949 1785 2980 esse,
1811 2939 1973 2973 videlicet
1997 2938 2081 2983 quia
2104 2938 2255 2982 putabat
2279 2947 2368 2977 eum,

1289 2988 1348 3033 qui
1371 2985 1637 3039 pronuntiasset
1661 2994 1798 3019 servum
1821 2983 1942 3028 viginti
1967 2983 2052 3018 dare
2075 2983 2221 3023 iussum,
2248 2981 2365 3016 condi-

1288 3036 1309 3067 4
1357 3041 1492 3066 clonem
1526 3029 1724 3073 excepisse,
1757 3038 1849 3073 quae
1881 3031 1974 3063 esset
2003 3028 2040 3062 in
2064 3026 2191 3062 dando.
2241 3026 2367 3060 Servus

1288 3076 1484 3112 rationibus
1508 3074 1653 3109 redditis
1677 3073 1766 3108 liber
1790 3083 1867 3108 esse
1890 3073 2007 3108 iussus
2039 3076 2109 3106 est:
2142 3072 2235 3105 hunc
2267 3070 2366 3119 heres

1287 3121 1433 3156 tradidit
1465 3123 1500 3154 et
1533 3118 1621 3153 dixit
1645 3121 1786 3153 centum
1810 3118 1896 3152 dare
1919 3117 2063 3152 iussum.
2099 3116 2128 3150 si
2159 3115 2255 3150 nulla
2286 3113 2364 3147 reh-

1288 3176 1358 3211 qua
1389 3167 1472 3200 sunt
1527 3173 1595 3197 uae
1626 3173 1748 3197 servus
1772 3162 1859 3197 dare
1883 3162 2011 3197 debeat
2034 3165 2069 3196 et
2091 3160 2244 3211 ρ611100
2268 3157 2365 3191 adita

1287 3210 1482 3246 hereditate
1526 3208 1601 3242 iber
1632 3207 1750 3242 factus
1783 3211 1855 3249 est,
1889 3206 2054 3251 obligatio
2079 3208 2256 3240 evictioms
2281 3211 2363 3235 con-

1287 3255 1449 3295 trahitur,
1474 3263 1515 3287 eo
1540 3251 1635 3297 quod
1658 3252 1748 3286 liber
1764 3252 1868 3286 homo
1887 3255 2065 3295 tamquam
2087 3247 2269 3298 statuliber
2290 3250 2361 3279 tra-

1287 3300 1391 3335 ditur.
1429 3298 1458 3333 si
1479 3301 1620 3332 centum
1638 3296 1676 3331 in
1696 3296 1840 3341 reliquis
1860 3296 1979 3336 habet,
2001 3297 2118 3339 potest
2136 3290 2362 3340 fldem-heres

1286 3355 1357 3379 non
1383 3353 1458 3378 esse
1481 3342 1668 3383 mentitus,
1701 3341 1866 3386 quoniam
1898 3340 2052 3374 rationes
2077 3336 2221 3386 reddere
2244 3342 2361 3383 iussus

1285 3387 1499 3431 intellegitur
1531 3396 1703 3421 summam
1727 3385 1898 3437 pecuniae
1922 3394 2012 3428 quae
2037 3393 2078 3416 ex
2101 3381 2240 3429 reliquis
2266 3377 2360 3427 colh-

1284 3434 1378 3478 gitur
1400 3433 1517 3466 iussus
1543 3430 1644 3465 dare:
1679 3441 1736 3465 001
1761 3438 1978 3473 consequens
2003 3431 2073 3466 est,
2106 3428 2162 3475 ut,
2195 3433 2223 3456 81
2248 3430 2359 3471 murus

1286 3488 1390 3523 quam
1415 3479 1557 3511 centum
1579 3475 1616 3510 in
1639 3475 1782 3519 reliquis
1808 3472 1988 3512 habuerit,
2021 3470 2126 3519 veluti
2159 3467 2234 3501 sola
2259 3476 2358 3516 quin-

1285 3522 1472 3566 quaginta,
1505 3524 1563 3558 ut.
1589 3530 1669 3554 cum
1694 3529 1770 3554 eam
1794 3517 1979 3562 pecuniam
2004 3514 2153 3563 dederit,
2187 3510 2231 3545 ad
2252 3510 2358 3560 liber-

1285 3570 1393 3602 tatem
1415 3564 1632 3610 pervenerit,
1665 3563 1708 3598 de
1738 3562 1879 3606 reliquis
1912 3560 2162 3604 quinquaginta
2192 3558 2282 3588 actlo
2315 3562 2358 3587 ex

141 3625 2350 3651 „M

136 3684 175 3725 (ι)
200 3686 273 3716 erat
285 3683 373 3725 quod
386 3683 447 3716 del.
573 3686 616 3723 (2)
641 3684 907 3725 octingentorum
923 3684 983 3715 ins.
1110 3683 1151 3721 (3)
1177 3690 1216 3711 ex

137 3728 251 3772 fundo,
264 3728 359 3760 cuius
372 3738 544 3760 commune
558 3739 632 3759 cum
646 3728 751 3759 altero
764 3738 825 3769 pro
838 3727 985 3758 indiviso
997 3726 1168 3757 secundum
1181 3725 1215 3756 Β

1285 3679 1343 3710 ins.
1483 3678 1524 3714 (4)
1550 3676 1638 3718 quod
1651 3676 1684 3707 F
1839 3675 1880 3711 (5)
1906 3674 1942 3701 ut
1955 3670 1989 3701 in
2005 3679 2070 3700 rem
2083 3677 2173 3698 suam
2188 3665 2282 3697 datus
2295 3664 2354 3695 del.

1286 3723 1327 3762 (6)
1342 3731 1473 3753 causam
1487 3722 1520 3753 F
1573 3723 1614 3757 (7)
1630 3717 1717 3759 siqui
1731 3719 1764 3750 F
1816 3719 1858 3756 (s)
1874 3724 2002 3756 quoque
2012 3714 2046 3744 in
2057 3710 2283 3781 cpndiciouem
2294 3707 2356 3741 dol.

2025 3768 2066 3797 36
