2528 3918
108 107 330 166 110111111οΜ

109 235 216 272 1110ᾶο
240 235 308 271 11101
330 233 502 281 praecisis
524 231 670 268 funibus
695 231 874 277 explicare
898 241 937 267 se
960 231 1099 277 potuit,
1122 230 1202 266 nul·

108 281 182 316 lam
212 281 390 316 actionem
423 278 588 314 dandam.
624 276 790 322 idemque
811 276 936 312 Labeo
969 280 1004 312 et
1026 276 1203 312 Proculus

110 331 147 362 et
171 326 269 361 circa
290 325 381 361 retia
403 324 633 376 piscatorum,
657 322 696 357 in
719 331 812 367 quae
835 321 935 357 navis
959 322 1202 367 piscatorum¹

109 371 302 414 inciderat,
335 372 567 405 aestimarunt
577 369 617 402 ².‘
638 367 746 412 plane
769 367 800 402 si
824 367 932 413 culpa
954 371 1146 402 nautarum
1169 366 1205 401 id

108 417 247 452 factum
271 419 383 456 esset,
416 413 494 459 lege
516 412 662 458 Aquilia
685 411 872 457 agendum.
911 412 975 448 sed
997 412 1061 448 ubi
1084 411 1205 448 damni

110 461 238 497 iniuria
262 460 380 505 agitur
404 459 450 494 ob
474 458 584 500 retia,
616 468 690 493 nou
713 457 883 503 piscium,
919 458 980 503 qui
1002 457 1083 493 ideo
1109 457 1205 502 capti

109 517 181 542 non
206 509 309 547 sunt,
340 504 418 540 fieri
449 503 750 545 aestimationem,
783 513 865 538 cum
887 503 1063 538 incertum
1085 502 1203 542 fuerit,

109 562 158 587 an
183 554 405 596 caperentur.
441 548 606 593 idemque
630 551 667 583 et
689 548 726 583 in
749 548 979 583 venatoribus
1005 552 1040 583 et
1070 548 1108 583 in
1140 557 1203 583 au-

111 600 130 632 4
178 595 330 641 cupibus
361 594 598 640 probandum.
647 592 685 628 Si
715 593 817 629 navis
841 593 992 628 alteram
1016 597 1144 629 contra
1167 603 1206 629 se

108 641 306 677 venientem
330 640 519 682 obruisset,
544 642 609 674 aut
630 638 669 673 in
690 638 968 683 gubernatorem
992 642 1056 674 aut
1078 639 1117 673 111
1139 637 1205 673 (111-

110 690 268 722 catorem
292 685 470 721 actionem
494 686 698 730 competere
730 683 851 718 damni
881 683 1031 720 iniuriae
1053 683 1206 719 Alfenus

109 732 178 767 ait:
212 730 275 767 sed
306 730 338 766 si
366 734 471 765 tanta
501 730 554 765 vis
577 730 660 764 navi
682 729 782 764 facta
805 729 871 771 sit,
920 739 990 764 uae
1012 729 1205 774 temperari

108 788 182 812 non
211 776 346 822 potuit,
379 775 514 810 nullam
546 775 583 810 in
616 774 796 810 dominum
828 740 983 809 dandam
1008 775 1204 810 actionem:

107 823 162 857 sin
186 825 306 858 autem
330 821 437 866 culpa
459 824 652 856 nautarum
674 819 712 855 id
734 819 873 854 factum
898 820 954 863 sit,

108 871 128 902 5
176 867 244 902 liae
268 865 443 902 sufficere.
493 865 530 901 Si
553 865 675 900 funem
700 865 798 910 quis,
830 875 900 910 quo
933 875 972 900 re
997 869 1082 911 gata
1105 865 1206 900 navis

108 916 196 954 erat,
220 911 446 957 praeciderit,
470 911 514 946 de
538 921 629 946 nave
648 921 740 955 quae
786 911 867 945 eriit
884 910 922 945 in
940 910 1079 946 factum
1098 921 1205 955 agen-

108 961 129 993 6
177 957 273 992 dum.
320 957 400 992 Hac
434 957 576 992 actione
607 966 652 991 ex
674 956 744 991 hoc
783 956 855 1001 egis
880 955 999 1001 capite
1023 955 1067 991 de
1091 955 1205 991 omui-

106 1003 176 1039 bus
199 1003 413 1038 animalibus
436 1002 555 1044 laesis,
581 1011 673 1046 quae
697 1001 853 1046 pecudes
878 1011 951 1036 non
976 1004 1072 1044 sunt,
1097 1011 1204 1047 agen-

108 1048 194 1083 dum
218 1052 283 1090 est,
307 1051 348 1083 ut
371 1048 484 1093 puta³
508 1047 551 1082 de
576 1057 683 1082 cane:
710 1046 773 1082 sed
797 1050 833 1082 et
857 1046 902 1082 de
925 1057 1014 1092 apro
1042 1050 1079 1082 et
1101 1046 1207 1082 leone

108 1096 126 1127 7
176 1093 375 1139 ceterisque
394 1093 479 1128 feris
499 1096 535 1128 et
556 1092 681 1127 avibus
703 1092 797 1127 idem
810 1092 876 1127 erit
890 1091 1091 1127 dicendum.
1126 1092 1206 1127 Ma-

106 1139 277 1184 gistratus
314 1138 567 1183 municipales,
603 1138 633 1172 si
665 1138 835 1172 damnum
869 1137 1001 1172 iniuria
1032 1137 1206 1179 dederint,

105 1195 214 1230 posse
238 1184 382 1229 Aquilia
403 1183 518 1219 teneri
528 1183 553 1217 ⁴.
591 1193 675 1218 nam
708 1186 743 1218 et
775 1193 858 1218 cum
889 1182 1045 1228 pecudes
1078 1182 1206 1228 aliquis

106 1229 244 1275 pignori
269 1230 423 1274 cepisset
446 1232 482 1264 et
504 1228 600 1263 fame
624 1238 684 1263 eas
708 1228 919 1270 necavisset,
945 1227 1029 1263 dum
1047 1239 1122 1264 non
1139 1238 1205 1273 pa-

107 1275 196 1309 titur
219 1279 253 1309 te
278 1274 327 1309 eis
353 1274 490 1310 cibaria
521 1273 682 1315 adferre,
713 1273 751 1308 in
784 1273 923 1309 factum
956 1274 1051 1309 actio
1086 1273 1207 1308 danda

107 1324 172 1355 est.
217 1320 301 1355 item
331 1320 362 1355 si
393 1319 477 1354 dum
509 1322 616 1364 putat
646 1329 685 1354 se
718 1329 762 1354 ex
792 1319 869 1364 lege
901 1329 1031 1364 capere
1063 1319 1205 1364 pignus,

106 1376 179 1400 non
204 1375 249 1400 ex
271 1365 348 1409 lege
373 1364 509 1410 ceperit
529 1368 565 1399 et
583 1374 640 1400 res
661 1364 765 1399 tritas
787 1367 1047 1409 corruptasque
1065 1363 1204 1406 reddat,

107 1410 239 1445 dicitur
269 1410 382 1455 legem
405 1409 585 1455 Aquiliam
615 1409 735 1445 locum
768 1409 922 1445 habere:
956 1409 1054 1455 quod
1085 1409 1205 1445 dicen-

107 1455 191 1490 dum
216 1458 271 1490 est
295 1459 330 1490 et
360 1455 390 1491 si
422 1466 466 1490 ex
496 1455 573 1500 lege
601 1455 730 1507 pignus
764 1455 869 1500 cepit.
906 1454 938 1490 si
968 1454 1054 1507 quid
1085 1460 1206 1490 tamen

107 1501 338 1546 magistratus
376 1500 548 1535 adversus
583 1504 809 1535 resistentem
843 1500 1032 1535 violentius
1067 1500 1204 1542 fecerit,

108 1557 181 1581 non
204 1546 386 1581 tenebitur
407 1545 568 1591 Aquilia:
602 1556 685 1580 nam
718 1548 754 1581 et
787 1556 868 1580 cum
900 1545 1039 1590 pignori
1063 1556 1204 1581 servum

107 1591 262 1636 cepisset
297 1595 332 1626 et
364 1591 425 1626 ille
459 1601 498 1626 se
534 1590 779 1643 suspenderit,
816 1591 914 1625 nulla
953 1590 1060 1625 datur
1095 1591 1202 1626 actio.

108 1639 127 1671 8
174 1636 276 1672 Haec
307 1636 435 1672 verba:
469 1639 606 1681 ‘quanti
637 1636 675 1671 in
706 1636 851 1680 triginta
882 1636 1009 1671 dicbus
1032 1635 1204 1681 proximis

105 1681 197 1724 fuit’,
230 1681 296 1717 etsi
328 1692 399 1716 non
423 1681 559 1716 habent
583 1681 761 1726 ‘plurimi’,
794 1681 846 1716 010
878 1685 999 1716 tamen
1031 1691 1110 1718 esse
1142 1692 1203 1716 ac-

108 1726 273 1772 cipienda
297 1731 449 1762 constat.

153 1769 206 1810 30
239 1771 400 1807 Pano-s
431 1772 522 1807 libro
553 1772 745 1807 vicensimo
776 1771 935 1807 secundo
967 1771 1019 1807 ad
1048 1771 1202 1807 edictum

108 1817 177 1861 Qui
201 1817 334 1852 occidit
356 1817 559 1852 adulterum
584 1817 846 1862 deprehensum
871 1827 1012 1852 servum
1036 1817 1202 1859 alienum,

109 1866 123 1897 1
174 1863 243 1897 hac
274 1863 352 1908 lege
383 1873 456 1897 non
487 1862 677 1897 tenebitur.
725 1862 871 1907 Pignori
895 1862 1001 1897 datus
1026 1872 1149 1898 servus
1175 1862 1203 1897 si

106 1908 248 1943 occisus
273 1907 331 1951 sit,
356 1907 509 1943 debitori
532 1908 627 1943 actio
653 1908 834 1952 competit.
867 1907 932 1943 sed
955 1918 1003 1943 an
1029 1911 1064 1942 et
1089 1907 1203 1943 credi-

106 1953 177 1988 tori
201 1953 322 1988 danda
345 1953 392 1988 sit
415 1953 522 1995 utilis,
548 1952 633 1998 quia
655 1957 776 1998 potest
799 1953 972 1988 interesse
997 1952 1083 1995 eius,
1109 1953 1204 1998 quod

107 1998 246 2033 debitor
270 1998 438 2034 solvendo
463 2008 537 2033 non
555 1997 602 2033 sit
620 2002 684 2032 aut
704 1998 800 2043 quod
819 1998 916 2033 litem
935 2001 1008 2033 tem
1034 2008 1097 2034 ore
1116 1998 1203 2033 ami-

106 2044 172 2086 sit,
209 2044 404 2088 quaeritur.
449 2043 512 2078 sed
544 2043 627 2078 hic⁵
658 2043 819 2088 iniquum
854 2048 909 2078 est
940 2047 976 2078 et
1025 2043 1143 2079 omino
1170 2047 1205 2078 et

107 2088 275 2124 creditori
299 2099 380 2123 eum
403 2088 526 2123 teneri.
564 2089 632 2123 nisi
656 2088 685 2123 si
709 2088 789 2134 quis
813 2088 992 2133 putaverit
1015 2088 1149 2123 nullam
1166 2089 1204 2123 in

108 2144 150 2169 ea
173 2145 214 2169 rc
246 2133 442 2169 debitorem
473 2134 638 2168 iniuriam
668 2143 880 2178 passurum,
914 2144 996 2169 cum
1026 2133 1142 2179 prosit
1173 2134 1204 2169 ei

107 2179 154 2214 ad
178 2179 288 2214 debiti
335 2179 560 2221 uantitatem,
586 2182 622 2214 et
655 2178 751 2231 quod
775 2179 822 2214 sit
853 2179 1007 2224 amplius
1033 2189 1203 2214 consecu-

106 2229 209 2260 turus
234 2225 281 2259 sit
303 2235 325 2259 a
375 2235 428 2267 eo,
453 2224 507 2259 vel
531 2224 576 2259 ab
600 2224 701 2259 initio
726 2224 763 2259 in
786 2224 834 2266 id,
860 2224 957 2270 quod
980 2224 1134 2269 amplius
1159 2224 1206 2259 sit

107 2280 215 2316 quam
237 2270 275 2305 in
299 2269 438 2312 debito,
464 2269 616 2305 debitori
641 2269 798 2304 dandam
822 2269 1019 2305 actionem:
1054 2274 1090 2304 et
1123 2270 1203 2305 ideo

105 2316 142 2350 in
174 2315 230 2350 his
265 2315 428 2357 casibus,
460 2315 498 2350 in
530 2315 659 2360 quibus
694 2314 862 2351 creditori
886 2314 1007 2350 danda
1031 2318 1086 2350 est
1108 2315 1202 2350 actio

131 2364 255 2405 ropter
277 2360 436 2405 inopiam
459 2360 629 2396 debitoris
653 2360 708 2396 vel
732 2360 828 2406 quod
850 2360 949 2396 litem
973 2360 1102 2403 amisit,
1127 2370 1203 2395 cre-

105 2372 201 2441 ditor
232 2405 374 2450 quidem
405 2416 519 2451 usque
543 2405 589 2440 ad
612 2405 759 2440 modum
782 2405 893 2440 deb-iti
916 2406 1066 2441 habebit
1087 2405 1201 2451 Aqui-

105 2451 175 2486 liae
194 2451 383 2494 actionem,
407 2455 448 2485 ut
468 2451 583 2496 prosit
601 2451 671 2486 1100
690 2451 853 2493 debitori,
877 2451 946 2496 ipsi
965 2454 1085 2486 autem
1105 2450 1203 2486 debi-

106 2496 176 2532 tori
206 2496 244 2531 in
274 2495 312 2531 id
345 2495 442 2548 quod
474 2496 632 2531 debitum
665 2496 804 2531 excedit
836 2497 1008 2542 competit
1038 2496 1204 2541 Aquiliae

107 2545 126 2576 2
175 2541 281 2577 actio.
331 2540 369 2576 S1
390 2542 468 2586 quis
489 2541 643 2576 alienum
663 2541 783 2576 vinum
802 2541 858 2577 vel
877 2541 1096 2577 frumentum
1117 2552 1202 2578 con-

107 2586 317 2631 sumpserit,
342 2597 415 2621 non
440 2586 579 2622 videtur
602 2586 770 2621 damnum
793 2587 923 2622 iniuria
946 2587 1031 2622 dare
1053 2586 1204 2632 ideoque

107 2635 126 2667 3
174 2631 272 2667 utilis
305 2631 426 2666 danda
457 2636 512 2667 est
544 2632 651 2667 actio.
699 2632 742 2666 111
772 2632 843 2667 1100
875 2643 945 2677 (1110
971 2642 1016 2668 ue
1048 2632 1202 2674 actione,

107 2686 200 2721 quae
223 2687 268 2712 ex
290 2677 361 2712 hoc
386 2677 542 2722 capitulo
567 2677 693 2718 oritur,
718 2676 822 2712 dolus
847 2680 883 2712 et
906 2688 951 2713 011
965 2688 1013 2722 pa
1035 2677 1202 2722 punitur:

106 2722 258 2767 ideoque
291 2722 322 2757 si
354 2723 433 2767 quis
463 2723 499 2757 in
533 2722 703 2767 stipulam
735 2732 838 2757 suam
862 2722 917 2757 vel
941 2723 1082 2767 spinam
1107 2733 1202 2758 com-

106 2767 289 2802 burendae
312 2767 387 2803 eius
412 2778 524 2803 causa
546 2768 662 2813 ignem
686 2767 870 2803 immiserit
893 2771 929 2803 et
947 2768 1098 2803 ulterius
1123 2778 1203 2803 eva-

129 2815 210 2847 atus
235 2816 271 2859 et
292 2823 504 2858 progressus
526 2812 617 2858 ignis
642 2812 796 2848 alienam
816 2816 971 2858 segetem
988 2813 1046 2849 vel
1064 2812 1203 2848 vineam

106 2823 272 2900 faeserit,
303 2858 546 2903 requiramus,
580 2869 664 2893 num
688 2858 865 2903 imperitia
889 2858 965 2893 eius
989 2861 1054 2893 aut
1084 2857 1202 2903 negle-

105 2902 226 2947 gentia
248 2901 286 2937 id
309 2903 452 2938 accidit.
489 2913 573 2938 nam
596 2903 627 2938 si
652 2903 708 2939 die
738 2907 887 2939 ventoso
918 2903 956 2938 id
988 2903 1094 2946 fecit,
1127 2903 1202 2938 cul-

106 2958 175 2992 pae
198 2957 280 2982 reus
304 2952 359 2983 est
383 2951 478 2989 (nam
504 2953 539 2984 ct
563 2949 623 2994 qui
647 2948 873 2985 occasionem
897 2951 1077 3001 praestat,
1102 2947 1201 2983 dam-

107 3003 193 3027 num
215 2991 346 3028 fecisse
378 2993 549 3036 videtum:
585 2994 622 3028 in
654 2994 778 3029 eodem
810 2994 958 3030 crimme
990 2998 1045 3030 est
1075 2997 1111 3029 et
1142 2993 1201 3038 qui

111 3045 183 3070 non
211 3038 435 3080 observavit,
468 3050 514 3074 ne
538 3040 631 3084 ignis
663 3039 806 3082 longius
830 3040 1056 3084 procederet.
1105 3042 1144 3074 at
1168 3040 1196 3072 si

112 3083 233 3116 omnia
259 3093 352 3128 quae
377 3084 540 3127 oportuit
563 3085 766 3120 observavit
790 3085 844 3120 vel
878 3085 1001 3120 subita
1024 3084 1076 3118 vis
1101 3084 1198 3119 venti

110 3126 135 3160 4
178 3126 320 3171 longius
333 3128 451 3173 ignem
463 3130 649 3174 produxit,
668 3133 770 3165 caret
782 3130 902 3175 culpa.
938 3131 972 3165 Si
988 3131 1198 3165 vulneratus

105 3173 215 3208 fuerit
238 3183 362 3209 servus
387 3185 458 3209 non
484 3173 682 3216 mortifere,
715 3175 815 3219 negle
839 3174 936 3209 entia
967 3180 1087 3210 autem
1118 3184 1198 3219 per-

105 3217 197 3260 ierit,
222 3218 267 3254 de
290 3219 474 3254 vulnerato
499 3218 593 3254 actio
619 3218 696 3261 erit,
722 3229 793 3254 non
842 3229 861 3254 e
885 3219 1016 3255 occiso.

153 3261 202 3300 31
231 3263 338 3299 loru
358 3264 450 3300 libro
474 3264 611 3300 decimo
635 3263 686 3298 ad
708 3263 882 3300 Sabinum
930 3264 968 3300 Si
992 3268 1139 3309 putator
1156 3275 1198 3300 ex

108 3307 236 3343 arbore
259 3319 398 3344 ramum
430 3318 511 3345 cum
543 3308 699 3344 deiceret
728 3308 784 3344 vel
814 3309 1054 3345 machinarius
1085 3310 1198 3345 homi-

108 3363 199 3390 nem,
224 3357 508 3398 praetereuntem
545 3353 694 3396 occidit,
737 3354 789 3389 ita
827 3358 990 3397 tenetur,
1032 3355 1063 3390 si
1098 3355 1129 3390 is
1163 3355 1199 3390 in

108 3397 290 3441 publicum
327 3398 470 3434 decidat
501 3409 566 3434 nec
598 3399 656 3434 ille
689 3399 966 3451 111-0010111οή16,
1008 3403 1050 3435 ut
1092 3410 1199 3435 casus

96 3442 184 3477 -eius
209 3443 334 3478 evitari·
356 3444 479 3488 possit.
517 3444 580 3479 sed
599 3444 742 3479 Muclus
763 3443 871 3479 etiam
891 3444 990 3486 dixit,
1015 3445 1045 3480 si
1069 3445 1105 3493 in
1126 3445 1198 3489 pri-

108 3490 191 3522 vato
223 3486 316 3522 idem
348 3489 556 3531 accidisset,
592 3499 700 3534 posse
730 3489 774 3524 de
809 3490 915 3534 culpa
947 3490 1021 3534 agi:
1057 3490 1198 3534 culpam

1006 823 1068 855 uto
1092 819 1205 864 Aqui-

111 3602 150 3640 (ι)
175 3600 381 3642 piscatorum
394 3601 455 3634 del.
469 3601 552 3634 Hal.
572 3607 574 3609 '
616 3607 618 3610 ’
645 3605 688 3642 (2)
713 3603 928 3635 aestimatum
940 3603 975 3636 F
1049 3605 1092 3644 (3)
1117 3606 1202 3645 puta

109 3647 148 3676 ut
159 3645 208 3677 P·
301 3646 344 3686 (4)
369 3646 526 3679 eccidisse
538 3648 637 3679 verba
650 3657 689 3678 ex
703 3647 792 3679 sacto
805 3647 876 3680 scio
889 3649 1040 3682 videntur
1052 3649 1201 3681 indicare

112 3689 148 3721 B
228 3690 272 3732 (5)
296 3689 367 3730 1110]
380 3690 443 3722 11οο
455 3702 517 3723 scr.
597 3692 641 3731 (6)
667 3691 887 3734 proclamarit
896 3705 960 3727 ser.
1041 3695 1086 3735 (7)
1112 3692 1202 3735 quod

110 3743 186 3765 cum
199 3744 218 3766 a
232 3734 262 3766 d.
278 3745 310 3776 p.
324 3735 462 3777 poterit]
476 3745 550 3767 cum
565 3735 654 3776 quod
667 3746 686 3767 a
697 3735 861 3779 diligente
870 3737 1042 3779 provideri
1052 3738 1203 3780 potuerit

1203 104 1279 153 129

2193 109 2375 151 VIIII2

1274 232 1396 265 autem
1420 239 1517 273 esse,
1544 228 1640 275 quod
1665 240 1747 265 cum
1770 240 1792 266 a
1817 230 1983 277 diligente
2008 230 2186 278 provideri
2209 232 2377 277 poterit⁷,

1274 285 1348 311 11011
1372 279 1467 311 esset
1489 275 1673 321 provisum
1696 278 1760 310 aut
1783 279 1860 311 tum
1885 276 2134 312 denuntiatum
2158 281 2265 319 esset,
2290 287 2373 312 cum

1274 320 1472 366 periculum
1495 320 1621 356 evitari
1643 330 1718 356 non
1740 321 1865 366 possit.
1910 322 2109 357 secundum
2133 332 2242 367 quam
2265 322 2376 358 ratio-

1274 376 1357 401 nem
1379 376 1454 402 non
1476 365 1629 401 multum
1652 365 1782 409 refert,
1806 377 1871 411 per
1893 367 2076 412 publicum
2100 377 2148 402 an
2196 377 2235 403 er
2257 367 2377 412 priva·

1274 415 1352 446 tum
1371 411 1440 446 iter
1458 410 1573 453 fieret,
1595 421 1677 446 cum
1721 411 1906 456 letumque
1926 423 1990 457 per
2009 413 2150 457 privata
2183 422 2251 448 oca
2270 412 2378 458 vulgo

1275 457 1344 492 iter
1366 456 1441 491 fiat.
1503 456 1577 491 uod
1601 456 1631 491 si
1655 467 1678 491 n
1731 467 1792 491 um
1814 456 1883 492 iter
1915 457 2000 499 erit,
2035 457 2157 493 dolum
2189 457 2378 493 dumtaxat

1275 505 1461 546 praestare
1510 501 1607 544 ebet,
1640 510 1686 536 ne
1708 501 1879 536 immittat
1909 502 1946 536 in
1979 513 2077 545 eum,
2137 513 2219 538 uem
2250 503 2379 539 viderit

1275 551 1541 582 transeuntem:
1577 556 1661 581 nam
1698 546 1807 592 culpa
1839 547 1885 582 ab
1919 558 1960 582 eo
1994 548 2118 592 exigen
2146 559 2168 583 a
2202 559 2275 584 non
2311 552 2377 591 est,

1276 602 1358 627 cum
1383 591 1541 627 divinare
1564 602 1638 627 non
1661 592 1831 637 potuerit,
1857 602 1904 626 an
1924 602 1989 637 per
2010 603 2089 627 eum
2110 594 2228 628 locum
2248 594 2378 640 aliquis

1275 637 1493 673 transiturus
1518 638 1574 672 sit.

1322 680 1376 720 32
1416 682 1541 719 Gazvs
1568 682 1660 718 libro
1693 683 1844 729 septimo
1880 682 1931 719 ad
1964 683 2118 719 edictum
2148 684 2380 731 provinciale

1276 728 1369 763 Illud
1393 728 1594 773 quaesitum
1617 731 1692 770 est,
1718 738 1766 763 an
1789 727 1887 773 quod
1909 729 2107 774 proconsul
2129 729 2167 764 in
2190 729 2287 765 furto
2313 730 2377 765 ob-

1276 777 1395 809 servat
1425 773 1523 819 quod
1555 783 1578 808 a
1607 772 1744 809 familia
1775 773 1914 809 factum
1946 773 1993 809 sit
2027 773 2076 815 (id
2101 778 2156 810 est
2179 778 2219 810 ut
2243 786 2314 810 non
2338 775 2377 810 in

1276 818 1434 864 singulos
1469 819 1575 854 detur
1604 828 1744 864 poenae
1774 819 2000 864 persecutio,
2033 819 2097 855 sed
2129 818 2312 855 sufficeret
2341 819 2379 855 id

1275 864 1464 944 praestari,
1489 863 1586 910 quod
1634 864 1865 900 raestandum
1888 864 1993 907 foret,
2018 865 2049 900 si
2069 864 2106 900 id
2126 864 2263 900 furtum
2283 876 2377 901 unus

1291 909 1366 944 ‘ber
1396 909 1576 952 fecisset),
1634 909 1739 944 ebeat
1771 913 1807 945 et
1839 909 1877 944 in
1908 910 2051 945 actione
2083 910 2204 945 damni
2227 910 2378 946 iniuriae

1276 955 1469 990 observari.
1506 954 1571 990 sed
1594 955 1706 1000 magis
1730 956 1844 990 visum
1869 958 1925 990 est
1947 955 2040 990 idem
2073 966 2152 991 esse
2184 956 2377 991 observan-

1276 999 1372 1042 dum,
1398 1004 1434 1035 et
1457 1000 1603 1035 merito:
1630 1010 1711 1035 cum
1736 1001 1829 1036 enim
1854 1001 1951 1036 circa
1974 1001 2063 1036 furti
2087 1001 2264 1036 actionem
2288 1001 2378 1037 haec

1275 1046 1368 1081 ratio
1401 1046 1467 1087 sit,
1502 1056 1548 1081 ne
1586 1056 1630 1081 ex
1661 1057 1733 1081 uno
1767 1045 1895 1081 delicto
1929 1050 2009 1082 tota
2043 1046 2179 1081 familia
2214 1046 2378 1082 dominus

1276 1094 1400 1126 careat
1424 1101 1538 1136 eaque
1561 1091 1653 1126 ratio
1679 1091 1841 1126 similiter
1865 1094 1902 1127 et
1924 1091 1963 1126 in
1986 1092 2165 1127 actionem
2183 1090 2304 1126 damni
2324 1092 2378 1127 in-

1275 1136 1388 1172 iuriae
1411 1136 1636 1179 interveniat,
1663 1137 1835 1182 sequitur,
1859 1140 1901 1171 ut
1920 1136 2015 1173 idem
2034 1137 2165 1172 debeat
2184 1137 2381 1180 aestimari,

1300 1182 1486 1217 raesertim
1519 1192 1601 1218 011111
1631 1181 1813 1218 interdum
1842 1182 1952 1218 levior
1984 1183 2032 1218 sit
2062 1182 2153 1217 haec
2179 1193 2290 1218 causa
2313 1183 2374 1218 de-

1290 1227 1371 1269 'cti,
1404 1227 1517 1263 veluti
1548 1227 1579 1263 si
1612 1227 1720 1272 culpa
1752 1231 1787 1262 et
1818 1238 1892 1263 non
1917 1227 1998 1263 dolo
2025 1227 2194 1263 damnum
2218 1227 2376 1263 daretur.

1278 1275 1293 1307 1
1345 1272 1486 1308 Siidem
1498 1272 1650 1308 eundem
1670 1283 1813 1308 servum
1832 1273 2080 1315 vulneraverit,
2104 1277 2232 1318 postea
2252 1273 2380 1312 deinde

1276 1317 1384 1352 etiam
1417 1317 1608 1361 occiderit,
1641 1318 1824 1354 tenebitur
1847 1322 1884 1353 et
1908 1318 1954 1353 de
1976 1319 2162 1354 vulnerato
2188 1323 2224 1354 et
2247 1318 2291 1354 de
2316 1329 2377 1354 oc-

1276 1363 1368 1399 ciso:
1395 1363 1466 1398 duo
1493 1363 1586 1398 enim
1610 1367 1696 1399 sunt
1719 1363 1859 1399 delicta.
1897 1363 2001 1399 aliter
2024 1367 2133 1409 atque
2154 1364 2184 1399 si
2205 1364 2284 1416 quis
2305 1374 2379 1400 uno

1275 1409 1413 1461 impetu
1445 1409 1610 1454 pluribus
1642 1409 1849 1444 vulneribus
1882 1409 2036 1455 aliquem
2068 1409 2256 1445 occident:
2291 1413 2379 1445 tunc

1275 1464 1369 1490 emm
1391 1464 1466 1490 una
1490 1454 1558 1489 erit
1581 1454 1677 1490 actio
1701 1454 1746 1490 de
1769 1455 1902 1490 occiso.

1322 1496 1375 1537 33
1390 1500 1404 1520 ⁸
1426 1498 1589 1535 PAULUS
1616 1499 1709 1535 libro
1740 1500 1901 1536 secundo
1933 1499 1984 1535 ad
2005 1499 2193 1536 Plautium
2241 1499 2279 1536 Si
2303 1511 2377 1536 ser·

1274 1555 1357 1580 vum
1377 1555 1495 1580 meum
1513 1544 1689 1587 occidisti,
1710 1555 1784 1580 non
1806 1545 2015 1580 affectiones
2037 1545 2278 1581 aestimandas
2301 1556 2381 1582 esse

1274 1594 1363 1635 puto
1377 1617 1386 1633 ,
1419 1590 1531 1625 veluti
1563 1590 1593 1625 si
1616 1590 1729 1625 filium
1752 1594 1855 1625 tuum
1878 1591 2080 1625 naturalem
2104 1591 2184 1636 quis
2208 1591 2379 1627 occiderit

1275 1646 1381 1680 quem
1404 1639 1445 1671 tu
1468 1646 1596 1681 magno
1622 1639 1780 1680 emptum
1804 1636 1931 1678 velles,
1965 1636 2030 1671 sed
2062 1636 2187 1681 quanti
2211 1637 2378 1673 omnibus

1273 1681 1418 1717 valeret.
1467 1680 1598 1716 Sextus
1623 1691 1693 1726 quo
1719 1691 1764 1715 ue
1788 1681 1920 1716 Pedius
1945 1681 1996 1716 ait
2018 1682 2135 1727 pretia
2158 1692 2278 1717 rerum
2302 1693 2375 1719 non

1275 1737 1319 1761 ex
1343 1726 1534 1762 affectione
1558 1736 1625 1762 nec
1657 1730 1710 1761 uti
1724 1726 1812 1761 itate
1844 1726 1898 1761 0111
1962 1737 2087 1769 orum,
2122 1727 2186 1762 sed
2217 1738 2374 1764 commu-

1275 1772 1368 1806 niter
1390 1771 1508 1817 fungi:
1542 1772 1665 1817 itaque
1689 1782 1787 1813 eum,
1814 1772 1875 1817 qui
1939 1772 2010 1807 'um
2035 1773 2237 1808 naturalem
2260 1773 2374 1818 possi-

1275 1817 1354 1859 det,
1389 1827 1462 1852 non
1486 1827 1528 1852 eo
1553 1817 1823 1862 locupletiorem
1848 1827 1943 1860 esse,
1977 1817 2074 1862 quod
2105 1828 2187 1853 eum
2210 1818 2374 1863 plurimo,

1274 1862 1304 1897 si
1329 1862 1420 1898 alius
1444 1862 1662 1915 possideret,
1694 1862 1945 1907 redempturus
1969 1862 2055 1906 fuit,
2081 1873 2148 1898 nec
2171 1863 2291 1906 illum,
2317 1864 2376 1909 qui

1274 1907 1385 1943 filium
1409 1907 1565 1943 ahenum
1589 1906 1782 1953 possideat,
1807 1911 1948 1943 tantum
1971 1908 2117 1951 habere,
2143 1909 2269 1961 quanti
2294 1919 2375 1945 011111

1273 1952 1368 1997 patri
1398 1953 1550 1988 vendere
1581 1958 1714 1998 posset.
1752 1954 1789 1988 in
1820 1953 1898 1998 lege
1923 1954 2016 1989 enim
2039 1954 2073 1988 A
2098 1954 2185 1989 uiha
2209 1954 2377 1990 damnum

1275 1998 1544 2044 consequimur:
1571 2002 1607 2033 et
1625 1998 1786 2033 amisisse
1806 1998 1977 2042 dicemur,
2028 2010 2074 2034 uo
2123 2003 2187 2034 aut
2207 2001 2377 2045 consequi

1277 2047 1289 2078 1
1341 2044 1524 2088 potuimus
1549 2047 1613 2079 aut
1637 2054 1783 2088 erogare
1808 2044 1976 2088 cogimur.
2043 2056 2068 2079 n
2092 2044 2250 2088 damnis,
2284 2056 2379 2091 quae

1273 2090 1349 2133 lege
1371 2089 1405 2123 A
1430 2089 1516 2124 uilia
1540 2100 1613 2124 non
1637 2093 1816 2131 tenentur,
1841 2089 1880 2124 in
1902 2089 2040 2125 factum
2064 2090 2172 2125 datur
2196 2091 2303 2126 actio.

1320 2132 1375 2172 34
1441 2144 1591 2169 ARCELL
1599 2144 1644 2170 vs
1670 2134 1762 2170 libro
1794 2135 1985 2170 vicensimo
2002 2136 2128 2181 primo
2153 2136 2194 2171 di
2218 2140 2376 2172 estorum

1275 2179 1370 2215 Titio
1394 2183 1430 2215 et
1451 2179 1532 2215 Seio
1553 2179 1716 2215 Stichum
1735 2180 1882 2225 legavit:
1908 2180 2155 2216 deliberante⁹
2202 2181 2268 2224 010,
2294 2192 2376 2217 011111

1274 2225 1391 2260 Titius
1403 2225 1621 2260 vindicasset
1631 2225 1800 2270 legatum,
1822 2224 1968 2261 Stichus
1989 2225 2131 2261 occisus
2152 2229 2225 2261 est:
2247 2226 2376 2263 deinde

1274 2270 1377 2306 Seius
1401 2270 1602 2322 repudiavit
1625 2270 1792 2315 legatum.
1829 2270 1979 2315 perinde
2004 2271 2121 2307 Titius
2153 2281 2259 2317 agere
2289 2283 2374 2318 pos-

1273 2316 1331 2358 sit,
1359 2326 1403 2350 ac
1427 2326 1458 2351 01
1481 2315 1550 2351 0011
1572 2315 1711 2361 legatus
1737 2318 1843 2358 esset,

1319 2358 1373 2399 35
1406 2360 1603 2397 Urmzws
1619 2360 1712 2397 libro
1725 2364 1852 2396 octavo
1873 2361 2010 2397 decimo
2030 2361 2081 2396 ad
2098 2361 2254 2398 edictum
2289 2363 2372 2408 quia

1273 2410 1371 2442 retro
1396 2405 1598 2442 adcrevisse
1622 2405 1818 2442 dominium
1843 2405 1875 2441 ei
1898 2405 2040 2442 videtur
2054 2407 2099 2441 ¹⁰:

1320 2449 1373 2489 36
1398 2451 1642 2487 MARCELLUS
1669 2451 1761 2487 libro
1793 2452 1984 2486 vicensima
2002 2452 2127 2497 primo
2152 2451 2373 2498 diqestorum

1273 2507 1356 2532 nam
1389 2497 1483 2532 sicut
1514 2496 1727 2542 repudiante
1759 2497 1931 2542 legatario
1965 2497 2121 2541 legatum
2152 2497 2293 2533 heredis
2319 2502 2374 2534 est

1273 2543 1368 2578 actio
1393 2541 1542 2587 perinde
1566 2553 1609 2577 ac
1634 2542 1664 2577 si
1687 2542 1826 2587 legatus
1851 2552 1925 2576 non
1950 2546 2054 2583 esset,
2078 2542 2131 2577 ita
2153 2542 2259 2578 huius
2277 2543 2372 2580 actio

1278 2591 1290 2622 l
1342 2592 1396 2623 est
1421 2598 1464 2622 ac
1488 2587 1519 2622 si
1542 2587 1610 2622 soli
1633 2587 1771 2632 legatus
1798 2590 1902 2622 esset.
1952 2585 1990 2621 Si
2022 2587 2187 2623 dominus
2220 2598 2372 2633 servum,

1297 2643 1377 2668 uem
1402 2632 1518 2668 Titius
1542 2631 1725 2668 mortifere
1747 2632 2009 2674 vulneraverat,
2034 2632 2185 2668 liberum
2209 2636 2247 2669 et
2268 2633 2371 2670 here·

1273 2645 1356 2713 dem
1377 2688 1456 2713 esse
1474 2677 1618 2713 iusserit
1640 2677 1742 2723 eique
1762 2680 1890 2722 postea
1899 2676 2061 2712 Maevius
2082 2677 2238 2714 extiterit
2254 2678 2371 2723 heres,

1273 2734 1346 2759 non
1379 2723 1529 2758 habebit
1551 2722 1715 2757 Maevius
1731 2724 1757 2743 ¹¹
1782 2733 1864 2757 cum
1888 2721 1983 2757 Titio
2006 2722 2095 2767 legis
2118 2723 2284 2770 Aquiliae
2307 2735 2369 2760 ac-

1271 2769 1415 2810 tionem,
1441 2768 1578 2803 scilicet
1601 2767 1799 2803 secuudum
1823 2767 1947 2802 Sabini
1970 2767 2194 2813 opinionem,
2219 2769 2281 2815 qui
2303 2781 2370 2815 pu-

1271 2814 1373 2849 tabat
1397 2813 1443 2848 ad
1465 2813 1632 2848 heredem
1656 2812 1833 2848 actionem
1856 2822 1929 2848 non
1952 2813 2167 2857 transmitti,
2215 2825 2285 2851 uae
2308 2815 2369 2851 de-

1271 2859 1398 2894 functo
1432 2861 1635 2903 competere
1664 2868 1737 2893 non
1767 2857 1903 2903 potuit:
1940 2867 2024 2894 nam
2055 2868 2143 2895 00110
2174 2869 2196 2895 a
2222 2860 2369 2896 surdum

1273 2903 1431 2946 accidet,
1464 2907 1506 2938 ut
1537 2903 1641 2938 heres
1672 2903 1828 2948 pretium
1857 2903 1960 2948 quasi
1990 2903 2102 2939 occisi
2126 2909 2370 2951 consequatur

1273 2950 1360 2991 eius,
1385 2948 1488 2984 cuius
1512 2948 1616 2983 heres
1642 2948 1787 2983 exstitit.
1826 2948 1924 2994 quod
1947 2948 1978 2984 si
2002 2959 2048 2985 cx
2070 2954 2174 2995 parte
2198 2961 2280 2986 eum
2305 2951 2368 2986 do-

1272 2994 1388 3029 minus
1412 2993 1579 3029 heredem
1604 3004 1685 3028 cum
1715 2993 1882 3028 libertate
1912 3004 1991 3030 esse
2022 2995 2184 3038 iusserit,
2218 2996 2367 3032 coheres

1272 3039 1347 3074 eius
1370 3042 1512 3074 mortuo
1538 3048 1579 3074 eo
1604 3042 1685 3083 aget
1707 3038 1783 3084 lege
1805 3039 1960 3084 Aquilia.

1317 3081 1370 3122 37
1395 3083 1442 3119 ΙΑ
1452 3093 1624 3119 νοιΕΝσο
1632 3083 1725 3119 libro
1738 3088 1871 3129 quarto
1885 3084 2023 3121 decimo
2037 3095 2088 3120 ex
2102 3085 2223 3121 Cassio
2257 3086 2367 3121 Liber

1270 3129 1375 3165 homo
1408 3129 1438 3164 si
1471 3129 1571 3164 iussu
1603 3129 1749 3164 alterius
1782 3139 1892 3164 manu
1921 3129 2088 3165 iniuriam
2122 3130 2236 3174 dedit,
2271 3132 2367 3167 actio

1269 3174 1355 3220 legis
1379 3173 1545 3219 Aquiliae
1570 3185 1652 3209 cum
1676 3184 1717 3209 00
1743 3177 1797 3210 est
1821 3174 1883 3220 qui
1904 3174 2019 3217 iussit,
2045 3175 2074 3210 si
2098 3175 2204 3211 modo
2228 3176 2284 3212 ius
2300 3177 2365 3211 im-

1269 3219 1416 3265 perandi
1440 3219 1568 3253 habuit
1581 3220 1626 3254 ¹²:
1652 3219 1748 3264 quod
1772 3219 1802 3255 si
1825 3230 1898 3255 non
1921 3219 2058 3262 habuit,
2084 3231 2166 3255 cum
2191 3231 2233 3257 eo
2258 3231 2365 3266 agen-

1273 3268 1286 3300 1
1338 3265 1422 3300 dum
1447 3269 1500 3299 est
1524 3264 1586 3309 qui
1616 3264 1733 3300 fecit„
1762 3265 1801 3300 Si
1832 3265 2056 3310 quadrupes,
2088 3266 2189 3301 cuius
2222 3266 2365 3301 nomine

1268 3309 1362 3345 actio
1389 3312 1483 3344 esset
1507 3320 1588 3344 cum
1612 3309 1766 3352 domino,
1792 3310 1888 3355 quod
1908 3310 2116 3355 pauperiem
2136 3310 2291 3352 fecisset,
2316 3311 2363 3346 ab

1268 3355 1338 3390 alio
1363 3354 1484 3390 occisa
1508 3359 1563 3390 est
1586 3359 1622 3390 et
1646 3366 1727 3390 cum
1752 3366 1793 3390 eo
1818 3356 1895 3400 lege
1917 3355 2060 3408 Aquilia
2084 3355 2220 3400 agitur,
2254 3355 2362 3390 aesti-

1268 3400 1377 3435 matio
1402 3410 1473 3434 non
1506 3399 1552 3434 ad
1584 3411 1715 3446 corpus
1747 3400 2008 3446 quadrupedis,
2045 3400 2107 3435 sed
2138 3400 2184 3435 ad
2216 3410 2362 3435 causam

1269 3445 1344 3479 eius
1370 3444 1419 3485 (in
1443 3455 1514 3489 quo
1538 3445 1582 3481 de
1605 3445 1777 3491 pauperie
1809 3446 1905 3481 actio
1936 3450 2002 3485 est)
2036 3445 2159 3480 referri
2191 3444 2296 3479 debet
2327 3448 2362 3479 et

1268 3489 1359 3524 tanti
1382 3489 1607 3526 damnandus
1633 3495 1687 3526 est
1710 3491 1739 3526 is
1760 3491 1820 3535 qui
1840 3490 1972 3526 occidit
1991 3489 2122 3525 iudicio
2142 3489 2228 3533 legis
2248 3490 2360 3534 Aqui-

1271 3601 1343 3633 edd.
1413 3601 1458 3642 (s)
1467 3613 1521 3644 pr.
1535 3616 1580 3628 =
1592 3601 1628 3634 D
1641 3603 1695 3641 35,
1709 3608 1737 3642 2,
1752 3608 1788 3634 63
1797 3613 1852 3644 pr.
1916 3602 1961 3642 (9)
1974 3599 2137 3632 liberante
2151 3598 2185 3630 F
2237 3600 2296 3637 (ιο)
2310 3598 2358 3629 νί-

1270 3647 1405 3679 deretur
1416 3646 1492 3680 F¹S
1628 3647 1683 3688 (11)
1709 3646 1861 3678 extiterit
1870 3645 1965 3678 heres
1979 3655 2046 3676 non
2060 3643 2199 3677 habebit
2210 3645 2359 3679 maevius

1272 3691 1302 3725 S
1312 3704 1379 3725 cum
1395 3691 1439 3733 B,
1453 3704 1513 3725 om.
1527 3692 1562 3724 F
1653 3693 1710 3729 (12)
1735 3690 1822 3722 afuit
1835 3690 1871 3723 F

2040 3792 2078 3823 17
