2528 3918
203 114 336 158 15.6

203 235 277 283 igni
299 234 526 287 interdictum
551 238 615 278 est,
641 234 752 271 clvem
771 233 973 270 Romanum
995 234 1091 280 parit
1115 238 1150 275 et
1173 234 1210 270 in
1232 244 1296 279 po·

205 284 336 318 testate
360 284 482 326 patris.

254 323 306 364 19
334 325 478 362 Cusus
498 322 588 358 libro
612 322 800 359 vicensimo
823 334 919 359 nono
943 323 1162 370 diqestorum
1209 322 1298 359 Cum

204 371 381 417 legitimae
405 368 550 415 nuptiae
572 367 692 403 factae
722 368 812 411 sint,
842 371 980 413 patrem
1009 368 1111 404 liberi
1142 378 1296 414 sequun-

205 420 282 452 tur:
308 415 411 459 vulgo
437 412 619 459 quaesitus
643 415 791 448 matrem
814 413 983 458 sequitur.

252 458 305 497 20
338 459 533 495 ULPIANUs
553 457 644 494 libro
669 458 876 505 triqensimo
901 461 1025 493 octavo
1050 457 1101 492 ad
1122 456 1296 494 Sabinum

206 505 274 550 Qui
298 504 416 539 furere
440 502 567 549 coepit,
593 506 629 538 et
647 506 781 539 statum
801 507 836 539 et
856 502 1061 547 dignitatem
1080 502 1117 537 in
1138 513 1210 548 qua
1228 502 1298 538 fuit

206 554 242 586 et
265 549 511 594 magistratum
535 551 571 583 et
592 551 806 593 potestatem
829 547 968 583 videtur
999 547 1170 590 retinere,
1203 547 1296 584 sicut

205 595 256 630 rei
281 604 368 629 suae
391 593 584 629 dominium
607 593 746 630 retinet.

252 636 302 676 21
330 638 586 674 Moosssrmvs
617 637 708 675 libro
740 640 890 685 septimo
921 638 1132 685 reqularum
1179 638 1295 674 Homo

204 684 304 726 liber,
330 683 390 729 qui
412 693 451 719 se
473 683 646 727 vendidit,
671 684 907 719 manumissus
932 694 1004 718 non
1027 683 1073 718 ad
1097 694 1199 719 suum
1222 687 1295 719 sta-

204 733 282 764 tum
305 729 512 772 revertitur,
537 739 606 774 quo
632 739 670 764 se
693 728 890 771 abdicavit,
922 727 987 763 sed
1011 727 1167 764 efficitur
1189 728 1295 764 liber-

205 775 303 810 tinae
329 773 560 809 condicionis.

252 816 306 856 22
330 818 439 854 IDEM
457 818 549 854 libro
574 818 784 854 duodecimo
806 828 1060 864 responsorum
1095 817 1296 854 Herennius

205 864 430 900 Modestinus
462 864 663 909 respondit,
700 863 729 898 si
762 873 803 899 eo
836 866 995 908 tempore
1027 862 1132 898 enixa
1155 866 1210 899 est
1233 873 1295 898 an-

206 909 300 952 cilla,
325 919 394 955 quo
419 909 613 944 secundum
632 909 743 953 legem
763 908 963 943 donationis
984 907 1201 943 manumissa
1219 918 1297 944 esse

206 954 350 997 debuit,
376 964 456 990 cum
481 964 524 989 ex
548 953 800 989 constitutione
822 952 935 988 libera
957 952 1083 997 fuerit,
1106 953 1296 998 ingenuum

207 1010 250 1035 ex
275 1009 318 1035 ea
341 1003 474 1035 natum.

252 1041 305 1082 23
331 1044 438 1080 IDEM
468 1044 558 1080 libro
588 1045 710 1091 primo
739 1044 1007 1092 pandectarum
1059 1044 1175 1089 Vulgo
1211 1054 1295 1079 con-

206 1100 247 1126 ce
273 1089 302 1125 ti
333 1089 501 1125 dicuntur
524 1089 585 1134 qui
607 1093 754 1134 patremv
770 1088 1015 1125 demonstrare
1038 1100 1111 1125 non
1134 1092 1295 1135 possunt,

204 1101 272 1171 vaf
298 1135 497 1180 uipossunt
515 1134 666 1179 quidem,
688 1133 751 1170 sed
771 1144 851 1170 eum
869 1134 1015 1177 habent,
1037 1145 1142 1180 quem
1165 1134 1297 1170 habere

205 1146 385 1216 non‘iicet.
411 1180 470 1225 qui
489 1184 524 1214 et
548 1179 660 1223 spurii
683 1179 910 1225 appellantur
932 1179 1035 1225 παρὰ
1046 1179 1114 1220 τὴν
1126 1177 1294 1232 σποράνῐ.

252 1222 305 1262 24
334 1224 529 1260 ULPJANUS
549 1224 640 1260 libro
664 1225 855 1260 vicensimo
881 1225 1033 1271 septimo
1054 1224 1104 1260 ad
1122 1223 1296 1260 Sabmum

206 1269 284 1306 Lex
309 1273 459 1305 naturae
483 1269 572 1304 haec
598 1272 669 1311 est,
701 1272 743 1303 ut
774 1269 834 1314 qui
858 1269 1019 1304 nascitur
1043 1269 1118 1305 sine
1141 1269 1295 1315 legitimo

205 1315 429 1395 maitrimonio
454 1318 602 1349 matrem
627 1317 814 1359 sequatur,
839 1314 907 1349 nisi
930 1314 988 1349 lex
1012 1314 1175 1360 specialis
1199 1314 1296 1350 aliud

205 1360 242 1395 in
270 1360 356 1395 ucit.

252 1403 331 1442 252
353 1404 461 1440 IDEM
480 1404 569 1440 libro
588 1405 711 1451 primo
736 1403 786 1440 ad
808 1404 920 1457 leqem
940 1403 1074 1440 Iuliam
1094 1408 1129 1439 et
1139 1403 1295 1451 Papiam

205 1451 402 1496 Ingenuum
426 1450 588 1494 accipere
612 1449 780 1485 debemus
806 1453 913 1484 etlam
937 1460 1027 1492 eum,
1053 1449 1096 1484 de
1120 1460 1189 1495 quo
1215 1460 1294 1485 sen-

204 1496 318 1531 tentia
340 1495 415 1530 lata
438 1498 502 1537 est,
527 1494 685 1539 quamvis
706 1493 814 1530 fuerit
832 1495 1036 1530 libertinus:
1062 1494 1145 1540 quia
1165 1505 1221 1530 res
1241 1495 1290 1530 iu-

205 1540 325 1576 dicata
372 1551 412 1575 ro
436 1539 584 1575 veritate
607 1540 791 1585 accipitur.

252 1582 305 1622 26
359 1594 525 1620 ULIANUS
546 1585 636 1620 libro
660 1585 915 1631 sexaqensimo
947 1595 1043 1620 nono
1075 1584 1115 1620 di
1139 1588 1295 1620 estorum

205 1630 274 1674 Qui
296 1630 370 1682 in²j
394 1633 496 1665 utero
522 1633 617 1670 sunt,
642 1629 678 1664 in
702 1633 778 1665 toto
804 1640 918 1675 paene
941 1630 1019 1665 iure
1043 1630 1076 1665 ci
1091 1630 1133 1682 J:
1159 1630 1294 1665 intelle-

202 1678 803 1755 iiiffieinhiirssgnffiiiirff⁸³3
830 1675 1294 1765 siassassgniifflssffirhssfi

203 1765 367 1801 hostibus
392 1767 499 1810 capta
529 1765 593 1807 sit,
624 1765 662 1800 id
685 1764 781 1810 quod
803 1768 927 1799 natum
951 1765 1018 1800 erit
1041 1765 1295 1810 postliminium

202 1810 332 1852 habet,
363 1809 448 1844 item
477 1810 590 1854 patris
621 1809 675 1845 vel
699 1809 823 1844 matris
848 1809 1091 1845 condicionem
1115 1810 1293 1855 sequitur:

202 1858 390 1900 praeterea
412 1854 443 1890 si
466 1854 596 1889 ancilla
618 1864 793 1907 praegnas
818 1855 988 1900 subrepta
1011 1854 1137 1898 fuerit,
1170 1865 1293 1900 quam-

202 1901 255 1935 vis
280 1899 378 1945 apud
408 1899 525 1935 bonae
555 1899 638 1935 fide1
673 1903 867 1944 emptorem
898 1900 1092 1945 pepererit,
1127 1900 1165 1935 id
1199 1900 1295 1946 quod

203 1948 327 1980 natum
352 1945 418 1980 erit
441 1948 622 1989 tamquam
645 1944 815 1979 furtivum
838 1955 907 1980 usu
942 1955 1015 1980 non
1046 1946 1204 1990 capitur:
1239 1945 1294 1981 his

205 1999 426 2035 consequens
451 1993 514 2032 est,
539 1992 580 2024 ut
603 1990 751 2025 libertus
776 2000 936 2035 quoque,
961 1990 1131 2035 quamdiu
1153 1990 1295 2035 patroni

202 2034 297 2115 ξίὶὲε
320 2034 421 2114 itiasci
443 2035 568 2079 possit,
594 2045 633 2070 eo
657 2035 735 2070 iure
758 2034 814 2078 sit,
840 2046 909 2080 quo
934 2038 1018 2070 sunt
1041 2035 1102 2081 qui
1123 2039 1294 2081 patronos

231 2091 253 2115 a
280 2090 325 2115 en
343 2107 351 2115 .

249 2122 302 2161 27
335 2124 529 2160 ΠιΡῙΛΝσε
557 2124 648 2160 libro
674 2125 798 2170 quinto
831 2125 1041 2171 opinionum
1087 2125 1201 2168 Eum,
1234 2125 1295 2170 qui

203 2180 242 2205 se
264 2169 468 2205 libertinum
492 2179 570 2204 esse
600 2169 753 2212 fatetur,
786 2180 853 2205 nec
884 2169 1089 2215 adoptando
1121 2173 1295 2215 patronus

202 2215 394 2260 ingenuum
416 2213 536 2250 facere
558 2214 688 2259 potuit.

706 2306 796 2347 V1³.

259 2374 322 2408 DE
346 2374 424 2407 HIS
449 2373 528 2411 QUI
553 2372 627 2407 SUI
650 2373 742 2406 VEL
767 2373 930 2406 ALIENI
953 2373 1076 2406 IURIS
1102 2373 1228 2406 SUNT.

253 2439 273 2478 1
287 2440 302 2462 ⁴
328 2439 452 2477 osma
471 2439 562 2476 libro
578 2440 703 2494 primo
728 2439 990 2485 institutionum
1037 2439 1093 2475 De
1115 2439 1192 2474 iure
1214 2449 1294 2485 per-

205 2495 373 2522 sonarum
397 2485 468 2520 alia
490 2485 614 2520 divis1o
640 2484 810 2530 sequitur,
836 2484 930 2530 quod
951 2484 1150 2530 quaedam⁵
1172 2494 1295 2529 perso-

203 2541 272 2567 nae
305 2530 361 2566 sui
393 2530 481 2566 iuris
516 2533 618 2572 sunt,
654 2529 828 2575 quaedam
863 2530 978 2565 alieno
1012 2529 1081 2564 iuri
1114 2529 1295 2565 subiectae

206 2576 324 2611 sunt⁶.
370 2575 552 2610 videamus
587 2575 732 2620 itaque⁷
764 2574 808 2610 de
839 2574 914 2617 his,
950 2584 1041 2620 quae
1076 2574 1191 2610 alieno
1227 2574 1294 2609 iuri

204 2621 386 2656 subiectae
405 2621 529 2655 sunt⁸:
554 2630 638 2655 nam
659 2620 689 2655 si
710 2619 976 2665 cognoverimus
997 2629 1089 2665 quae
1107 2619 1199 2655 istae
1213 2629 1292 2664 per-

204 2675 314 2701 sonae
345 2668 447 2708 sunt,
482 2664 587 2700 simul
618 2665 861 2710 intellegemus
893 2675 985 2710 quae
1008 2665 1064 2700 sui
1086 2664 1174 2700 iuris
1198 2668 1292 2700 sunt.

204 2709 434 2755 dispiciamus
457 2709 577 2755 itaque
602 2709 645 2745 de
667 2710 742 2753 his,
774 2710 893 2755 quae⁹
915 2710 951 2745 in
976 2710 1093 2745 aliena
1115 2712 1294 2755 potestate

206 2758 223 2790 1
272 2757 367 2790 sunt.
414 2754 526 2799 Igitur
549 2754 586 2789 in
608 2758 785 2799 potestate
798 2755 826 2776 ¹⁰
849 2758 934 2790 sunt
956 2755 1048 2790 servi
1071 2754 1293 2790 dominorum

205 2802 310 2845 (quae
334 2798 475 2845 quidem
497 2803 657 2845 potestas
680 2800 766 2835 iuris
789 2800 945 2845 gentium
978 2803 1050 2835 est:
1082 2809 1165 2834 nam
1197 2800 1293 2845 apud

203 2854 327 2880 omnes
357 2854 535 2890 peraeque
565 2848 687 2889 gentes
711 2844 991 2880 animadvertere
1013 2855 1204 2890 possumus
1229 2845 1291 2880 do-

203 2889 309 2925 minis
338 2889 377 2924 in
408 2899 528 2924 servos
558 2889 652 2924 vitae
682 2890 849 2935 necisque
872 2894 1084 2935 potestatem
1107 2889 1231 2933 fuisse)
1257 2893 1292 2925 et

205 2933 454 2980 quodcumque
503 2944 540 2968 er
563 2944 702 2970 servum
734 2934 952 2980 adquiritur,
984 2935 1021 2970 id
1053 2934 1194 2970 domino
1228 2934 1290 2970 ad-

206 2982 226 3014 2
273 2979 434 3025 quiritur.
508 2979 552 3014 ed
575 2979 643 3014 hoc
667 2983 826 3025 tempore
849 2980 954 3016 nullis
976 2980 1197 3022 hominibus,
1231 2980 1291 3025 qui

204 3023 270 3059 sub
292 3023 439 3069 imperio
452 3024 479 3045 ¹¹
504 3023 665 3059 Romano
690 3025 825 3067 suntffl,
849 3025 933 3060 licet
955 3035 1066 3070 supra
1088 3024 1232 3060 modum
1255 3028 1292 3060 et

203 3069 281 3104 sine
305 3078 417 3104 causa
438 3068 573 3120 legibus
599 3070 781 3114 cognita¹³
803 3070 841 3104 in
873 3080 993 3106 servos
1025 3079 1110 3105 suos
1142 3069 1287 3105 saevire.

203 3123 287 3150 nam
310 3123 354 3149 ex
378 3114 631 3149 constitutione
655 3114 725 3150 divi
738 3115 764 3136 ¹⁴
787 3115 961 3151 Antonini
992 3115 1054 3161 qui
1077 3114 1154 3150 sine
1178 3124 1290 3150 causa

204 3227 245 3269 (ι)
270 3226 308 3260 id
318 3232 383 3260 est.-
396 3236 417 3259 a
428 3226 620 3269 generando

205 3272 260 3315 (2“)
282 3271 406 3314 quiin]
419 3271 503 3314 quin
517 3271 549 3305 F

250 3317 294 3359 (s)
307 3316 460 3351 Sab.1...s
471 3326 481 3355 ς
492 3316 710 3350 Ed.o...11.—
727 3317 899 3357 Bucam.
919 3336 955 3342 -
971 3317 1293 3362 CfCod.8,4·1;Inst.

206 3363 299 3402 1,8.9.
361 3362 405 3404 (4)
417 3377 462 3391 ==
478 3360 761 3401 Gai-1,⁴8.50...53.
821 3363 864 3404 (5)
877 3362 1031 3404 sequitur
1042 3362 1082 3395 de
1095 3363 1168 3395 iure
1181 3372 1293 3406 perso·

204 3417 324 3439 narum
336 3405 406 3439 alia
415 3405 550 3440 divisio.
562 3416 638 3438 nam
651 3406 813 3448 quaedam
827 3406 932 3441 Gaius
977 3408 1021 3448 (8)
1035 3410 1115 3440 sunt
1124 3406 1295 3440 subiectae

208 3451 315 3486 Gaius
406 3451 451 3492 (7)
476 3450 534 3484 sed
553 3461 669 3484 rursus
691 3460 804 3483 earum
826 3462 1054 3495 personarum,
1078 3462 1164 3494 quae
1183 3452 1294 3485 aliano

204 3496 274 3529 iuri
285 3495 457 3531 subiectae
468 3498 559 3540 sunt,
579 3495 666 3529 aliae
680 3496 716 3528 in
730 3499 905 3540 potestate,
926 3497 1013 3531 aliae
1026 3497 1062 3530 in
1075 3507 1187 3538 manu,
1208 3496 1294 3530 aliae

204 3541 241 3574 in
254 3541 426 3585 mancipio
437 3543 526 3575 suut.
550 3540 722 3574 videamus
734 3551 824 3574 nunc
842 3541 947 3575 Gaius
1039 3543 1084 3584 (8)
1106 3542 1176 3575 sint
1188 3542 1295 3576 Gaius

206 3586 251 3629 (⁹)
277 3586 397 3619 sintae
418 3587 515 3630 prius
534 3585 754 3630 dispiciamus
773 3585 814 3618 de
834 3586 878 3619 iis
898 3586 956 3628 qui
973 3586 1080 3621 Gaius
1171 3588 1232 3629 (ιο)
1257 3586 1293 3619 ἰιι

204 3633 372 3674 potestate
383 3631 498 3674 itaque
514 3630 620 3666 Gaius
711 3631 766 3672 (n)
791 3631 836 3663 im
863 3631 912 3663 eri
924 3631 959 3665 F
1044 3633 1104 3674 (1²)
1128 3641 1191 3665 neo
1210 3631 1293 3664 civi-

204 3675 268 3708 bus
279 3675 440 3709 Romanis
452 3686 514 3709 nec
527 3675 607 3709 ullis
618 3674 697 3709 aliis
709 3676 836 3709 homini
863 3686 911 3715 us,
931 3676 990 3719 qui
1004 3676 1066 3709 sub
1079 3676 1221 3720 imperio
1234 3686 1292 3720 po·

204 3720 280 3762 puli
292 3720 434 3754 Romam
447 3724 526 3754 sunt
542 3721 647 3756 Gaius
738 3721 798 3763 (1³)
822 3719 955 3764 legibus
966 3721 1105 3763 cognita
1116 3734 1174 3755 om.
1189 3720 1294 3755 Gaius

748 3228 792 3270 (2)
819 3229 840 3262 1.
855 3235 890 3262 25
903 3235 982 3262 extr.
997 3245 1042 3258 =
1055 3228 1097 3260 D.
1111 3229 1222 3269 50,17‚
1237 3234 1292 3262 207

1695 124 1754 155 DE
1784 124 1922 157 STATU
1950 125 2062 157 Bou.
2120 126 2182 158 DE
2210 126 2284 159 ms
2312 125 2354 166 Q·
2385 127 2455 160 sm

1368 243 1509 269 servum
1520 243 1626 268 suum
1645 233 1825 278 occiderit,
1850 245 1923 271 non
1936 236 1964 257 ¹³
1982 235 2097 271 minus
2118 235 2237 282 puniri
2250 237 2278 259 ¹⁶
2295 237 2450 282 iubetur,

1367 289 1474 324 quam
1498 277 1559 323 qui
1582 277 1735 314 alienum
1757 289 1898 315 servum
1921 279 2105 316 occiderit.
2153 281 2217 316 sed
2239 284 2275 317 et
2297 282 2410 318 maior
2425 284 2453 306 ¹⁷

1367 323 1542 404 asperittas
1556 322 1777 360 dominorum
1791 324 1947 361 eiusdem
1966 325 2137 371 principis
2159 326 2412 363 constitutione
2425 327 2454 350 ¹⁸

1368 378 1493 405 coerce
1510 378 1563 404 ur.

1412 410 1437 450 2
1451 414 1479 435 ¹⁹
1509 413 1703 450 ULPJANUS
1723 413 1813 451 libro
1832 418 1956 451 octavo
1976 415 2022 451 de
2037 415 2164 461 officio
2178 416 2411 463 proconsulis
2423 417 2455 439 ²⁰

1367 458 1404 494 Si
1428 458 1589 495 dominus
1613 459 1651 511 in
1675 468 1794 496 servos
1805 459 1835 482 ²¹
1859 460 2021 496 saevierit
2044 460 2100 496 vel
2124 460 2170 496 ad
2200 461 2455 513 impudicitiam

1366 507 1580 549 turpemque
1611 503 1836 540 violationem
1866 515 1944 540 com
1972 505 2074 547 ellat,
2110 516 2201 551 quae
2232 509 2304 542 sint
2359 509 2454 542 artes

1366 548 1558 594 praesidis,
1590 559 1634 584 ex
1656 549 1829 595 rescripto
1854 549 1924 585 divi
1946 516 2002 584 fui
2025 550 2073 585 ad
2095 550 2234 586 Aelium
2245 551 2276 572 ²²
2340 551 2453 587 arcia-

1366 605 1451 629 num
1464 593 1714 639 proconsulem
1722 593 1890 631 Baeticae
1913 594 2199 631 manifestabitur
2208 595 2250 631 ²³.
2276 596 2377 632 cuius
2397 607 2453 632 re-

1366 639 1490 684 scripti
1512 639 1620 674 verba
1643 638 1732 675 haec
1751 643 1851 676 sunt:
1874 636 2120 676 ‘Dominorum
2139 641 2279 686 quidem
2298 645 2455 687 potesta-

1364 680 1449 719 ‘tem
1472 683 1510 719 in
1533 694 1618 720 suos
1641 685 1802 720 servos²⁴
1825 685 1997 721 illibatam
2022 695 2099 721 esse
2122 690 2267 732 oportet
2290 697 2355 723 nec
2380 688 2456 723 cui-

1363 726 1486 783 {quam
1508 729 1690 765 hominum
1722 729 1777 766 ius
1811 741 1915 766 suum
1947 730 2106 766 detrahi:
2139 731 2202 767 sed
2234 731 2455 768 dominorum

1378 774 1537 817 interest,
1561 784 1607 811 ne
1630 774 1802 811 auxilium
1825 779 1951 811 contra
1975 776 2157 811 saevitiam
2179 776 2235 812 vel
2254 776 2384 812 famem
2401 777 2455 813 vel

1364 815 1637 855 ‘intolerabilem
1659 820 1825 855 iniuriam
1849 820 2040 865 denegetur
2062 821 2117 856 his
2161 821 2199 856 ui
2217 822 2311 858 iuste
2331 822 2454 867 depre-

1364 860 1517 918 {cantum
1564 865 1716 917 ideoque
1739 875 1914 918 cognosce
1946 865 1989 900 de
2023 832 2188 911 quereflis
2221 877 2361 910 eorum,
2395 867 2456 913 qui

1379 920 1422 945 ex
1446 909 1580 945 familia
1602 910 1684 945 1u11i
1708 909 1831 946 Sabini
1864 910 1910 945 ad
1942 914 2097 946 statuam
2129 921 2170 947 co
2261 915 2384 953 erunt.
2421 916 2456 947 et

1364 950 1408 990 ‘si
1432 954 1487 990 vel
1511 954 1633 990 durius
1656 955 1798 991 habitos
1823 966 1928 1000 quam
1953 966 2106 1008 aequum
2129 959 2183 992 est
2205 967 2227 992 v
2292 956 2416 992 infami
2425 957 2456 978 ²³

1364 995 1506 1035 ‘iniuria
1530 999 1677 1035 affectos
1702 1000 1917 1045 cognoveris,
1943 1000 2092 1036 vemri²⁶
2114 1001 2198 1037 iube
2220 1001 2323 1044 ita2'1,
2355 1004 2396 1037 ut
2417 1002 2454 1037 in

1364 1041 1556 1090 ‘potestate
1565 1044 1597 1066 ²⁸
1621 1044 1753 1080 domini
1784 1056 1856 1081 non
1887 1049 2120 1081 revertantur.
2169 1046 2230 1091 qui
2239 1046 2273 1068 ²⁹
2295 1046 2326 1082 si
2355 1056 2456 1082 meae

1364 1086 1624 1125 ‘constitutioni
1646 1089 1807 1125 fraudem
1830 1089 1966 1133 fecerit,
1991 1090 2081 1126 sciet
2103 1101 2159 1126 me
2183 1091 2375 1127 admissum
2399 1102 2454 1127 se-

1363 1131 1493 1171 ‘vcrius
1517 1131 1789 1170 exsecuturum.²
1838 1135 1938 1170 divus
1963 1135 2070 1170 etiam
2091 1135 2295 1172 Hadrianus
2313 1135 2452 1172 Umbri-

1367 1180 1498 1215 ciam³⁰
1522 1179 1700 1225 quandam
1731 1183 1929 1215 matronam
1958 1180 1995 1215 in
2018 1180 2297 1233 quinquennium
2318 1181 2451 1226 relega-

1366 1226 1433 1266 vit,
1471 1225 1566 1271 quod
1602 1235 1645 1260 ex
1678 1225 1861 1261 levissimis
1897 1225 2014 1261 causis
2050 1226 2197 1262 ancillas
2232 1226 2455 1262 atrocissime

1366 1274 1570 1306 tractasset.

1412 1313 1477 1353 3⁸¹
1505 1316 1627 1352 Gales
1647 1315 1738 1351 libro
1754 1316 1878 1361 primo
1903 1316 2166 1352 institutionum
2213 1317 2304 1352 Item
2327 1317 2364 1352 in
2388 1328 2451 1362 po-

1365 1364 1495 1396 testate
1518 1364 1642 1396 nostra
1666 1363 1749 1396 sunt
1771 1360 1872 1396 liberi
1897 1361 2028 1404 nostri,
2062 1372 2151 1407 quos
2185 1372 2229 1397 ex
2258 1362 2360 1397 iustis
2386 1373 2453 1397 nu·

1367 1406 1453 1451 ptiis
1469 1405 1771 1451 procreaverimus
1783 1405 1830 1440 ³²:
1856 1405 1951 1451 quod
1970 1406 2026 1442 ius
2037 1406 2219 1452 proprium
2232 1406 2360 1443 civium
2379 1406 2454 1443 Ro-

1366 1461 1552 1486 manorum
1576 1454 1640 1486 est.

1411 1494 1478 1533 4³³
1508 1495 1701 1532 mmm
1722 1495 1813 1531 libro
1829 1496 1954 1541 primo
1979 1495 2241 1532 institutionum
2285 1496 2379 1532 Nam
2403 1497 2452 1533 ci·

1364 1540 1459 1576 vium
1493 1540 1736 1576 Romanorum
1774 1540 1919 1585 quidam
1953 1543 2036 1575 sunt
2070 1544 2191 1585 patres
2226 1541 2452 1584 familiarum,

1365 1586 1425 1621 alii
1440 1586 1504 1621 filii
1512 1585 1736 1627 familiarum,
1762 1585 1936 1630 quaedam
1947 1588 2079 1620 matres
2096 1584 2320 1630 familiarum,
2344 1596 2452 1632 quae-

1365 1631 1447 1666 dam
1470 1630 1564 1666 filiae
1586 1630 1810 1665 familiarum.
1858 1633 1980 1675 patres
2012 1629 2225 1666 familiarum
2260 1635 2361 1675 sunt,
2393 1631 2452 1677 qui

1365 1679 1449 1711 sunt
1472 1686 1558 1712 suae
1581 1675 1768 1721 potestatis
1792 1675 1865 1711 sive
1888 1675 2041 1720 puberes
2065 1675 2138 1710 sive
2159 1676 2380 1721 impuberes:
2406 1677 2452 1712 si-

1364 1721 1438 1756 mili
1458 1720 1563 1757 modo
1579 1724 1711 1755 matres
1728 1719 1962 1764 familiarum3
1986 1719 2049 1754 filii
2065 1719 2278 1756 familiarum
2295 1725 2331 1757 et
2348 1721 2453 1764 filiae,

1365 1776 1457 1811 quae
1480 1769 1565 1801 sunt
1593 1766 1631 1800 in
1662 1765 1778 1800 aliena
1805 1768 1993 1818 potestate.
2040 1775 2123 1800 nam
2155 1766 2217 1812 qui
2252 1776 2295 1802 ex
2327 1777 2384 1802 me
2418 1770 2454 1802 et
2526 1762 2528 1766 ’

1363 1820 1476 1846 uxore
1498 1820 1579 1846 mea
1600 1810 1778 1853 nascitur,
1814 1821 1853 1845 m
1876 1819 1954 1845 mea
1976 1813 2153 1854 potestate
2177 1814 2248 1846 est:
2286 1811 2371 1846 item
2394 1811 2454 1857 qui
2526 1824 2528 1833 =

1365 1866 1409 1891 ex
1430 1855 1505 1891 filio
1529 1864 1608 1891 meo
1633 1859 1669 1891 et
1691 1865 1801 1890 uxore
1824 1855 1898 1890 eius
1922 1854 2092 1898 nascitur,
2116 1854 2153 1890 id
2164 1859 2219 1891 est
2229 1866 2342 1901 nepos
2353 1866 2453 1892 meus
2525 1872 2528 1873 ⁷

1366 1905 1401 1937 et
1424 1900 1551 1946 neptis,
1576 1910 1689 1946 aeque
1718 1900 1756 1935 in
1779 1910 1859 1935 mea
1882 1903 1966 1935 sunt
1988 1902 2183 1944 potestate,
2217 1904 2253 1936 et
2274 1911 2453 1946 pronepos
2524 1937 2528 1949 ς

1365 1950 1401 1982 et
1448 1946 1607 1991 roneptis
1633 1950 1668 1980 et
1692 1945 1857 1990 deinceps
1883 1945 2002 1980 ceteri.
2524 1966 2528 1984 a

1411 1957 1447 2028 ἕ
1460 1991 1568 2027 IDEM
1595 1991 1686 2027 libro
1717 1990 1923 2037 triqensimo
1955 1992 2060 2025 sexto
2091 1989 2142 2025 ad
2162 1989 2336 2026 Sabinum
2381 1990 2453 2027 Ne·
2523 1999 2528 2014 ³

1363 2039 1467 2081 potes
1492 2046 1536 2072 ex
1558 2035 1631 2071 filio
1655 2038 1795 2071 mortuo
1821 2045 1887 2071 avo
1912 2034 2093 2070 reccidere
2116 2035 2232 2070 solent
2249 2035 2287 2071 in
2307 2035 2371 2070 filii
2386 2046 2451 2082 po·
2526 2055 2528 2059 ·

1364 2084 1540 2123 testatem,
1564 2081 1634 2116 hoc
1658 2083 1713 2116 est
1761 2080 1848 2115 atris
1872 2080 1945 2115 sui:
1970 2079 2074 2115 simili
2097 2079 2202 2116 modo
2224 2083 2260 2116 et
2276 2091 2452 2132 pronepo·
2523 2095 2528 2099 ·

1364 2130 1418 2162 tes
1443 2129 1478 2162 et
1501 2126 1666 2178 deinceps
1689 2091 1758 2160 vef
1766 2125 1803 2160 in
1826 2124 1889 2160 filii
1911 2128 2125 2170 potestatem
2136 2125 2177 2167 ³⁴,
2202 2125 2233 2161 si
2255 2125 2339 2161 vivit
2362 2129 2399 2161 et
2417 2126 2454 2161 in

1364 2171 1500 2206 familia
1522 2174 1670 2214 mans1t,
1694 2170 1749 2205 vel
1771 2170 1808 2205 in
1833 2170 1908 2205 eius
1931 2169 2107 2215 parentis,
2141 2169 2202 2215 qui
2225 2174 2309 2205 ante
2332 2181 2393 2206 eos
2417 2171 2454 2206 in
2522 2181 2524 2187 ·

1363 2219 1543 2261 potestate
1566 2219 1630 2252 est.
1668 2219 1704 2250 et
1726 2215 1794 2251 hoc
1818 2225 1891 2250 non
1913 2218 2052 2250 tantum
2074 2215 2111 2249 in
2135 2215 2370 2258 naturalibus,
2393 2226 2454 2251 ve·

1365 2272 1444 2296 rum
1465 2261 1503 2296 in
1527 2261 1595 2296 ado
1622 2260 1701 2296 tivis
1726 2270 1867 2305 quoque
1890 2259 1977 2295 iuris
2002 2263 2067 2295 est.
2520 2263 2528 2280 ἑ

1411 2303 1436 2343 6
1461 2305 1569 2341 IDEM
1601 2305 1678 2341 ibro
1702 2315 1798 2340 nono
1823 2304 1873 2339 ad
1894 2303 2068 2339 Sabinum
2114 2304 2244 2339 Filium
2279 2314 2360 2339 eum
2392 2304 2452 2340 de·
2523 2284 2528 2312 ἶ

1364 2350 1525 2393 finimus,
1558 2350 1619 2395 qui
1651 2359 1695 2384 ex
1725 2349 1800 2384 viro
1826 2351 1862 2384 et
1883 2358 1996 2383 uxore
2019 2348 2094 2384 eius
2118 2349 2290 2384 nascitur.
2337 2349 2400 2384 sed
2422 2349 2454 2385 si
2521 2382 2528 2396 ἑ

1363 2395 1536 2440 fingamus
1561 2393 1695 2430 afuisse
1713 2394 1878 2428 maritum
1897 2393 1994 2428 verbi
2013 2393 2127 2446 gratia
2146 2403 2211 2439 per
2230 2393 2453 2437 decennium,
2520 2402 2528 2442 g

1363 2451 1544 2476 reversum
1574 2439 1779 2474 anniculum
1809 2437 1985 2473 invenisse
2014 2449 2052 2473 m
2083 2438 2187 2474 domo
2219 2449 2303 2482 sua,
2359 2438 2453 2474 lacet

1364 2485 1467 2521 nobis
1491 2484 1620 2520 Iuliani
1643 2483 1820 2519 sententia
1842 2482 1939 2518 hunc
1969 2493 2042 2518 non
2073 2492 2151 2519 esse
2182 2483 2299 2518 mariti
2328 2450 2450 2519 guum.

1363 2540 1436 2565 non
1448 2533 1570 2565 tamen
1589 2528 1774 2565 ferendum
1792 2527 1951 2563 Iulianus
1971 2528 2023 2563 ait
2043 2538 2136 2571 eum,
2161 2528 2223 2574 qui
2244 2539 2325 2564 cum
2341 2538 2453 2564 uxore
2516 2522 2518 2540 ³

1364 2585 1430 2611 sua
1464 2574 1613 2610 adsidue
1642 2577 1801 2609 moratus
1836 2572 1927 2609 nolit
1956 2572 2067 2608 filium
2102 2573 2320 2618 adgnoscere
2350 2573 2453 2619 quasi

1363 2631 1436 2656 non
1459 2630 1573 2656 suum.
1621 2618 1685 2654 sed
1707 2618 1793 2653 mihi
1816 2618 1970 2660 videtur,
1995 2617 2091 2663 quod
2115 2622 2151 2653 et
2174 2617 2345 2654 Scaevola
2367 2628 2450 2664 pro-

1362 2665 1436 2708 bat,
1462 2664 1492 2700 si
1516 2667 1656 2700 constet
1678 2663 1844 2698 maritum
1874 2662 2092 2707 aliquamdiu
2124 2673 2205 2699 cum
2237 2673 2349 2705 uxore
2379 2673 2452 2699 non

1363 2710 1600 2746 concubuisse
1633 2708 1839 2744 infirmitate
1868 2707 2123 2743 interveniente
2155 2708 2212 2743 vel
2235 2707 2305 2744 alia
2329 2717 2453 2750 causa,

1361 2755 1417 2791 vel
1448 2755 1479 2791 si
1511 2765 1554 2790 ea
1586 2753 1788 2789 valetudine
1819 2756 1923 2798 pater
1951 2751 2106 2788 familias
2129 2752 2198 2788 fuit
2221 2756 2262 2788 ut
2307 2763 2453 2789 enerare

1361 2810 1433 2835 non
1457 2800 1590 2846 possit,
1613 2799 1709 2834 hunc
1723 2799 1763 2840 ³⁵,
1789 2798 1850 2843 qui
1872 2797 1910 2832 in
1934 2796 2040 2833 domo
2064 2800 2172 2833 natus
2197 2801 2270 2841 est,
2309 2798 2378 2834 ’cet
2400 2798 2450 2832 vi-

1362 2845 1451 2880 cinis
1473 2844 1678 2886 scientibus,
1702 2842 1814 2878 filium
1837 2852 1910 2878 non
1933 2851 2021 2877 esse.

1407 2887 1431 2926 7
1456 2889 1563 2926 Imm
1594 2889 1686 2925 libro
1719 2887 1911 2924 vicensimo
1947 2887 2073 2932 quinto
2108 2886 2159 2922 ad
2193 2886 2367 2923 Sabinum
2413 2886 2452 2922 Si

1361 2945 1433 2980 qua
1452 2945 1569 2981 poena
1587 2937 1691 2979 pater
1707 2932 1815 2968 fuerit
1827 2932 1990 2974 affectus,
2014 2935 2055 2966 ut
2075 2931 2131 2967 vel
2150 2931 2327 2967 civitatem
2347 2931 2451 2967 amit-

1359 2984 1414 3015 tat
1436 2979 1491 3015 vel
1514 2989 1636 3059 sergis
1658 2987 1796 3024 poenae
1818 2976 2006 3019 efficiatur,
2031 2976 2108 3012 sine
2128 2976 2236 3013 dubio
2257 2986 2368 3022 nepos
2389 2975 2452 3012 filii

1358 3025 1439 3061 loco
1464 3034 1572 3060 succe
1599 3023 1634 3058 ἰ.

1403 3066 1429 3107 8
1453 3068 1562 3104 Iam
1579 3068 1669 3104 libro
1693 3067 1881 3103 vicensimo
1911 3070 2016 3102 sexto
2047 3065 2099 3102 ad
2119 3065 2294 3103 Sabinum
2338 3066 2452 3101 Patre

1356 3113 1491 3150 furioso
1515 3113 1616 3148 liberi
1637 3112 1865 3148 nihilominus
1885 3111 1922 3147 in
1939 3111 2053 3157 patris
2071 3111 2127 3147 sui
2146 3114 2325 3156 potestate
2342 3114 2445 3146 sunt:

2211 3225 2269 3266 (ιδ)
2295 3234 2338 3256 no
2351 3224 2386 3257 F

1364 3228 1422 3269 (Η)
1447 3227 1530 3268 divi]
1551 3226 1771 3260 sacratissimi
1783 3225 1997 3270 imperatoris
2013 3224 2119 3260 Gaius
2303 3269 2363 3311 (18)

2388 3278 2451 3311 per

1364 3273 1423 3314 (16)
1449 3272 1557 3305 teneri
1583 3271 1690 3307 Gaius
1781 3272 1839 3312 (ιτ)
1864 3280 1996 3313 quoque
2016 3270 2077 3304 ins.
2098 3268 2204 3304 Gaius

1363 3317 1510 3350 eiusdem
1522 3316 1691 3360 principis
1705 3316 1982 3349 constitutionem
1998 3313 2106 3349 Gaius

1363 3363 1420 3403 3,s
1435 3369 1466 3396 et
1476 3362 1558 3397 Inst.
1575 3363 1604 3403 l,
1618 3369 1646 3403 8,
1661 3368 1678 3395 2

1363 3407 1441 3440 add.
1463 3407 1544 3441 Call.
1660 3406 1719 3448 (21)
1744 3416 1875 3439 servum
1899 3405 1981 3439 0011.

1680 3497 1743 3538 (26)
1766 3496 1816 3529 sic
1826 3495 1889 3528 1¹⁸⁶
1903 3494 1997 3537 coa,
2009 3493 2124 3527 venire
2137 3494 2209 3527 W

1784 3541 1848 3582 (28)
1872 3541 2072 3583 potestatem
2090 3539 2170 3573 Coll-

1362 3496 1483 3529 famiae
1500 3497 1580 3531 0011.

1362 3540 1439 3575 beta
1451 3542 1488 3585 F}
1503 3540 1598 3587 iubqt
1611 3540 1692 3575 coll.

1367 3586 1445 3620 σου.
1505 3587 1568 3629 (30)
1593 3584 1743 3619 umbram
1760 3584 1839 3619 Coa.
1898 3585 1957 3625 (an
1981 3600 2026 3613 ==
2042 3583 2118 3618 Gai.
2134 3585 2210 3624 μω
2275 3583 2338 3624 (82)
2363 3591 2451 3624 quos

1362 3630 1462 3664 iustis
1473 3631 1606 3675 nuptiis
1615 3630 1863 3674 procreavimus
1879 3628 1986 3663 Gaius
2065 3629 2129 3671 (88)
2154 3629 2201 3662 Ι.4
2215 3633 2294 3661 σειν.
2307 3642 2353 3656 —
2362 3626 2448 3659 Ima
2480 3631 2495 3650 ³·-

1365 3677 1395 3717 1,
1405 3683 1433 3717 9,
1444 3683 1460 3710 ³
1508 3676 1570 3718 (34)
1594 3677 1794 3719 potestatem
1805 3674 1899 3715 Hal„
1913 3675 2078 3717 potestate
2090 3673 2150 3707 FS
2205 3673 2272 3714 (³5).
2289 3671 2369 3705 hnic
2380 3681 2449 3704 m..

2182 3314 2243 3356 (ιο)
2267 3329 2314 3343 -
2329 3313 2448 3349 collat.
2501 3342 2505 3355 ,

1759 3362 1822 3403 (2ο)
1843 3360 1904 3394 sub
1918 3359 2019 3393 titulo
2031 3358 2072 3392 do
2084 3358 2294 3392 dominorum
2307 3357 2448 3391 saevitia
2488 3357 2504 3386 *J
2524 3365 2528 3399 ς

2095 3405 2159 3446 (22)
2185 3402 2350 3436 aurelium
2365 3402 2445 3436 0011„
2495 3400 2503 3435 ἓ
2523 3400 2527 3427 ἴ

1363 3452 1425 3493 (23)
1440 3451 1674 3484 manifestatur
1690 3450 1768 3485 0011„
1828 3451 1891 3491 (αι)
1903 3449 1937 3482 in
1951 3459 2062 3482 servos
2074 3459 2151 3482 suo.
2167 3448 2248 3483 0011.
2318 3448 2381 3489 (ει)
2393 3446 2449 3500 {n-
2490 3431 2526 3508 3!

2270 3493 2451 3579 (ιὲῗτζιῖἷᾶ
2478 3526 2500 3592 g
2526 3550 2528 3553 -
