2528 3918
197 159 428 204 XXXXVI
458 163 480 204 7

242 286 267 325 5
298 286 492 323 Uzmms
512 286 603 322 libro
625 288 916 333 septuageni-imo
938 288 1090 334 septimo
1114 286 1164 322 ad
1186 287 1280 323 edic-

197 336 271 368 tum
316 331 393 367 Iam
415 335 536 367 tamen
557 331 781 375 fideiussore,
805 333 867 378 qui
887 333 1058 369 iudicium
1080 336 1280 377 acceperat,

195 377 362 413 damnato
386 376 522 412 frustra
545 376 786 414 defensionem
808 388 892 414 reus
920 377 1088 422 suscipit:
1122 382 1280 413 ceterum

196 427 232 458 et
255 422 285 457 si
314 422 469 458 solutum
490 422 616 465 fuerit,
647 433 714 467 pos
797 433 880 458 uam
903 423 1099 458 iudicatum
1121 426 1192 466 est,
1223 432 1279 457 re-

194 467 402 513 petitionem
441 467 730 504 constituerimus
768 478 846 504 eius
886 468 982 514 quod
1019 467 1176 502 solutum
1213 472 1279 503 est.

200 517 211 546 1
263 511 364 548 Unus
389 522 433 547 ex
452 511 721 549 fideiussoribus
740 513 796 548 vel
815 513 1005 548 heredibus
1029 512 1192 557 pluribus
1210 512 1280 547 alio

197 560 216 592 2
264 562 428 593 cessante
459 557 642 602 suscipere
678 557 919 594 defensionem
956 562 1086 603 potest.
1141 557 1184 592 In
1212 558 1281 592 hac

195 602 423 647 stipulatione
452 602 536 647 quia
564 602 685 648 plures
714 614 846 639 causae
868 608 954 639 sunt
976 613 1050 637 una
1080 603 1280 647 quantitate

196 647 405 689 conclusae,
431 647 461 682 si
485 648 764 684 committeretur
786 649 906 684 statim
929 648 1114 693 stipulatio
1139 658 1184 683 ex
1207 658 1279 682 uno

148 710 151 712 ·
196 695 216 727 3
263 702 362 734 casu,
386 692 540 737 amplius
565 703 610 729 ex
631 694 701 729 alio
726 695 895 729 committi
919 704 992 728 non
1015 697 1144 738 potest.
1174 693 1281 728 Nunc

194 737 395 781 videamus,
426 737 542 782 qualis
571 738 729 774 defensio
760 740 938 783 exigatur,
970 748 1015 773 ne
1039 738 1282 774 committatur

195 783 396 828 stipulatio,
432 787 468 818 et
491 794 640 828 quarum
664 795 908 829 personarum.
956 787 993 819 et
1016 783 1047 819 si
1071 783 1213 828 quidem
1237 794 1282 819 ex

194 828 358 873 personis
387 830 604 864 enumeratis
641 829 680 864 in
708 828 948 865 defensionem
988 829 1067 874 quis
1099 828 1280 871 succedat,

195 873 315 919 palam
343 877 400 909 est
426 879 525 909 recte
551 885 627 909 rem
658 874 799 910 defendi
830 884 896 909 nec
929 873 1103 909 committi
1131 874 1279 927 stipula-

194 918 338 954 tionem.
405 919 437 956 si
459 929 543 955 vero
574 920 795 955 extrinsecus
827 929 982 964 persona
1004 918 1203 955 defensoris
1226 920 1279 954 in-

194 964 379 1007 terveniat,
403 974 517 1010 aeque
540 965 724 1009 stipulatio
748 975 821 999 non
846 965 1096 1007 committetur,
1120 965 1151 1000 si
1174 964 1280 1000 modo

194 1008 255 1044 ille
284 1013 434 1055 paratus
466 1010 512 1044 sit
542 1021 617 1045 rem
654 1010 737 1045 boni
767 1009 833 1044 viri
870 1010 1047 1044 arbitratu
1079 1009 1280 1053 defendere,

194 1054 264 1090 hoc
286 1058 344 1091 est
365 1054 556 1091 satisdare:
581 1055 632 1090 sic
657 1055 749 1090 enim
772 1054 911 1090 videtur
934 1054 1143 1098 defendere,
1168 1055 1201 1090 si
1223 1065 1280 1090 sa—

193 1099 317 1136 tisdet:
351 1104 508 1136 ceterum
530 1100 561 1136 si
585 1100 791 1145 simpliciter
817 1103 969 1152 paratus
999 1101 1047 1135 sit
1068 1100 1282 1137 intervenire

194 1155 261 1181 nec
285 1145 513 1188 admittatur,
546 1145 786 1181 committetur
814 1149 886 1180 ista
914 1145 1099 1191 stipulatio
1130 1146 1177 1181 ob
1207 1156 1282 1180 rem

194 1201 268 1226 non
302 1190 495 1227 defensam.
543 1190 639 1235 quod
673 1191 705 1226 si
739 1190 818 1236 quis
854 1201 934 1226 eum
968 1191 1024 1226 vel
1059 1202 1140 1227 cum
1174 1192 1280 1227 satis-

195 1235 340 1272 datione
370 1236 426 1272 vel
457 1236 533 1271 sine
562 1235 795 1272 satisdatione
826 1235 1023 1279 admiserit,
1060 1246 1281 1281 consequens

194 1281 264 1317 erit
296 1281 431 1325 dicere,
462 1281 703 1334 stipulationis
726 1281 830 1317 istius
854 1281 988 1316 nullam
1021 1285 1161 1326 partem
1185 1292 1281 1317 coin-

194 1327 298 1370 mitti,
317 1327 401 1372 quia
418 1326 487 1362 sibi
503 1330 682 1371 imputare
693 1329 703 1347 ¹
723 1326 838 1370 debet,
860 1327 923 1372 qui
939 1327 1048 1362 talem
1059 1326 1281 1362 defensorem

195 1375 217 1407 4
263 1371 416 1408 admisit.
452 1371 491 1407 Si
513 1381 558 1406 ex
580 1371 862 1415 fideiussoribus,
887 1372 948 1417 qui
970 1372 1168 1408 iudicatum
1192 1373 1281 1408 solvi

195 1422 379 1460 caverant,
416 1417 548 1452 existat
582 1416 764 1461 defensor,
806 1417 966 1462 placuit²
1001 1418 1046 1454 ob
1081 1428 1157 1454 rein
1190 1417 1282 1453 iudi-

195 1466 314 1498 catam
341 1462 606 1508 stipulationem
637 1473 711 1497 non
742 1462 916 1498 committi
945 1467 1136 1508 ceteraque
1159 1463 1283 1498 eadem

195 1512 214 1542 5
261 1518 351 1551 esse,
376 1513 483 1553 atque
507 1508 538 1543 si
561 1511 753 1544 extraneus
777 1507 943 1544 defensor
966 1509 1109 1544 existat.
1148 1509 1192 1544 In
1214 1509 1283 1543 hac

186 1553 241 1590 'sti
266 1553 424 1589 ulatione
446 1554 516 1589 hoc
538 1557 726 1597 tractatur,
751 1563 799 1588 an
822 1553 861 1588 hi
906 1553 945 1589 ui
967 1553 1226 1596 fideiusserint‚
1252 1553 1284 1589 si

194 1565 435 1634 defensionem
458 1598 651 1642 omiserint,
676 1598 837 1634 mandati
856 1599 895 1634 iu
922 1599 988 1634 ’cio
1011 1603 1213 1635 teneantur.
1247 1603 1284 1634 et

194 1648 250 1679 est
270 1644 390 1680 verius
411 1654 486 1680 non
507 1644 637 1679 teneri:
670 1644 708 1679 hi
732 1644 825 1679 enim
847 1644 886 1679 in
914 1644 1151 1689 quantitatem
1173 1645 1282 1680 inter-

193 1693 366 1725 venerunt
395 1693 434 1725 et
462 1689 532 1725 hoc
562 1689 632 1725 illis
655 1689 725 1724 fuit
747 1689 971 1734 mandatum,
1003 1700 1077 1726 non
1099 1690 1138 1725 in
1161 1689 1282 1725 defen-

195 1738 215 1770 6
261 1735 361 1770 sione
370 1735 397 1770 ³.
432 1734 526 1779 Quid
548 1739 680 1777 tamen,
705 1734 737 1771 si
759 1738 797 1771 et
818 1735 888 1770 hoc
913 1735 983 1770 sibi
1006 1735 1281 1781 adsumpserint,

194 1783 235 1814 ut
256 1779 466 1823 defendant,
496 1790 544 1815 an
567 1780 727 1815 mandati
777 1781 891 1816 ossint
913 1781 1044 1826 agere?
1090 1785 1127 1816 et
1149 1782 1182 1816 si
1205 1781 1281 1825 qui-

194 1825 274 1860 dem
297 1825 383 1861 victi
406 1830 501 1868 sunt,
526 1827 648 1870 utique
673 1791 773 1871 quod)
792 1826 838 1860 ob
862 1836 938 1861 rem
960 1826 1156 1861 iudicatam
1178 1836 1281 1879 prae-

194 1871 363 1906 stiterunt
384 1875 666 1916 consequentur:
700 1875 865 1916 sumptus
894 1874 1015 1906 tamen
1045 1871 1117 1907 litis
1140 1871 1283 1906 minime

194 1920 328 1961 petent.
364 1916 396 1952 si
418 1920 540 1951 autem
563 1916 805 1961 optinuerunt,
829 1920 1000 1961 poterunt
1023 1920 1187 1962 sumptus
1211 1916 1282 1951 litis

195 1961 375 2007 consequi,
398 1961 504 2007 quasi
525 1962 627 1996 iuxta
644 1961 864 2004 mandatum,
889 1962 957 1998 etsi
979 1972 1053 1998 non
1075 1962 1284 1997 mandatum

195 2010 213 2040 7
262 2007 424 2043 fec-erint.
471 2006 510 2042 Si
536 2010 658 2043 tamen
688 2007 809 2052 plures
840 2006 1068 2043 fideiussores
1092 2007 1283 2043 defendere

194 2052 328 2088 fuerint
382 2051 493 2096 arati,
529 2052 728 2094 videamus,
765 2055 887 2087 utrum
917 2063 1029 2088 unum
1061 2053 1283 2088 defensorem

194 2097 325 2133 debent
372 2107 445 2141 are,
469 2107 517 2132 an
535 2108 618 2133 vero
644 2097 811 2141 sufficiat,
836 2101 878 2132 ut
896 2098 1141 2143 unusquisque
1161 2108 1283 2133 eorum

196 2153 264 2189 pro
294 2146 398 2188 parte
428 2153 496 2178 sua
529 2142 699 2178 defendat
728 2143 784 2178 vel
822 2142 1044 2178 defensorem
1075 2144 1281 2179 substituat.

194 2191 232 2222 et
252 2189 364 2233 magis
389 2192 460 2232 est,
491 2192 549 2231 ut,
574 2188 645 2224 nisi
667 2199 778 2223 unum
801 2187 887 2223 dent
908 2193 1197 2234 procuratorem,
1221 2188 1283 2223 de—

195 2233 399 2268 siderante⁴
422 2233 558 2269 scilicet
580 2233 651 2269 hoc
674 2237 808 2276 actore,
831 2234 1076 2269 committatur
1099 2233 1146 2269 sti
1172 2234 1283 2269 ulatio

195 2278 243 2314 ob
270 2288 345 2314 rem
376 2289 450 2314 non
479 2278 678 2315 defensam:
719 2289 802 2314 nam
830 2283 867 2314 et
899 2279 1021 2324 plures
1051 2279 1137 2315 here
1163 2290 1200 2315 es
1232 2279 1285 2314 rei

195 2333 343 2361 necesse
368 2323 555 2360 habebunt
584 2335 695 2360 unum
719 2324 805 2359 dare
835 2328 1122 2370 procuratorem,
1153 2335 1198 2360 ne
1223 2325 1284 2360 de-

194 2369 309 2405 fensio
344 2379 411 2414 per
464 2369 561 2406 lures
590 2369 704 2405 scissa
734 2369 957 2405 incommodo
987 2370 1108 2414 aliquo
1139 2369 1286 2405 adficiat

200 2418 369 2450 actorem.
454 2414 515 2450 'ud
538 2419 594 2451 est
615 2414 654 2450 in
676 2414 868 2451 heredibus
891 2416 1042 2458 actoris,
1068 2415 1196 2460 quibus
1221 2425 1283 2450 ne-

197 2463 217 2495 8
263 2460 412 2496 cessitas
430 2471 502 2496 non
520 2460 726 2506 imponitur,
746 2464 789 2495 ut
829 2470 869 2496 er
879 2471 990 2496 unuin
1008 2460 1157 2505 litigent.
1191 2460 1285 2495 IUud

196 2505 379 2541 sciendum
402 2509 458 2541 est
474 2505 526 2541 ibi
547 2517 623 2541 rem
647 2516 725 2541 esse
745 2505 789 2541 de
806 2505 1014 2549 endendam,
1039 2511 1080 2541 ut
1101 2510 1199 2542 recte
1223 2506 1283 2542 de·

196 2550 375 2593 fendatur,
399 2551 463 2587 ubi
485 2550 592 2587 debet
614 2551 682 2596 agi.

243 2594 269 2633 6
301 2595 407 2631 IDEM
441 2596 534 2632 libro
563 2597 854 2643 septuaqensimo
886 2600 1011 2632 octavo
1043 2597 1093 2632 ad
1130 2597 1284 2633 edictum

197 2641 397 2677 Iudicatum
431 2641 521 2677 solvi
552 2641 735 2687 stipulatio
773 2645 846 2677 tres
878 2641 1060 2678 clausulas
1098 2642 1137 2678 in
1174 2653 1284 2677 unuin

198 2686 376 2767 dolhtgsal
371 2686 500 2722 habet:
526 2687 570 2722 de
593 2697 632 2723 re
655 2686 822 2731 iudicata,
847 2687 891 2722 de
914 2697 953 2723 re
977 2687 1215 2732 defendenda,
1240 2688 1285 2723 de

222 2742 243 2767 o
259 2742 280 2768 o
376 2742 409 2767 o.

244 2775 268 2814 7
297 2776 421 2814 auos
447 2777 539 2813 libro
564 2778 754 2813 vicensimo
777 2787 797 2812 s
844 2778 928 2813 timo
952 2777 1002 2812 ad
1023 2777 1177 2813 edictum
1195 2789 1285 2824 pro-

198 2821 350 2859 vinciale
379 2821 418 2857 Si
442 2826 525 2857 ante
549 2826 736 2867 acceptum
758 2822 795 2857 iu
824 2822 928 2858 ‘cium
950 2822 1153 2868 prohibitus
1177 2822 1286 2859 fuerit

198 2870 412 2913 procurator
439 2877 462 2902 a
496 2867 637 2902 domino
671 2870 707 2903 et
737 2871 841 2904 actor
870 2867 1039 2913 ignorans
1067 2868 1285 2913 prohibitum

197 2924 280 2949 eum
302 2923 381 2948 esse
404 2913 525 2957 egerit,
550 2923 595 2947 an
620 2912 802 2957 stipulatio
827 2913 1092 2948 committatur?
1139 2918 1176 2948 et
1198 2914 1286 2949 nihil

197 2957 296 2994 aliud
319 2957 390 2993 dici
412 2962 532 3003 potest
554 2969 659 3003 quain
676 2958 859 2993 committi.
892 2958 990 3003 quod
1011 2959 1043 2994 si
1067 2958 1144 3004 quis
1169 2959 1285 2995 sciens

198 3003 418 3049 prohibitum
448 3012 528 3038 esse
558 3003 686 3047 egerit,
719 3003 880 3040 Iulianus
903 3014 977 3040 non
1008 3006 1113 3050 putat
1136 3004 1182 3039 sti
1208 3005 1284 3039 ula-

199 3049 331 3084 tionem
355 3048 543 3084 committi:
567 3058 650 3083 nain
674 3052 715 3083 ut
738 3049 996 3092 committatur,
1020 3059 1094 3085 non
1116 3059 1133 3085 s
1203 3059 1283 3085 cere

200 3094 250 3129 ait
281 3104 363 3130 cnm
392 3103 437 3129 ea
464 3103 620 3139 persona
651 3098 838 3137 acceptum
868 3104 947 3130 esse
969 3094 1160 3138 iudicium,
1193 3105 1286 3140 quae

199 3139 421 3185 stipulationi
463 3138 720 3184 comprehensa
755 3143 826 3181 est,
869 3139 933 3175 sed
977 3143 1143 3185 oportere
1179 3140 1285 3175 etiam

200 3194 346 3220 causam
375 3193 552 3230 personae
591 3184 741 3219 eandem
779 3194 877 3227 esse,
914 3195 1007 3230 quae
1045 3184 1286 3230 stipulationis

198 3229 480 3276 interponendae
501 3233 660 3275 tempore
691 3228 769 3264 fuit.
818 3234 853 3264 et
874 3229 955 3266 ideo
979 3229 1011 3266 si
1034 3230 1083 3273 is,
1117 3230 1178 3275 qui
1199 3241 1284 3276 pro-

201 3279 346 3310 curator
369 3274 475 3310 datus
498 3277 571 3317 est,
602 3273 707 3309 heres
731 3274 905 3310 exstiterit
936 3275 1078 3310 domino
1102 3279 1211 3320 atque
1233 3276 1286 3311 ita

200 3319 380 3365 acceperit
407 3319 577 3355 iudicium
607 3318 681 3355 sive
709 3319 816 3355 etiam
855 3320 1056 3364 prohibitus
1093 3321 1284 3366 acceperit,

200 3376 273 3401 non
303 3365 537 3401 committitur
565 3364 765 3410 stipulatio:
797 3374 879 3399 nam
902 3369 938 3400 et
961 3365 1050 3401 alias
1074 3375 1284 3411 responsum

199 3421 290 3453 esse,
315 3410 344 3445 si
367 3410 447 3455 quis
470 3410 655 3446 absentem
674 3408 866 3445 defendens
886 3410 1120 3453 satisdederit,
1145 3410 1283 3453 deinde,

200 3455 255 3492 vel
284 3459 499 3508 procurator
527 3454 575 3490 ab
598 3464 640 3490 eo
674 3454 781 3491 datus
811 3453 867 3490 vel
897 3460 1086 3500 postquam
1118 3456 1221 3492 heres
1250 3457 1283 3492 ei

201 3500 318 3536 extitit
352 3499 521 3535 iudicium
543 3500 732 3546 acceperit,
754 3499 982 3536 fideiussores
1007 3511 1079 3536 non
1101 3501 1225 3536 teneri.

247 3542 273 3583 8
298 3527 455 3581 fiamus
475 3545 567 3581 libro
589 3546 878 3592 septuageni-imo
902 3550 1032 3590 quarto
1057 3546 1107 3581 ad
1128 3547 1280 3583 edictum

200 3590 239 3627 Si
268 3591 400 3636 petitor
429 3594 512 3636 post
541 3590 809 3626 satisdationem
837 3593 924 3626 ante
952 3590 1137 3633 iudicium,
1153 3601 1281 3636 accep-

201 3706 242 3747 (Ι)
267 3705 425 3748 imputari
444 3705 478 3738 F
582 3707 625 3745 (2)
650 3704 714 3737 nisi
736 3706 795 3737 irie.
911 3706 952 3742 (8)
977 3702 1199 3736 defensionem
1219 3717 1281 3738 scr.

205 3755 245 3790 (⁴)
270 3749 508 3782 desiderantem
532 3750 579 3782 Γ)
683 3751 726 3790 (5)
750 3748 966 3791 extinguetur
983 3747 1036 3781 F²
1138 3754 1181 3787 (e)
1206 3759 1283 3791 pro-

203 3794 349 3839 cui-ator]
360 3796 431 3840 suit
449 3794 603 3839 cognitor
687 3795 730 3837 (¹1)
745 3795 818 3841 suit
837 3793 1010 3836 cognitore
1086 3794 1133 3837 (8)
1156 3793 1283 3837 datum]

1274 153 1357 206 760

1492 39 1498 53 X

1498 56 1500 70 l

1496 74 1567 149 *ἡ

1556 163 1559 181 i

1558 151 1606 213 [χ
2024 176 2272 212 mnicA'mii
2299 183 2430 215 sonvi

1348 290 1424 367 ῗιιξιι
1452 287 1557 324 heres
1586 291 1786 334 possessori
1817 291 2011 333 exstiterit,
2046 291 2288 336 extinguitur⁶
2318 293 2428 339 stipu-

1363 344 1385 367 a
1401 343 1448 368 io.

1395 374 1421 415 9
1453 377 1648 414 ULPIANUs
1667 379 1758 415 libro
1788 385 1919 426 quarto
1943 380 2080 417 decimo
2103 382 2152 417 ad
2174 382 2327 419 edictum
2373 383 2429 418 Iu—

1350 421 1507 475 dicatum
1536 423 1625 459 solvi
1661 424 1845 470 stipulatio
1884 426 2087 472 expeditam
2117 427 2225 462 habet
2253 430 2430 473 quantita-

1349 471 1435 503 tem:
1459 478 1497 503 ιιι
1510 472 1660 521 ‘tantum
1682 470 1775 505 eniin
1798 471 2046 514 committitur,
2070 472 2108 507 in
2130 477 2304 518 quantum
2326 474 2431 508 iudex

1350 514 1644 558 pronuntiaverit.

1400 556 1449 595 10
1474 558 1729 595 Mon-swam
1749 560 1839 596 libro
1864 566 1994 607 quarto
2013 562 2279 608 pandectarum
2326 563 2363 598 Si
2388 565 2433 598 ad

1350 602 1610 638 defendendum
1632 606 1867 649 procurator⁶
1896 607 2001 643 datus
2024 607 2149 649 fuerit,
2182 608 2356 644 satisdare
2377 609 2433 643 iu-

1350 648 1456 683 betur
1477 648 1674 684 iudicatum
1697 650 1787 686 solvi
1809 651 2049 697 stipulatione,
2076 663 2167 697 quae
2190 664 2262 688 non
2285 654 2331 689 ab
2354 654 2433 699 ipso

1349 698 1583 739 procuratore
1594 695 1619 738 ⁷,
1650 694 1715 731 sed
1737 705 1761 730 a
1783 695 1926 732 domino
1949 697 2021 733 litis
2045 699 2291 743 interponitur.
2341 699 2435 744 quod

1351 738 1614 819 si‘grocurator
1633 740 1787 786 aliquem
1806 741 1986 785 defendat,
2005 743 2084 788 ipse
2104 744 2242 788 cogitur
2262 744 2435 779 satisdare

1349 794 1388 819 ιιι
1427 788 1546 819 catum
1569 785 1656 820 solvi
1679 787 1920 831 stipulatione.

1399 827 1446 866 11
1474 829 1635 865 PAULvs
1662 830 1754 866 libro
1784 834 2073 878 septuaqensimo
2105 838 2236 879 quarto
2261 834 2309 869 ad
2340 834 2433 870 edic-

1352 877 1426 908 tum
1472 874 1510 910 Si
1531 884 1676 918 servus,
1708 877 1769 921 qui
1792 877 1829 912 in
1859 887 1935 912 rem
1966 878 2108 913 actione
2142 880 2348 924 petebatur,
2373 880 2434 914 lite

1350 923 1552 955 contestata
1582 920 1792 965 decesserit,
1831 922 1958 957 deinde
1987 932 2174 967 possessor
2205 924 2301 959 litem
2333 924 2434 959 dese-

1349 965 1479 1009 ruerit,
1513 965 1658 1009 quidam
1685 965 1914 1003 fideiussores
1947 967 2023 1003 eius
2054 979 2119 1013 pro
2149 968 2212 1004 lite
2236 969 2339 1004 datos
2364 981 2436 1004 non

1349 1011 1464 1046 teneri
1486 1015 1626 1055 putant,
1651 1012 1736 1057 quia
1755 1017 1895 1048 mortuo
1917 1013 2059 1048 homine
2078 1013 2178 1048 nulla
2200 1014 2271 1049 iam
2292 1025 2350 1050 res
2370 1015 2434 1050 sit:

1350 1055 1446 1100 quod
1468 1054 1599 1091 falsum
1622 1063 1687 1100 est,
1713 1058 1880 1102 quoniam
1898 1058 2043 1103 expedit
2062 1058 2106 1093 de
2129 1059 2303 1095 evictione
2322 1060 2435 1095 actio-

1351 1100 1695 1180 nisiponservandae
1719 1113 1847 1146 causa,
1883 1103 1968 1139 item
1991 1104 2174 1139 fructuum
2197 1105 2339 1141 nomine
2360 1115 2436 1140 rein

1350 1157 1387 1181 ιιι
1413 1156 1512 1181 icari.

1400 1189 1451 1228 12
1476 1192 1703 1228 Pom’omvs
1732 1194 1822 1228 libro
1845 1195 2038 1230 vicensimo
2061 1198 2166 1230 sexto
2190 1195 2240 1230 ad
2262 1195 2435 1231 Sabinum

1351 1235 1389 1289 Si
1411 1247 1494 1272 reus
1521 1241 1605 1290 post
1633 1238 1830 1274 iudicatum
1860 1239 1950 1275 solvi
1980 1240 2027 1275 ab
2050 1250 2093 1275 eo
2124 1240 2268 1275 datum⁸
2298 1241 2335 1275 in
2359 1251 2435 1275 ma-

1349 1286 1502 1326 gistratu
1534 1287 1581 1317 Sit
1603 1293 1670 1318 nec
1692 1283 1823 1319 invitus
1846 1284 1884 1319 in
1906 1285 1961 1319 ius
1993 1286 2114 1320 vocari
2144 1286 2274 1330 possit,
2306 1291 2435 1328 tamen,

1351 1327 1419 1362 nisi
1449 1337 1507 1362 res
1537 1328 1623 1364 boni
1652 1328 1719 1364 viri
1750 1329 1927 1365 arbitratu
1951 1329 2178 1373 defendatur,
2208 1330 2435 1366 fideiussores

1350 1376 1529 1408 tenentur.

1399 1415 1448 1455 13
1488 1418 1682 1454 [limnas
1710 1418 1801 1454 libro
1832 1422 1984 1474 septimo
2016 1421 2301 1467 disputationum
2348 1421 2436 1457 Cum

1351 1464 1609 1516 quaerebatur,
1644 1464 1674 1499 si
1702 1464 1915 1509 interposita
1943 1465 2139 1501 iudicatum
2171 1466 2259 1501 solvi
2288 1466 2435 1510 stipula-

1351 1513 1465 1551 tione,
1491 1519 1573 1544 cuin
1597 1509 1676 1554 quis
1699 1520 1774 1544 rein
1797 1520 1870 1545 non
1894 1510 2118 1555 defenderet,
2169 1516 2269 1547 ostea
2292 1521 2335 1546 ex
2360 1521 2435 1546 ere-

1351 1554 1501 1589 modicio
1527 1555 1740 1590 sententiam
1763 1561 1856 1591 esset
1878 1566 2026 1601 passus,
2057 1566 2103 1591 an
2128 1567 2148 1592 o
2202 1567 2277 1592 rem
2298 1556 2435 1591 iudica-

1352 1602 1426 1634 tam
1450 1599 1613 1635 clausula
1636 1600 1896 1637 committatur:
1922 1602 2085 1637 dicebam
2108 1611 2216 1636 unam
2240 1602 2436 1637 clausulam

1337 1645 1390 1679 .in
1413 1644 1643 1690 stipulatione
1665 1645 1862 1680 iudicatum
1885 1647 1974 1681 solvi
1997 1651 2034 1682 et
2051 1647 2097 1682 ob
2119 1657 2195 1682 rem
2217 1657 2291 1681 non
2314 1647 2436 1682 defen-

1352 1699 1429 1725 sam
1460 1694 1497 1725 et
1520 1691 1566 1726 ob
1589 1700 1665 1725 rem
1698 1690 1893 1726 iudicatam
1914 1691 1953 1727 in
1981 1702 2020 1727 se
2043 1692 2191 1728 habere:
2225 1702 2306 1727 cum
2328 1691 2437 1736 igitur

1350 1734 1547 1770 iudicatum
1571 1735 1660 1771 solvi
1684 1736 1868 1780 stipulatio
1891 1747 1964 1771 una
1983 1737 2149 1772 cludatur
2168 1736 2340 1779 clausula,
2365 1737 2437 1772 sive

1352 1790 1410 1816 res
1434 1780 1612 1815 iudicetur
1635 1781 1707 1816 sive
1731 1791 1788 1816 res
1811 1792 1884 1817 non
1916 1781 2145 1826 defendatur,
2178 1783 2303 1818 merito
2327 1792 2436 1827 quae-

1352 1825 1469 1868 ritur,
1496 1826 1528 1861 si
1567 1825 1704 1861 ⁹altera
1734 1836 1845 1862 causa
1874 1827 2131 1870 committatur,
2172 1838 2220 1863 an
2251 1837 2294 1862 ex
2326 1827 2438 1862 altera

1350 1881 1494 1906 rursum
1526 1871 1700 1906 committi
1729 1873 1855 1916 possit.
1904 1883 1986 1908 ecce
2009 1873 2102 1907 enim
2125 1873 2156 1908 si
2187 1873 2265 1919 quis
2289 1873 2436 1917 stipule-

1352 1920 1428 1952 tur:
1462 1916 1504 1951 ‘si
1533 1917 1631 1952 navis
1661 1926 1707 1952 ex
1729 1917 1818 1952 Asia
1845 1917 1981 1953 venerit
2017 1922 2081 1953 aut
2111 1918 2142 1953 si
2165 1918 2281 1953 Titius
2311 1918 2437 1953 consul

1353 1961 1473 1998 ‘fuerit
1484 1962 1536 2005 ¹⁰⁹,
1561 1966 1714 2005 constat,
1737 1962 1811 1997 sive
1833 1963 1933 1998 navis
1956 1963 2057 2008 prior
2077 1964 2214 1999 venerit
2232 1964 2306 1998 sive
2322 1963 2436 1998 Titius

1353 2007 1479 2043 consul
1509 2011 1593 2042 ante
1615 2006 1735 2043 factus
1759 2007 1822 2050 sit,
1855 2009 2028 2043 committi
2055 2008 2338 2054 stipulationem:
2375 2007 2438 2043 sed

1353 2052 1416 2087 ubi
1446 2053 1634 2088 commissa
1665 2057 1720 2088 est
1751 2063 1795 2089 ex
1823 2053 1943 2106 priore
1975 2064 2101 2096 causa,
2125 2064 2170 2089 ex
2193 2054 2322 2097 altera,
2356 2053 2437 2088 licet

1352 2098 1483 2132 existat
1511 2097 1692 2140 condicio,
1733 2099 1886 2144 amphus
1924 2110 1998 2135 non
2033 2099 2280 2134 committitur:
2325 2098 2438 2134 altera

1353 2153 1464 2178 causa
1486 2143 1591 2186 enim,
1616 2154 1689 2178 non
1712 2148 1865 2189 utraque
1886 2144 2003 2179 inerat
2025 2144 2255 2190 stipulationi.
2287 2143 2438 2189 proinde

1352 2187 1558 2232 videndum,
1595 2188 1780 2234 stipulatio
1812 2189 1860 2224 ob
1894 2199 1970 2225 rem
1998 2200 2071 2225 non
2105 2188 2287 2225 defensam
2317 2193 2438 2224 utrum

1353 2234 1542 2269 commissa
1571 2238 1626 2269 est
1657 2244 1696 2269 re
1719 2245 1792 2269 non
1815 2234 1963 2271 defensa
1984 2245 2032 2270 an
2054 2245 2127 2270 non
2159 2235 2259 2280 prius
2282 2234 2438 2269 creditur

1354 2279 1556 2323 commissa,
1587 2279 1656 2314 nisi
1680 2290 1723 2315 ex
1753 2280 1983 2331 stipulatione
2005 2280 2050 2316 lis
2079 2280 2189 2315 fuerit
2212 2279 2438 2316 contestata?

1353 2324 1449 2369 quod
1480 2324 1593 2368 magis
1624 2328 1696 2359 est:
1733 2329 1769 2360 et
1797 2325 1876 2360 ideo
1900 2335 1967 2362 nec
1995 2324 2265 2361 fideiussoribus
2297 2324 2439 2360 videtur

1353 2370 1471 2404 statim
1504 2369 1578 2405 dies
1610 2369 1753 2413 cedere,
1793 2370 1856 2405 ubi
1885 2381 1944 2406 res
1983 2374 2150 2415 coeperat
2179 2381 2252 2406 non
2283 2369 2435 2405 defendi.

1354 2414 1502 2459 proinde
1532 2415 1562 2449 si
1591 2414 1686 2450 forte
1714 2415 1758 2450 lis
1788 2415 1890 2450 finita
1919 2415 2046 2458 fuerit,
2078 2416 2125 2451 ad
2148 2426 2255 2461 quam
2278 2415 2436 2451 defensio

1354 2464 1430 2495 erat
1460 2460 1682 2502 necessaria,
1722 2459 1777 2494 vel
1808 2461 1985 2496 solutione
2016 2461 2072 2496 vel
2108 2461 2352 2496 transactione
2382 2460 2438 2496 vel

1353 2505 1625 2550 acceptilatione
1642 2505 1698 2540 vel
1716 2516 1787 2550 quo
1805 2505 1875 2541 alio
1887 2505 2003 2549 modo,
2025 2510 2284 2551 consequenter
2302 2505 2438 2551 placuit

1359 2554 1369 2584 l
1420 2560 1632 2586 evanescere
1655 2551 1702 2586 ob
1725 2561 1801 2586 rem
1823 2561 1896 2586 non
1930 2551 2112 2587 defensam
2142 2551 2341 2587 clausulam
2399 2550 2438 2585 Si

1353 2595 1454 2631 fuero
1480 2605 1502 2630 a
1524 2594 1734 2632 fideiussore
1756 2597 2002 2641 procuratoris
2025 2596 2217 2642 stipulatus
2241 2596 2437 2631 iudicatum

1353 2640 1443 2676 solvi
1473 2641 1577 2686 quasi
1606 2641 1643 2676 in
1674 2651 1749 2676 rem
1779 2646 1927 2677 acturus
1958 2646 1994 2677 et
2024 2645 2150 2687 postea
2175 2642 2215 2677 in
2247 2651 2437 2686 personam

1353 2696 1468 2731 egero,
1492 2686 1548 2721 vel
1570 2686 1641 2722 alia
1663 2686 1806 2722 actione
1828 2692 1987 2730 acturus,
2015 2687 2121 2723 aliam
2145 2689 2300 2722 antem¹¹
2324 2686 2436 2721 dicta-

1354 2742 1436 2767 vero
1461 2732 1647 2775 actionem,
1670 2742 1743 2767 non
1767 2732 1997 2768 committitur
2020 2732 2215 2785 stipulatio,
2246 2731 2330 2777 quia
2353 2731 2397 2767 de
2410 2732 2437 2752 ¹²

1354 2777 1425 2812 alia
1448 2782 1569 2812 actum
1591 2777 1741 2818 videtur,
1767 2777 1811 2812 de
1834 2777 1905 2812 alia
1927 2777 2111 2822 stipulatio
2134 2777 2355 2822 interposita.

1403 2821 1454 2859 14
1493 2821 1520 2857 I
1522 2832 1686 2858 omanus
1727 2822 1817 2858 libro
1860 2823 2184 2868 quinquaqensimo
2222 2823 2349 2868 quinto
2383 2822 2434 2856 di-

1353 2871 1534 2913 qestorum
1583 2867 1621 2902 Si
1652 2878 1697 2903 ex
1729 2867 1869 2903 duobus
1900 2867 2187 2909 fideiussoribus,
2218 2867 2280 2912 qui
2301 2867 2436 2902 iudica·

1354 2917 1430 2948 tum
1454 2913 1542 2948 solvi
1565 2912 1852 2958 spoponderant,
1877 2913 1969 2948 alter
1991 2913 2037 2948 ob
2061 2923 2137 2948 rem
2159 2923 2231 2948 non
2255 2912 2435 2947 defensam

1354 2962 1490 3002 partein
1514 2967 1615 2993 suam
1639 2958 1801 3000 solverit,
1837 2957 1947 2993 nihilo
1971 2958 2087 2993 minus
2117 2968 2176 2993 res
2207 2957 2348 2993 defendi
2371 2967 2434 3001 po-

1355 3004 1449 3038 terit.
1496 3012 1563 3039 nec
1585 3007 1705 3038 tamen
1726 3003 1775 3045 is,
1801 3003 1861 3047 qui
1884 3003 2044 3046 solverit,
2067 3006 2221 3048 repetet:
2252 3002 2435 3047 stipulatio

1355 3049 1447 3083 enim
1482 3059 1548 3094 pro
1582 3053 1686 3094 parte
1716 3049 1792 3083 eius
1831 3052 2014 3093 perempta
2045 3054 2118 3090 est,
2151 3047 2299 3100 perinde
2329 3057 2374 3082 ac
2405 3047 2437 3082 si

1357 3097 1371 3128 1
1421 3097 1610 3145 acceptum
1638 3094 1672 3128 ei
1702 3093 1839 3129 factum
1869 3093 2007 3129 fuisset.
2054 3093 2225 3137 Quotiens
2256 3102 2302 3128 ex
2323 3093 2435 3145 stipu-

1353 3139 1485 3174 latione
1507 3138 1706 3174 1udicatum
1730 3139 1818 3174 solvi
1849 3139 1895 3174 ob
1919 3149 1994 3174 rem
2018 3148 2089 3173 non
2112 3137 2295 3173 defensam
2318 3142 2436 3182 agitur

1354 3194 1434 3220 cum
1456 3183 1737 3226 fideiussoribus,
1763 3195 1835 3220 non
1860 3188 1914 3219 est
1935 3183 2095 3236 iniquum
2115 3183 2232 3218 caveri
2256 3183 2434 3218 dominum

1354 3230 1472 3274 priore
1493 3228 1625 3264 iudicio
1649 3229 1803 3271 absolvi,
1835 3229 1920 3274 quia
1943 3238 2074 3264 oimssa
2102 3228 2268 3263 cautione
2291 3226 2434 3263 fideius-

1353 3285 1452 3310 sores
1475 3273 1634 3309 mandati
1658 3273 1789 3310 iudicio
1820 3285 1893 3309 non
1906 3275 1934 3296 ¹³
1966 3277 2228 3317 consequentur
2249 3276 2314 3308 aut
2337 3276 2432 3308 certe

1354 3331 1395 3355 co
1467 3323 1528 3354 tur
1551 3318 1733 3354 dominum
1781 3320 1875 3354 riore
1897 3318 2028 3355 iudicio
2053 3317 2253 3354 defendere.

1427 3364 1453 3402 5
1488 3365 1713 3399 Armcszws
1767 3365 1845 3400 ibro
1880 3368 1986 3400 sexto
2055 3364 2279 3398 uaestionum
2334 3362 2435 3397 Haec

1353 3409 1535 3456 stipulatio
1561 3409 1740 3454 ‘quamdiu
1753 3410 1780 3430 ¹⁴
1810 3419 1868 3445 res
1891 3418 1965 3444 non
1987 3408 2031 3443 de
2046 3407 2222 3450 endatur',
2253 3406 2358 3443 simul
2380 3412 2434 3442 at—

1353 3464 1422 3536 qule
1444 3454 1586 3490 defendi
1610 3455 1768 3500 coeperit
1790 3458 1854 3490 aut
1876 3453 2017 3490 defendi
2041 3453 2169 3489 debere
2193 3452 2353 3495 desierit,
2377 3462 2434 3487 re·

1352 3511 1392 3536 so
1408 3499 1512 3535 vitur-

1399 3542 1452 3583 16
1483 3545 1690 3580 Nmurws
1715 3545 1807 3581 libro
1838 3544 1943 3580 tertio
1966 3544 2253 3579 membranarum
2298 3542 2357 3578 Ex
2379 3542 2434 3577 iu·

1352 3590 1510 3627 dicatum
1532 3589 1622 3626 solvi
1639 3589 1867 3635 stipulatione
1891 3588 1937 3624 eb
1960 3599 2036 3624 rem
2057 3599 2131 3625 non
2148 3587 2329 3624 defensam
2353 3597 2434 3622 cum

1353 3703 1464 3735 datam
1477 3703 1530 3736 F²
1611 3706 1655 3746 ιο)
1680 3714 1719 3737 ex
1733 3705 1793 3738 ine.
1807 3704 1881 3739 odd.

1354 3751 1409 3789 (ιι)
1432 3750 1544 3781 autem
1564 3749 1627 3782 del.
1639 3749 1793 3793 Krueqer

1352 3792 1403 3827 hil
1412 3805 1475 3827 ser.
1568 3794 1627 3836 (2⁴)
1652 3794 1786 3837 qnando
1797 3806 1859 3828 ser.

1963 3705 2026 3747 (io)
2047 3700 2163 3745 fuerit]
2174 3701 2282 3735 factus
2294 3701 2358 3734 erit
2368 3713 2431 3734 ser.

1890 3750 1950 3791 (¹²)
1974 3748 2015 3782 de
2035 3749 2097 3782 det.
2196 3751 2254 3788 (ιε)
2279 3745 2359 3789 noiil
2380 3745 2431 3779 ni-
