2528 3918
119 125 240 164 QUOD
274 125 318 155 vl
346 125 434 156 AUT
463 124 582 156 CLAM

115 235 146 272 si
176 238 316 271 mortuo
350 234 567 271 alienatove¹
599 243 701 270 servo
732 233 1023 277 interdiceretur,
1058 233 1198 279 patien-

115 281 202 316 tiam
221 279 407 316 dumtaxat
422 283 606 325 praestare
624 278 753 314 debere
769 278 831 320 ait,
856 278 908 313 ita
925 283 966 314 ut
982 279 1042 314 et²
1060 282 1199 324 emptor

115 336 157 362 eo
180 325 370 361 interdicto
392 325 507 370 possit
529 323 725 367 conveniri,
757 326 797 358 ut
819 323 1016 368 impensam
1038 326 1199 370 praestet

114 374 178 406 aut
201 381 332 406 noxam
356 370 433 407 det:
459 369 672 414 dominoque
692 368 810 414 operis
829 379 895 404 sua
913 369 1075 415 impensa
1094 368 1197 404 resti-

115 419 237 452 tuente
261 420 325 451 aut
348 416 526 458 damnato,
551 415 636 459 quia
658 425 732 449 non
754 414 969 457 restitueret,
1004 424 1057 449 em
1084 417 1198 450 torem

115 461 270 497 liberari.
319 460 441 496 eadem
465 463 500 495 et
523 460 554 496 si
577 462 703 495 contra
726 458 889 494 dominus
913 459 1006 495 servi
1028 469 1070 495 ve
1107 469 1197 504 opus

114 507 329 542 restituisset
363 505 419 542 vel
454 505 527 540 litis
568 504 814 540 aestimatione
854 504 1043 540 damnatus
1085 507 1196 539 esset:

116 551 212 597 quod
241 552 272 588 si
302 554 443 586 tantum
471 560 586 586 noxae
616 549 790 592 dedisset,
822 549 992 586 adversus
1017 549 1197 585 dominum

115 600 134 631 2
183 597 300 642 operis
328 596 464 631 utiliter
494 594 668 630 interdici.
714 594 777 629 Ait
805 594 984 630 Iulianus:
1022 594 1083 639 qui
1114 598 1198 629 ante

115 642 354 678 remissionem
390 640 642 684 nuntiationis,
685 643 811 675 contra
850 651 956 684 quam
994 639 1197 685 prohibitus

113 687 232 729 fuerit,
256 697 346 732 opus
364 685 499 728 fecerit,
524 685 662 721 duobus
681 684 879 720 interdictis
899 685 1087 727 tenebitur,
1113 695 1196 727 uno,

115 732 210 777 quod
227 741 271 767 ex
289 731 406 776 operis
426 731 507 766 novi
525 730 750 766 nuntiatione
768 731 947 775 competit,
967 730 1080 765 altero
1102 729 1197 774 quod

114 778 147 813 vi
176 781 239 812 aut
272 777 373 812 clam.
426 776 633 812 remissione
664 778 784 810 autem
813 775 911 811 facta
941 774 1196 819 intellegendus

114 833 187 857 non
217 822 284 857 erit
313 822 348 857 vi
376 824 440 856 aut
469 821 561 856 clam
589 820 726 862 facere,
760 821 918 866 quamvis
942 821 1194 865 prohibeatur:

113 868 221 903 licere
244 867 337 901 0111111
360 866 465 902 debet
488 866 677 902 aedificare
700 866 744 908 ei,
770 866 831 910 qui
854 865 1089 910 satisdederit,
1115 876 1196 900 cum

113 923 298 958 possessor
321 912 389 947 hoc
411 912 490 957 ipso
515 911 773 957 constituatur:
806 911 967 956 clamque
989 911 1108 947 facere
1130 920 1197 946 nec

114 962 196 993 ante
219 957 461 992 remissionem
484 967 551 992 1100
573 959 700 1001 postea
724 956 980 992 existimandus
1010 959 1083 1000 est,
1116 966 1196 991 cum

113 1003 154 1045 is,
180 1003 241 1047 qui
264 1013 354 1048 opus
377 1013 508 1037 novum
530 1001 683 1046 nuntiat,
707 1012 780 1037 non
797 1002 911 1046 possit
930 1002 1041 1038 videri
1061 1001 1196 1037 celatus

114 1052 149 1083 et
172 1051 457 1093 praeoccupatus
468 1049 493 1089 ³,
522 1050 714 1092 antequam
743 1046 1020 1083 controversiam
1048 1046 1194 1082 faceret.

114 1097 132 1127 3
180 1093 377 1128 Bellissime
400 1092 497 1138 apud
518 1092 695 1127 Iulianum
720 1093 920 1137 quaeritur,
951 1102 998 1127 an
1020 1092 1110 1127 haec
1133 1102 1194 1128 ex-

114 1138 229 1183 ceptio
253 1141 382 1173 noceat
404 1138 443 1172 in
464 1138 534 1173 hoc
557 1137 745 1173 interdicto
779 1137 886 1182 ‘quod
916 1147 988 1172 non
1012 1140 1053 1172 tu
1075 1137 1110 1172 vi
1133 1140 1197 1172 aut

114 1184 217 1219 ‘clam
240 1183 404 1218 feceris'?
439 1186 481 1218 ut
507 1186 598 1228 puta
628 1186 712 1218 utor
741 1182 910 1218 adversus
941 1186 977 1217 te
1006 1181 1195 1218 interdicto

114 1229 206 1273 quod
230 1229 287 1263 vi⁴
311 1231 375 1263 aut
398 1228 508 1270 clam,
538 1237 586 1262 an
615 1227 732 1272 possis
762 1227 902 1263 obicere
932 1227 1019 1262 mihi
1047 1227 1196 1263 eandem

113 1273 375 1318 exceptionem:
402 1273 510 1317 ‘quod
532 1283 605 1308 non
627 1277 668 1307 tu
691 1272 726 1307 vi
749 1276 812 1307 aut
835 1272 926 1307 clam
949 1272 1128 1308 fecisti'5?
1160 1276 1196 1308 et

113 1319 163 1353 ait
177 1319 337 1354 Iulianus
355 1318 605 1363 aequissimum
622 1327 701 1353 esse
719 1318 812 1353 hanc
829 1318 1074 1398 exceptionem
1089 1318 1194 1353 dare:

112 1374 195 1399 nam
218 1364 248 1399 si
269 1366 322 1406 tu,
346 1363 471 1408 inquit,
496 1363 737 1399 aedificaveris
756 1363 791 1398 vi
811 1367 874 1397 aut
891 1373 910 1398 0
927 1373 994 1406 0111,
1019 1374 1083 1408 ego
1103 1363 1196 1398 idem

113 1409 299 1444 demolitus
330 1407 433 1444 fuero
462 1408 496 1443 vi
525 1412 589 1443 aut
620 1407 712 1444 clam
743 1412 779 1443 et
809 1408 923 1444 utaris
947 1408 1117 1444 adversus
1139 1419 1196 1444 me

112 1453 312 1497 interdicto,
336 1454 430 1489 hanc
454 1453 699 1498 exceptionem
722 1453 959 1498 profuturam.
1004 1454 1099 1498 quod
1123 1464 1196 1489 non

113 1500 217 1535 aliter
238 1498 432 1544 procedere
456 1499 572 1541 debet,
597 1498 666 1534 nisi
689 1508 733 1533 ex
754 1508 884 1543 magna
908 1503 944 1533 et
963 1499 1050 1534 satis
1071 1509 1194 1534 neces-

112 1545 208 1580 saria
232 1554 360 1580 causa:
391 1543 549 1589 alioquin
578 1544 668 1579 haec
698 1543 817 1579 omnia
839 1543 959 1579 officio
984 1544 1112 1580 iudicis
1137 1554 1196 1579 ce-

112 1593 134 1625 4
178 1589 310 1625 lebrari
338 1592 490 1642 oportet.
537 1588 608 1624 Est
644 1592 680 1624 et
718 1588 790 1624 alia
828 1588 1007 1634 exceptio,
1045 1589 1090 1625 de
1125 1599 1196 1634 qua

113 1635 262 1671 Celsus⁶
285 1634 441 1676 dubitat,
467 1644 515 1669 an
538 1634 585 1669 sit
608 1633 812 1670 obicienda:
845 1637 886 1669 ut
934 1637 996 1670 uta
1018 1634 1051 1670 si
1072 1634 1196 1670 incen-

113 1681 161 1716 dii
192 1679 339 1715 arcendi
368 1689 478 1715 causa
507 1679 615 1714 vicini
645 1678 751 1714 aedes
779 1679 906 1715 interci
930 1679 944 1714 i
973 1682 1010 1715 et
1039 1679 1134 1724 quod
1162 1679 1197 1715 vi

113 1729 176 1760 aut
207 1725 299 1760 clam
327 1735 464 1760 mecum
493 1727 622 1769 agatur
650 1728 714 1759 aut
737 1723 857 1759 damni
878 1724 1019 1760 iniuria.
1070 1724 1195 1760 Gallus

113 1771 206 1806 enim
229 1770 368 1805 dubitat
378 1771 402 1812 ⁷,
436 1780 482 1804 an
511 1769 651 1814 excipi⁸
680 1772 878 1814 oporteret:
912 1769 1019 1814 ‘quod
1041 1769 1197 1805 incendii

113 1815 336 1851 ‘defendendi
352 1825 462 1850 causa
477 1814 613 1849 factum
632 1825 705 1849 non
725 1814 808 1850 sit'?
837 1814 980 1851 Servius
997 1819 1117 1850 autem
1134 1815 1196 1857 ait,

112 1862 143 1897 si
165 1860 203 1896 id
225 1860 455 1906 magistratus
477 1859 632 1902 fecisset,
659 1859 813 1894 dandam
836 1869 932 1902 esse,
961 1860 1101 1905 privato
1124 1870 1198 1895 11011

112 1916 190 1942 esse
212 1906 305 1941 idem
330 1904 613 1941 concedendum:
645 1904 677 1940 si
705 1908 825 1940 tamen
854 1904 940 1950 quid
961 1905 996 1940 vi
1019 1909 1083 1940 aut
1106 1905 1198 1940 clam

111 1951 247 1987 10010111
270 1951 316 1987 811
339 1960 455 1996 neque
477 1950 568 1995 ignis
592 1960 707 1995 usque
731 1959 772 1985 eo
795 1950 1032 1995 pervenisset,
1055 1950 1198 1996 simpli⁹

112 1998 208 2032 litem
227 1996 499 2031 aestimandam:
525 1995 556 2030 si
578 1995 807 2040 pervenisset,
832 1995 968 2031 absolvi
987 2005 1068 2031 eum
1090 2005 1196 2042 opor-

112 2046 197 2078 tere.
243 2041 337 2077 idem
368 2041 419 2076 ait
450 2050 548 2083 esse,
580 2040 612 2075 si
641 2040 762 2075 damni
789 2040 920 2075 iniuria
947 2044 1068 2076 actum
1090 2040 1196 2085 foret,

113 2087 279 2133 quoniam
309 2086 442 2122 nullam
472 2085 639 2120 iniuriam
670 2089 734 2120 aut
756 2085 924 2120 damnum
947 2085 1034 2121 dare
1056 2085 1197 2121 videtur

113 2142 226 2177 aeque
253 2132 419 2177 perituris
444 2130 603 2166 aedibus.
652 2130 748 2176 quod
778 2130 809 2166 si
838 2130 937 2166 nullo
966 2130 1129 2166 incendio
1159 2131 1197 2166 id

113 2178 258 2220 feceris,
289 2176 416 2212 deinde
445 2179 572 2221 postea
600 2175 802 2211 incendium
826 2179 943 2211 ortum
965 2175 1092 2219 fuerit,
1122 2187 1196 2212 non

113 2223 204 2258 idem
227 2222 296 2258 erit
318 2221 521 2263 dicendum,
546 2221 630 2266 quia
653 2231 728 2256 non
750 2230 795 2256 ex
817 2224 901 2266 post
923 2221 1038 2265 facto,
1063 2221 1128 2258 sed
1151 2232 1196 2257 ex

111 2267 293 2314 praesenti
315 2271 413 2302 statu
436 2266 604 2301 damnum
626 2265 763 2301 10010111
786 2265 833 2302 811
850 2276 918 2301 1100
934 2276 990 2310 110,
1015 2267 1197 2303 aestimari

113 2318 131 2347 5
181 2316 347 2358 oportere
360 2312 482 2346 Labeo
499 2311 560 2346 ait.
591 2311 800 2347 Notavimus
814 2321 936 2356 supra,
950 2312 1056 2356 quod,
1072 2322 1195 2357 quam-

113 2359 164 2393 vis
188 2358 297 2393 verba
319 2356 499 2392 interdicti
526 2356 600 2391 late
622 2359 787 2401 pateant,
819 2361 939 2391 tamen
968 2357 1015 2392 ad
1047 2368 1091 2392 ea
1119 2357 1197 2393 sola

113 2414 223 2448 opera
237 2402 414 2448 pertinere
429 2401 658 2437 interdictum
673 2401 826 2446 placere,
847 2412 1092 2448 quaecumque
1107 2403 1197 2438 fiant

112 2450 148 2484 in
173 2449 261 2484 solo.
303 2449 331 2469 ¹⁰
340 2458 420 2483 eum
443 2447 548 2489 enim,
573 2446 634 2491 qui
656 2446 812 2481 fructum
836 2447 962 2492 tangit,
987 2458 1060 2484 non
1082 2449 1196 2484 teneri

112 2493 299 2529 interdicto
332 2492 427 2538 quod
455 2492 489 2527 vi
521 2495 585 2526 aut
615 2491 725 2527 clam:
757 2492 895 2527 nullum
926 2493 1020 2528 enim
1044 2503 1135 2539 opus
1158 2493 1196 2528 in

113 2539 188 2575 solo
211 2538 310 2573 facit.
353 2541 392 2573 at
415 2537 476 2582 qui
499 2537 646 2573 arbores
670 2537 834 2580 succidit,
859 2537 982 2582 utique
1005 2538 1195 2581 tenebitur,

114 2588 150 2619 et
173 2584 233 2629 qui
255 2582 491 2619 harundinem
522 2586 558 2617 et
590 2582 649 2626 qui
673 2581 855 2618 salictum:
885 2586 1004 2618 terrae
1033 2583 1129 2619 enim
1161 2588 1197 2619 01

114 2628 372 2674 quodammodo
410 2628 486 2663 solo
521 2627 590 2672 ipsi
628 2627 887 2672 corrumpendo
916 2638 1043 2664 manus
1074 2628 1194 2664 infert.

112 2674 206 2710 idem
242 2677 278 2709 et
317 2674 354 2709 in
390 2673 500 2708 vineis
537 2671 697 2707 succisis.
748 2676 904 2707 ceterum
942 2673 1003 2718 qui
1037 2673 1196 2709 fructum

114 2719 247 2761 aufert,
280 2718 366 2753 furti
397 2717 502 2753 debet
534 2716 726 2752 conveniri.
771 2717 892 2762 itaque
916 2718 947 2753 si
970 2718 1053 2763 quid
1079 2719 1195 2764 operis

114 2765 150 2799 in
173 2764 250 2800 solo
274 2763 354 2805 fiat,
386 2762 615 2797 interdictum
643 2762 761 2797 locum
791 2763 911 2798 habet.
957 2763 995 2797 in
1018 2763 1095 2799 solo
1119 2763 1197 2799 fieri

115 2809 307 2854 accipimus
332 2812 368 2843 et
390 2807 422 2844 si
445 2806 529 2852 quid
553 2807 649 2842 circa
671 2807 819 2843 arbores
841 2806 923 2852 fiat,
955 2818 1028 2843 non
1057 2808 1088 2844 si
1112 2809 1197 2854 quid

115 2860 134 2889 (5
182 2854 277 2890 circa
300 2853 457 2888 fructum
480 2852 648 2888 arborum
661 2854 700 2888 ¹⁰.
748 2852 786 2887 Si
810 2853 888 2897 quis
914 2863 1078 2889 acervum
1104 2858 1195 2890 ster-

115 2900 207 2935 coris
232 2899 328 2934 circa
351 2909 475 2943 agrum
498 2897 664 2942 pinguem
689 2897 883 2941 disiecerit,
917 2909 998 2934 cum
1022 2908 1063 2934 eo
1089 2900 1196 2944 ‘quod

115 2945 159 2980 ‘vi
191 2948 254 2980 aut
285 2945 376 2979 clam
399 2943 534 2978 factum
558 2943 624 2978 est’
657 2943 713 2988 agi
741 2946 878 2989 potest:
910 2947 946 2979 et
974 2944 1045 2980 hoc
1072 2954 1196 2980 verum

115 2995 131 3025 'l
203 2993 276 3033 est,
314 2989 396 3034 quia
426 2988 503 3024 solo
533 2987 657 3023 vitium
684 2988 885 3024 adhibitum
913 2989 971 3025 sit.
1023 2989 1135 3024 Plane
1165 2990 1196 3025 si

115 3035 200 3081 quid
213 3036 239 3056 ¹¹
277 3035 353 3079 agri
390 3033 529 3069 colendi
561 3043 671 3068 causa
700 3032 836 3069 factum
866 3033 928 3078 sit,
966 3034 1195 3071 interdictum

116 3080 209 3125 quod
232 3080 265 3115 vi
288 3084 352 3115 aut
376 3079 468 3114 clam
491 3079 610 3114 locum
632 3089 704 3114 non
726 3078 849 3123 habet,
882 3079 914 3115 si
935 3079 1060 3115 melior
1085 3090 1195 3115 causa

114 3125 210 3161 facta
234 3125 280 3160 sit
303 3125 397 3170 agri,
428 3123 586 3170 quamvis
615 3123 816 3168 prohibitus
849 3124 926 3168 quis
955 3125 990 3160 vi
1017 3125 1073 3160 vel
1103 3125 1195 3160 clam

115 3174 135 3205 8
181 3170 317 3205 fecerit.
363 3170 556 3205 Praeterea
585 3168 616 3203 si
644 3167 778 3204 fossam
806 3168 931 3204 feceris
954 3170 991 3204 in
1014 3169 1103 3206 silva
1126 3181 1194 3214 pu-

113 3216 208 3252 blica
238 3219 273 3251 et
300 3215 366 3251 bos
397 3225 496 3250 meus
527 3214 565 3249 in
593 3223 672 3250 eam
699 3213 879 3258 inciderit,
911 3224 1015 3260 agere
1046 3225 1194 3260 possum

114 3329 155 3371 (1)
177 3327 360 3361 alienatore
378 3327 413 3360 F
536 3325 580 3369 (2)
606 3325 637 3358 ei
659 3325 707 3358 F2
840 3325 882 3367 (3)
905 3331 1147 3368 preoccupatus
1166 3326 1200 3358 F

116 3376 158 3415 (4)
182 3373 250 3405 vim
263 3374 298 3406 F
369 3373 411 3414 (5)
436 3373 475 3404 ut
485 3375 569 3414 puta
581 3373 659 3403 utor
671 3395 678 3402 .
690 3395 696 3401 .
708 3394 715 3402 .
729 3369 814 3402 clam
824 3369 934 3403 fecisti
944 3371 1006 3404 del.
1020 3371 1193 3412 (Schmidt)

115 3421 159 3459 (6)
185 3417 302 3451 Gallus
313 3430 374 3450 scr.
446 3418 487 3457 (7)
514 3415 631 3449 Gallus
644 3415 733 3448 em'm
745 3414 877 3447 dubitat
889 3416 948 3448 del.
1025 3416 1071 3457 (8)
1095 3417 1142 3449 sic
1154 3415 1192 3456 S,

116 3463 202 3496 effici
214 3464 250 3496 F
308 3463 353 3503 (9)
377 3461 572 3504 simpliciter
585 3461 755 3499 (Schmidt)
768 3472 830 3493 scr.
843 3460 895 3493 vel
905 3460 954 3494 sic
965 3461 1115 3494 restitue.-
1135 3470 1193 3492 ne-

116 3519 180 3559 que
190 3507 280 3550 ignis
290 3517 395 3548 usque
407 3516 445 3539 eo
455 3506 683 3583 pegvenissetgi
695 3505 791 3581 [elugi1
803 3514 948 3582 31ng
965 3506 1085 3582 efflat-niu
1105 3504 1195 3581 quot}

116 3551 664 3638 17111131ἳᾷοἒἶῖᾱέἓὲἓῖοωῃῖεέἓώ
696 3561 807 3637 sqimpli
837 3593 931 3626 litem
958 3593 1194 3627 aestimandam

117 3646 176 3683 (10)
198 3650 274 3686 post
292 3642 330 3674 in
348 3641 417 3674 solo
437 3642 559 3674 insere.-
582 3641 696 3682 itaque
713 3640 741 3672 si
759 3638 841 3681 quid
857 3638 966 3681 operis
981 3638 1019 3671 in
1038 3637 1108 3672 8010
1128 3638 1194 3680 fiat,

117 3687 333 3720 interdictum
343 3686 454 3719 locum
466 3684 575 3718 habet.
599 3685 637 3717 in
648 3684 719 3718 8010
730 3684 804 3717 fieri
818 3683 998 3726 accipimus
1015 3685 1050 3716 et
1064 3683 1095 3716 si
1113 3682 1196 3725 quid

118 3732 205 3764 circa
227 3732 359 3765 arbores
380 3731 457 3771 fiat,
487 3740 554 3762 non
585 3730 613 3761 si
644 3730 726 3771 quid
756 3729 848 3762 eirca
869 3728 1016 3761 fructum
1038 3727 1194 3760 arborum

1193 107 1277 155 699

2034 116 2265 160 XXXXlll
2298 121 2348 160 24

1268 235 1288 267 9
1336 233 1405 276 hoc
1434 232 1643 275 interdicto,
1677 235 1759 278 quia
1789 237 1826 270 in
1856 237 2001 281 publico
2032 239 2168 274 factum
2198 245 2263 275 est.
2313 240 2350 276 Si

1269 278 1348 323 quis
1365 276 1569 331 aedificium
1587 278 1775 332 demolitus
1789 282 1815 302 ¹²
1835 281 1952 324 fuerit,
1973 284 2131 327 quamvis
2150 295 2222 320 non
2240 296 2353 337 usque

1268 322 1314 358 ad
1345 323 1479 367 solum,
1511 334 1597 368 qum
1624 324 1812 360 mterdicto
1837 331 2015 370 teneatur,
2045 329 2202 365 dubitari
2234 330 2349 366 (108111.

1273 372 1311 419 19
1359 368 1514 421 Proinde
1538 371 1573 403 et
1597 369 1629 421 81
1651 369 1789 414 tegulas
1814 370 1857 405 de
1877 372 2036 409 aedificio
2059 374 2251 417 sustulerit,
2277 386 2351 410 ma-

1268 423 1321 458 gis
1347 417 1412 456 est,
1437 417 1478 448 ut
1500 413 1691 449 1nterdicto
1715 417 1891 458 tencatur,

1315 455 1339 495 8
1374 458 1604 494 VENULEIUS
1637 458 1727 494 libro
1758 461 1913 496 secundo
1949 463 2217 499 interdictorum
2270 476 2351 500 nam

1270 503 1367 547 origo
1393 503 1499 539 huius
1523 504 1575 539 rei
1598 514 1621 539 a
1644 504 1721 539 solo
1744 504 1991 549 proficiscitur.
2039 513 2195 544 ceterum
2226 521 2290 556 per
2314 521 2352 546 se

1269 549 1410 600 tegulae
1432 559 1505 584 non
1528 548 1777 595 possidentur,
1811 550 1873 585 sed
1898 561 1978 586 011111
2002 554 2231 591 universitate
2254 555 2349 591 aedi-

1269 592 1364 674 ficii,t
1391 604 1457 629 nec
1490 595 1536 629 ad
1566 604 1641 630 rem
1673 594 1841 639 pertinet,
1875 595 2013 633 adfixae
2037 603 2119 634 sunt
2142 610 2189 635 an
2211 604 2351 636 tantum

1294 648 1348 673 081
1366 649 1419 674 00.

1268 649 1292 684 p
1316 681 1341 721 9
1367 683 1562 720 ULPJANUS
1579 684 1669 720 libro
1690 686 1979 731 septuaqensimo
1992 688 2115 733 primo
2136 689 2184 723 ad
2199 690 2351 726 edictum

1267 728 1360 764 Nam
1385 733 1424 764 et
1444 729 1474 764 si
1498 739 1616 765 ramos
1665 730 1719 764 uis
1745 729 1788 764 de
1807 730 1994 766 arboribus
2014 732 2209 776 abstulerit,
2235 735 2352 771 adhuc

1267 773 1495 810 interdictum
1517 774 1586 810 hoc
1611 785 1632 810 a
1659 774 1843 810 mittimus.
1879 775 1968 811 haec
1988 776 2050 819 ita,
2077 778 2107 812 si
2129 778 2172 814 110
2190 779 2350 815 aedificio

1267 819 1405 864 tegulas
1430 819 1631 855 sustulerit:
1666 823 1823 855 ceterum
1854 821 1885 856 si
1915 832 1987 856 non
2011 821 2054 857 de
2078 823 2258 867 aedificio,
2289 825 2353 861 sed

1270 868 1283 898 1
1335 875 1497 900 seorsum
1514 865 1662 909 positas,
1685 869 1803 900 cessat
1818 866 1888 901 hoc
1904 866 2141 903 interdictum.
2178 869 2215 904 Si
2233 874 2350 905 tamen

1266 919 1348 945 sera
1368 910 1423 945 vel
1442 910 1549 946 clavis
1570 911 1627 946 vel
1647 911 1827 946 cancellus
1843 911 1899 946 vel
1914 912 2151 956 specularium
2165 916 2201 935 ¹2·
2226 915 2271 949 sit
2288 915 2351 950 ab·

1268 957 1286 989 2
1335 955 1457 998 latum,
1507 955 1579 991 uod
1602 955 1637 990 vi
1660 960 1724 991 aut
1748 956 1840 991 clam
1863 956 1920 1001 agi
1943 967 2015 992 11011
2039 958 2179 1002 poterit.
2228 959 2297 994 Sed
2321 960 2351 995 si

1267 1000 1344 1045 quis
1371 1000 1480 1045 aliqui
1529 1000 1677 1036 aedibus
1702 1001 1859 1036 adfixum
1882 1001 2055 1044 evellerit,
2085 1007 2239 1038 statuam
2262 1004 2353 1040 forte

1266 1046 1321 1081 vel
1346 1045 1431 1098 quid
1455 1046 1564 1088 aliud,
1590 1045 1686 1091 quod
1708 1047 1742 1082 vi
1762 1050 1825 1081 aut
1846 1046 1937 1082 clam
1954 1047 2142 1084 interdicto
2163 1049 2350 1084 tenebitur.

1267 1095 1286 1125 3
1335 1090 1373 1126 Si
1398 1091 1476 1136 quis
1502 1092 1593 1127 clam
1617 1095 1680 1126 aut
1699 1091 1734 1126 vi
1754 1101 1879 1136 agrum
1897 1092 2084 1128 intraverit
2097 1094 2124 1115 ¹³
2147 1094 2201 1128 vel
2220 1093 2353 1129 fossam

1266 1136 1412 1179 fecerit,
1445 1137 1514 1172 hoc
1536 1136 1727 1172 interdicto
1751 1136 1932 1172 tenebitur
1945 1139 1985 1172 ²⁴.
2033 1142 2069 1173 et
2082 1139 2108 1160 ¹⁵
2136 1139 2165 1173 si
2189 1149 2353 1174 acervum

1267 1181 1493 1217 succenderit
1517 1181 1573 1217 vel
1598 1182 1805 1227 disperserit
1829 1183 1899 1226 810,
1925 1187 1965 1217 01
1987 1193 2060 1219 11011
2083 1183 2130 1219 ad
2153 1195 2256 1219 usum
2280 1185 2353 1228 agri

1268 1232 1463 1271 convertat,
1488 1227 1680 1263 interdicto
1703 1226 1805 1263 locus
1829 1238 1902 1263 non
1926 1228 2004 1270 erit,

1315 1271 1365 1309 10
1400 1272 1628 1308 VENULEIUS
1656 1272 1748 1308 libro
1771 1273 1930 1309 secundo
1955 1273 2224 1309 interdictorum
2271 1274 2355 1319 quia

1267 1327 1417 1353 acervus
1435 1318 1514 1353 solo
1534 1328 1607 1353 non
1626 1318 1804 1360 cohaeret,
1828 1318 1892 1354 sed
1909 1321 2007 1354 terra
2025 1318 2233 1361 sustinetur,
2258 1319 2352 1355 aedi-

1266 1362 1350 1398 ficia
1374 1367 1494 1398 autem
1517 1363 1595 1398 solo
1622 1363 1826 1399 cohaerent.

1315 1407 1362 1445 11
1380 1409 1408 1429 ¹⁶
1439 1407 1634 1443 Uzmzws
1650 1408 1740 1444 libro
1757 1409 2047 1455 septuaqensimo
2090 1410 2181 1444 rimo
2196 1409 2245 1444 ad
2261 1409 2353 1447 edic-

1267 1457 1341 1487 tum
1386 1453 1422 1488 Is
1457 1453 1517 1497 qui
1530 1454 1556 1474 ¹⁷
1586 1453 1623 1488 in
1646 1457 1794 1499 puteum
1816 1453 1924 1489 vicini
1946 1453 2054 1499 aliqui
2104 1453 2282 1496 effuderit,
2315 1458 2355 1489 ut

1265 1498 1334 1534 hoc
1358 1498 1457 1533 facto
1481 1508 1612 1542 aquam
1640 1502 1902 1543 corrumperet,
1936 1498 1987 1534 ait
2010 1499 2134 1535 Labeo
2164 1499 2353 1535 interdicto

1266 1543 1362 1589 quod
1385 1543 1420 1578 vi
1441 1547 1506 1578 aut
1529 1543 1620 1579 clam
1644 1553 1726 1579 eum
1748 1543 1879 1579 teneri:
1905 1544 2023 1589 portio
2046 1544 2140 1580 enim
2162 1544 2238 1589 agri
2258 1544 2353 1579 vide-

1265 1592 1325 1623 tur
1345 1598 1444 1634 aqua
1465 1588 1554 1632 viva,
1580 1588 1876 1634 quemadmodum
1900 1589 1932 1625 si
1955 1588 2041 1635 quid
2065 1590 2183 1634 operis
2203 1589 2241 1624 in
2261 1599 2354 1635 aqua

1270 1638 1283 1668 1
1333 1633 1490 1670 fecisset.
1539 1633 1747 1679 Quaesitum
1771 1638 1844 1678 est,
1869 1634 1900 1670 si
1923 1637 2080 1671 statuam
2102 1635 2140 1670 in
2161 1634 2353 1680 municipio

1266 1689 1310 1714 ex
1334 1679 1414 1715 loco
1438 1678 1584 1725 publico
1609 1678 1688 1724 quis
1719 1679 1905 1715 sustulerit
1935 1680 1990 1715 vel
2021 1680 2055 1715 vi
2083 1680 2139 1716 vel
2168 1680 2277 1722 clam,
2307 1690 2354 1715 an

1265 1725 1335 1759 hoc
1366 1724 1557 1760 interdicto
1589 1728 1764 1760 teneatur.
1818 1729 1854 1760 et
1885 1728 2005 1761 exstat
2036 1724 2151 1761 Cassii
2178 1725 2352 1761 sententia

1265 1779 1366 1813 eum,
1400 1769 1502 1805 cuius
1535 1773 1657 1805 statua
1679 1769 1716 1805 in
1739 1769 1821 1806 1000
1844 1770 1988 1815 publico
2013 1770 2051 1805 in
2074 1770 2265 1816 municipio
2289 1781 2352 1816 po-

1266 1815 1336 1850 sita
1365 1815 1429 1857 sit,
1460 1814 1557 1860 quod
1585 1815 1620 1850 vi
1643 1819 1706 1850 aut
1731 1815 1823 1851 clam
1847 1825 1952 1860 agere
1974 1826 2099 1861 posse,
2133 1816 2215 1860 quia
2244 1815 2351 1851 inter-

1265 1859 1375 1895 fuerit
1412 1860 1488 1896 eius
1520 1870 1599 1895 eam
1633 1871 1706 1896 non
1736 1859 1832 1896 tolli:
1868 1860 2067 1906 municipes
2098 1864 2217 1896 autem
2248 1860 2352 1896 etiam

1264 1904 1355 1940 furti
1378 1909 1541 1948 acturos,
1567 1905 1652 1951 quia
1674 1916 1731 1941 res
1754 1915 1879 1941 eorum
1902 1906 1950 1942 sit
1972 1905 2075 1950 quasi
2096 1906 2299 1951 publicata:
2323 1906 2353 1942 si

1265 1954 1385 1986 tamen
1409 1950 1598 1993 deciderit,
1623 1950 1693 1996 ipsi
1716 1961 1796 1986 eam
1819 1950 2015 1987 detrahunt
2026 1952 2072 1986 ¹⁸:
2104 1954 2139 1986 et
2160 1951 2250 1987 haec
2273 1962 2351 1987 sen-

1266 1998 1286 2030 2
1333 1995 1447 2031 tentia
1470 2005 1555 2031 vera
1579 2000 1643 2031 est.
1694 1995 1732 2031 Si
1761 1996 1841 2041 quis
1873 1996 1916 2031 de
1945 2000 2173 2032 monumento
2198 2000 2353 2032 statuam

1265 2040 1471 2083 sustulerit,
1503 2051 1551 2076 011
1581 2041 1631 2083 01,
1665 2041 1712 2077 011
1736 2052 1840 2086 (100111
1863 2041 1919 2077 108
1944 2041 2127 2087 sepulchri
2148 2042 2352 2087 pertineret,

1264 2095 1371 2131 agere
1407 2086 1651 2131 permittitur?
1697 2090 1733 2122 et
1769 2087 1891 2132 placet
1927 2091 1963 2122 et
2000 2087 2039 2122 in
2075 2086 2131 2122 his
2163 2086 2352 2122 interdicto

1264 2131 1384 2167 locum
1409 2141 1498 2167 esse.
1547 2135 1583 2167 et
1607 2142 1694 2167 sane
1718 2131 1907 2167 dicendum
1931 2136 1997 2174 est,
2026 2131 2057 2167 si
2081 2142 2151 2177 qua
2175 2132 2353 2177 sepulchri

1265 2176 1419 2212 ornandi
1447 2186 1558 2212 causa
1589 2176 1755 2230 adposita
1785 2177 1875 2220 sint,
1912 2176 2093 2222 sepulchri
2123 2187 2202 2213 esse
2230 2177 2351 2212 videri.

1265 2224 1285 2257 3
1331 2221 1426 2257 idem
1449 2225 1520 2264 est,
1551 2225 1588 2257 et
1616 2232 1648 2257 s1
1671 2222 1801 2258 ostium
1824 2222 1954 2258 avellat
1967 2222 1994 2244 ¹⁹
2016 2221 2072 2257 vel
2095 2221 2269 2267 effringat.
2317 2221 2352 2257 Si

1265 2267 1345 2312 quis
1367 2267 1406 2302 in
1429 2267 1551 2302 vineas
1570 2277 1668 2303 meas
1688 2266 1825 2302 venerit
1845 2270 1880 2302 et
1898 2267 1981 2303 inde
2002 2267 2134 2303 ridicas
2153 2267 2351 2309 abstulerit,

1264 2315 1286 2347 4
1332 2312 1413 2356 1100,
1426 2312 1617 2348 interdicto
1640 2312 1831 2348 tenebitur.
1866 2311 1971 2357 Quod
1990 2312 2041 2347 ait
2057 2315 2220 2357 praetor:
2246 2311 2352 2357 ‘quod

1265 2357 1309 2393 ‘vi
1333 2361 1398 2392 aut
1421 2357 1514 2393 010111
1535 2356 1673 2393 10010111
1697 2358 1774 2402 081’,
1806 2357 1853 2392 ad
1881 2357 1977 2410 quod
1999 2361 2141 2403 tempus
2164 2357 2350 2400 referatur,

1263 2402 1467 2445 videamus,
1504 2406 1625 2437 utrum
1665 2402 1711 2437 ad
1746 2406 1978 2447 praetentum
2016 2412 2064 2438 011
2095 2402 2142 2437 011
2170 2412 2349 2448 praesens.

1264 2458 1357 2493 quae
1385 2447 1523 2493 species
1553 2447 1651 2492 apud
1672 2447 1853 2483 Iulianum
1884 2447 2049 2493 exposita
2072 2451 2146 2483 est:
2178 2448 2228 2482 ait
2258 2447 2350 2482 enim

1263 2493 1301 2528 in
1324 2493 1394 2528 hoc
1416 2492 1607 2528 interdicto
1631 2493 1831 2538 praesentis
1862 2493 2032 2538 temporis
2057 2492 2349 2537 significationem

1264 2537 1382 2583 accipi
1405 2538 1544 2573 debere.
1593 2538 1623 2573 si
1645 2542 1781 2581 tamen,
1813 2537 1947 2583 inquit,
1981 2548 2028 2573 ex
2052 2547 2160 2589 opere
2184 2537 2350 2572 damnum

1265 2583 1388 2618 datum
1410 2582 1520 2618 fuerit
1542 2587 1606 2618 aut
1615 2584 1646 2604 ²⁰
1669 2582 1832 2618 dominus
1856 2586 1920 2617 aut
1941 2582 1992 2625 is,
2025 2593 2127 2618 culus
2150 2581 2261 2618 fundo
2284 2593 2347 2617 no-

1265 2628 1373 2664 citum
1398 2628 1475 2671 erit,
1499 2638 1567 2664 sua
1589 2628 1752 2673 impensa
1770 2627 1808 2663 id
1826 2628 2022 2670 sustulerit,
2047 2627 2169 2663 utilius
2192 2627 2347 2680 probari,

1265 2674 1361 2719 quod
1384 2673 1544 2709 Iulianus
1568 2674 1772 2717 temptatffl,
1803 2676 1843 2708 ut
1866 2676 1902 2708 et
1925 2672 2092 2711 damnum
2116 2676 2292 2708 sarciatur
2315 2676 2349 2707 et

1264 2722 1283 2753 5
1332 2718 1511 2763 impendia
1541 2719 1789 2754 restituantur.
1837 2717 2071 2753 Interdictum
2102 2717 2348 2762 complectitur

1263 2764 1320 2806 id,
1353 2763 1602 2844 quodcumque
1633 2767 1697 2799 aut
1726 2762 1761 2799 vi
1790 2766 1854 2798 aut
1885 2763 1977 2798 clam
2006 2763 2142 2798 factum
2173 2767 2237 2798 est.
2284 2761 2347 2797 sed

1263 2810 1356 2844 inter
1381 2819 1442 2844 0111
1466 2809 1598 2850 evenit,
1630 2813 1671 2844 ut
1702 2807 1786 2853 quid
1817 2811 1852 2843 et
1875 2807 1909 2843 vi
1932 2812 1968 2843 et
1993 2808 2084 2843 clam
2106 2807 2188 2849 fiat,
2245 2807 2346 2842 artim

1264 2858 1300 2889 et
1321 2854 1463 2899 partim,
1488 2854 1526 2888 in
1550 2853 1673 2889 eodem
1692 2863 1810 2898 opere.
1845 2857 1886 2889 ut
1903 2856 1992 2898 puta
2012 2863 2092 2888 cum
2109 2852 2215 2904 probi
2241 2861 2344 2893 erem,

1262 2899 1495 2935 fundamenta
1518 2899 1688 2944 posuisti:
1721 2902 1849 2944 postea
1872 2908 1953 2934 cum
1978 2907 2218 2933 convemssem
2228 2898 2269 2938 2²,
2301 2907 2346 2931 ne

1262 2944 1437 2989 reliquum
1462 2954 1551 2989 opus
1576 2944 1692 2985 fieret,
1724 2944 1871 2979 absente
1903 2947 1940 2978 et
1968 2944 2151 2988 ignorante
2180 2951 2235 2976 me
2263 2941 2343 2976 reli-

1264 3001 1372 3034 quum
1396 2999 1416 3024 o
1444 3000 1486 3025 us
1516 2988 1715 3034 perfecisti:
1748 2989 1805 3024 vel
1835 2992 1960 3024 contra
1991 2987 2222 3023 fundamenta
2254 2986 2344 3021 clam

1262 3035 1386 3077 iecisti,
1437 3033 1539 3070 einde
1557 3038 1677 3070 cetera
1694 3034 1904 3085 prohibente
1922 3043 1978 3068 me
1994 3031 2199 3082 aedificasti.
2235 3031 2343 3081 ,²³h00

1261 3081 1339 3115 iure
1362 3079 1511 3121 utimur,
1543 3084 1585 3114 ut
1614 3083 1649 3113 et
1678 3089 1710 3114 81
1737 3079 1771 3114 vi
1802 3082 1839 3113 et
1868 3078 1960 3114 clam
1982 3077 2115 3112 factum
2140 3080 2201 3118 s1t,
2233 3078 2341 3110 inter-

1263 3128 1283 3160 6
1330 3124 1465 3160 dictum
1487 3125 1557 3159 hoc
1581 3123 1746 3158 sufficiat.
1793 3122 1832 3159 Si
1859 3123 1989 3159 tutoris
2018 3122 2118 3156 iussu
2147 3125 2209 3155 aut
2238 3129 2340 3154 cura-

1261 3170 1350 3205 toris
1373 3168 1510 3204 factum
1534 3169 1591 3211 sit,
1625 3179 1706 3203 cum
1728 3168 1888 3213 placeat,
1914 3167 2008 3211 quod
2033 3165 2176 3201 Cassius
2201 3164 2341 3209 probat,

1262 3225 1307 3251 ex
1337 3214 1417 3250 dolo
1448 3213 1577 3250 tutoris
1605 3213 1662 3252 vel
1692 3213 1868 3249 curatoris
1896 3211 2070 3258 pupillum
2093 3209 2147 3245 vel
2169 3208 2341 3244 furiosum

1264 3333 1293 3358 et
1311 3325 1385 3358 tolle
1405 3337 1444 3358 ea
1459 3331 1537 3368 post
1556 3324 1729 3357 conveniri
1828 3326 1881 3364 (11)
1907 3321 1989 3365 quid
2006 3321 2067 3355 del.
2160 3321 2215 3362 (12)
2240 3319 2342 3353 demi-

1262 3369 1344 3402 litus
1360 3370 1396 3403 F
1500 3369 1570 3410 (12⁸)
1594 3369 1829 3412 speculiarium
1846 3370 1880 3401 F
1988 3368 2044 3407 (13)
2069 3365 2250 3398 inaraverit
2267 3366 2341 3398 deu.

1265 3417 1321 3457 (14)
1345 3414 1374 3447 si
1392 3413 1467 3456 quis
1487 3412 1572 3446 olam
1646 3414 1815 3447 tenebitur
1836 3414 1981 3456 leyuntur
2003 3412 2071 3444 Ioco
2088 3422 2150 3443 non
2169 3422 2246 3442 suo.-
2267 3422 2340 3442 nam

1263 3461 1378 3502 quibus
1398 3460 1479 3493 haec
1498 3461 1690 3503 interposita
1710 3466 1784 3492 sunt
1804 3458 2040 3505 continuantur.
2141 3456 2199 3496 (15)
2224 3456 2259 3486 at
2277 3466 2340 3504 scr.

1264 3504 1324 3546 (16)
1353 3504 1517 3543 ἕπε-Β.
1531 3505 1705 3546 50,11,151
1715 3516 1769 3546 pr.
1862 3503 1921 3542 (17)
1944 3500 1973 3532 si
1985 3510 2060 3542 qum
2073 3511 2135 3532 scr.
2228 3500 2289 3540 (18)
2312 3509 2340 3531 ει

1262 3551 1373 3581 10111011
1397 3548 1557 3582 deciderit
1578 3548 1644 3591 ipsi
1668 3558 1739 3581 eam
1763 3544 1952 3587 detrahunt]
1980 3544 2106 3587 requiri
2125 3544 2252 3576 videtur
2276 3544 2340 3576 tale

1264 3594 1362 3636 quid.-
1384 3603 1462 3626 nam
1480 3593 1546 3636 ipsi
1565 3603 1636 3626 eam
1652 3591 1823 3630 reficiunt,
1846 3590 1875 3622 si
1896 3591 2058 3621 vetustate
2073 3587 2252 3629 deciderit,
2276 3587 2339 3630 ipsi

1263 3648 1335 3671 eam
1353 3636 1534 3671 detrahunt
1653 3639 1711 3678 (19)
1735 3633 1856 3668 avellet
1876 3633 1911 3667 F
2043 3634 2106 3676 (20)
2130 3632 2200 3676 aut]
2221 3634 2255 3665 et
2274 3645 2337 3665 scr.

1262 3684 1321 3722 (21)
1345 3682 1436 3724 quod
1446 3681 1600 3715 Iulianus
1611 3682 1750 3723 temptat
1762 3680 1813 3712 hic
1826 3679 1925 3712 Iocum
1937 3690 1999 3711 non
2013 3679 2109 3711 habet
2172 3679 2235 3719 (22)
2259 3688 2336 3710 con·

1261 3727 1462 3759 venissemus
1472 3738 1534 3759 scr.
1628 3727 1688 3766 (23)
1713 3726 1746 3756 et
1757 3725 1817 3756 ins.

2004 3779 2067 3810 88*
