<?xml version="1.0" encoding="UTF-8"?>
<!DOCTYPE html PUBLIC "-//W3C//DTD XHTML 1.0 Transitional//EN"
    "http://www.w3.org/TR/xhtml1/DTD/xhtml1-transitional.dtd">
<html xmlns="http://www.w3.org/1999/xhtml" xml:lang="en" lang="en">
 <head>
  <title>
</title>
<meta http-equiv="Content-Type" content="text/html;charset=utf-8" />
  <meta name='ocr-system' content='tesseract 3.04.00' />
  <meta name='ocr-capabilities' content='ocr_page ocr_carea ocr_par ocr_line ocrx_word'/>
</head>
<body>
  <div class='ocr_page' id='page_1' title='image "./corpusjuriscivil01krueuoft_0224.png"; bbox 0 0 2528 3918; ppageno 0'>
   <div class='ocr_carea' id='block_1_1' title="bbox 172 128 412 172">
    <p class='ocr_par' dir='ltr' id='par_1_1' title="bbox 172 128 412 172">
     <span class='ocr_line' id='line_1_1' title="bbox 172 128 412 172; baseline -0.017 1"><span class='ocrx_word' id='word_1_1' title='bbox 172 128 252 172; x_wconf 88' lang='lat' dir='ltr'>VH</span> <span class='ocrx_word' id='word_1_2' title='bbox 283 129 412 172; x_wconf 83' lang='lat'>6.7.8</span> 
     </span>
    </p>
   </div>
   <div class='ocr_carea' id='block_1_2' title="bbox 207 247 1221 392">
    <p class='ocr_par' dir='ltr' id='par_1_2' title="bbox 207 247 1221 392">
     <span class='ocr_line' id='line_1_2' title="bbox 662 247 754 288; baseline 0.011 -1"><span class='ocrx_word' id='word_1_3' title='bbox 662 247 754 288; x_wconf 88' lang='lat' dir='ltr'>V1¹.</span> 
     </span>
     <span class='ocr_line' id='line_1_3' title="bbox 207 311 1221 352; baseline -0.009 0"><span class='ocrx_word' id='word_1_4' title='bbox 207 318 250 352; x_wconf 79' lang='lat'>81</span> <span class='ocrx_word' id='word_1_5' title='bbox 272 317 385 351; x_wconf 88' lang='lat' dir='ltr'>USUS</span> <span class='ocrx_word' id='word_1_6' title='bbox 408 314 612 349; x_wconf 84' lang='lat' dir='ltr'>FRUCTUS</span> <span class='ocrx_word' id='word_1_7' title='bbox 637 313 848 347; x_wconf 82' lang='lat' dir='ltr'>PETETUR</span> <span class='ocrx_word' id='word_1_8' title='bbox 871 313 963 345; x_wconf 85' lang='lat' dir='ltr'>VEL</span> <span class='ocrx_word' id='word_1_9' title='bbox 988 312 1047 345; x_wconf 83' lang='lat' dir='ltr'>AD</span> <span class='ocrx_word' id='word_1_10' title='bbox 1073 311 1221 345; x_wconf 84' lang='lat' dir='ltr'>ALIUM</span> 
     </span>
     <span class='ocr_line' id='line_1_4' title="bbox 454 358 971 392; baseline -0.004 0"><span class='ocrx_word' id='word_1_11' title='bbox 454 359 718 392; x_wconf 82' lang='lat' dir='ltr'>PERTINERE</span> <span class='ocrx_word' id='word_1_12' title='bbox 742 358 971 392; x_wconf 85' lang='lat' dir='ltr'>NEGETUR.</span> 
     </span>
    </p>
   </div>
   <div class='ocr_carea' id='block_1_3' title="bbox 168 420 1259 3522">
    <p class='ocr_par' dir='ltr' id='par_1_3' title="bbox 170 420 1258 1637">
     <span class='ocr_line' id='line_1_5' title="bbox 221 420 1256 473; baseline -0.009 -9"><span class='ocrx_word' id='word_1_13' title='bbox 221 426 240 464; x_wconf 94' lang='lat'>1</span> <span class='ocrx_word' id='word_1_14' title='bbox 276 426 469 463; x_wconf 61' lang='lat' dir='ltr'>Uzmws</span> <span class='ocrx_word' id='word_1_15' title='bbox 496 425 587 462; x_wconf 79' lang='lat' dir='ltr'>libro</span> <span class='ocrx_word' id='word_1_16' title='bbox 618 430 743 462; x_wconf 84' lang='lat' dir='ltr'>octavo</span> <span class='ocrx_word' id='word_1_17' title='bbox 767 424 902 460; x_wconf 71' lang='lat' dir='ltr'>decimo</span> <span class='ocrx_word' id='word_1_18' title='bbox 925 423 976 459; x_wconf 79' lang='lat' dir='ltr'>ad</span> <span class='ocrx_word' id='word_1_19' title='bbox 997 421 1186 473; x_wconf 42' lang='lat' dir='ltr'>Sabinum·</span> <span class='ocrx_word' id='word_1_20' title='bbox 1218 420 1256 456; x_wconf 88' lang='lat' dir='ltr'>Si</span> 
     </span>
     <span class='ocr_line' id='line_1_6' title="bbox 171 466 1254 519; baseline -0.006 -12"><span class='ocrx_word' id='word_1_21' title='bbox 171 472 283 508; x_wconf 81' lang='lat' dir='ltr'>fundo</span> <span class='ocrx_word' id='word_1_22' title='bbox 306 471 503 506; x_wconf 89' lang='lat' dir='ltr'>fructuario</span> <span class='ocrx_word' id='word_1_23' title='bbox 535 470 686 506; x_wconf 88' lang='lat' dir='ltr'>servitus</span> <span class='ocrx_word' id='word_1_24' title='bbox 718 469 909 509; x_wconf 81' lang='lat' dir='ltr'>debeatur,</span> <span class='ocrx_word' id='word_1_25' title='bbox 944 467 1139 503; x_wconf 86' lang='lat' dir='ltr'><strong>Marcellus</strong></span> <span class='ocrx_word' id='word_1_26' title='bbox 1162 466 1254 519; x_wconf 77' lang='lat' dir='ltr'>libro</span> 
     </span>
     <span class='ocr_line' id='line_1_7' title="bbox 172 513 1255 560; baseline -0.006 -9"><span class='ocrx_word' id='word_1_27' title='bbox 172 521 300 552; x_wconf 88' lang='lat' dir='ltr'>octavo</span> <span class='ocrx_word' id='word_1_28' title='bbox 325 515 421 560; x_wconf 90' lang='lat' dir='ltr'>apud</span> <span class='ocrx_word' id='word_1_29' title='bbox 441 515 618 550; x_wconf 88' lang='lat' dir='ltr'>Iulianum</span> <span class='ocrx_word' id='word_1_30' title='bbox 635 515 814 551; x_wconf 85' lang='lat' dir='ltr'>Labeonis</span> <span class='ocrx_word' id='word_1_31' title='bbox 835 519 870 549; x_wconf 88' lang='lat' dir='ltr'>et</span> <span class='ocrx_word' id='word_1_32' title='bbox 889 513 1028 548; x_wconf 88' lang='lat' dir='ltr'>Nervae</span> <span class='ocrx_word' id='word_1_33' title='bbox 1043 514 1255 546; x_wconf 76' lang='lat' dir='ltr'>sententiam</span> 
     </span>
     <span class='ocr_line' id='line_1_8' title="bbox 171 555 1254 607; baseline -0.006 -11"><span class='ocrx_word' id='word_1_34' title='bbox 171 562 301 607; x_wconf 89' lang='lat' dir='ltr'>probat</span> <span class='ocrx_word' id='word_1_35' title='bbox 325 560 600 596; x_wconf 75' lang='lat' dir='ltr'><strong>existimantium</strong></span> <span class='ocrx_word' id='word_1_36' title='bbox 623 560 826 595; x_wconf 85' lang='lat' dir='ltr'>servitutem</span> <span class='ocrx_word' id='word_1_37' title='bbox 858 558 998 603; x_wconf 89' lang='lat' dir='ltr'>quidem</span> <span class='ocrx_word' id='word_1_38' title='bbox 1030 567 1111 591; x_wconf 90' lang='lat' dir='ltr'>eum</span> <span class='ocrx_word' id='word_1_39' title='bbox 1141 555 1254 590; x_wconf 83' lang='lat' dir='ltr'>vindi-</span> 
     </span>
     <span class='ocr_line' id='line_1_9' title="bbox 173 601 1256 651; baseline -0.006 -10"><span class='ocrx_word' id='word_1_40' title='bbox 173 616 255 642; x_wconf 89' lang='lat' dir='ltr'>care</span> <span class='ocrx_word' id='word_1_41' title='bbox 287 616 360 640; x_wconf 90' lang='lat' dir='ltr'>non</span> <span class='ocrx_word' id='word_1_42' title='bbox 391 615 516 651; x_wconf 89' lang='lat' dir='ltr'>posse,</span> <span class='ocrx_word' id='word_1_43' title='bbox 547 615 668 640; x_wconf 88' lang='lat' dir='ltr'>verum</span> <span class='ocrx_word' id='word_1_44' title='bbox 690 615 793 640; x_wconf 92' lang='lat' dir='ltr'>usum</span> <span class='ocrx_word' id='word_1_45' title='bbox 816 603 972 638; x_wconf 89' lang='lat' dir='ltr'>fructum</span> <span class='ocrx_word' id='word_1_46' title='bbox 995 601 1256 636; x_wconf 88' lang='lat' dir='ltr'>vindicaturum</span> 
     </span>
     <span class='ocr_line' id='line_1_10' title="bbox 172 647 1254 696; baseline -0.006 -10"><span class='ocrx_word' id='word_1_47' title='bbox 172 661 215 686; x_wconf 86' lang='lat' dir='ltr'>ac</span> <span class='ocrx_word' id='word_1_48' title='bbox 237 660 302 696; x_wconf 90' lang='lat' dir='ltr'>per</span> <span class='ocrx_word' id='word_1_49' title='bbox 323 650 393 686; x_wconf 90' lang='lat' dir='ltr'>hoc</span> <span class='ocrx_word' id='word_1_50' title='bbox 412 650 577 692; x_wconf 83' lang='lat' dir='ltr'>vicinum,</span> <span class='ocrx_word' id='word_1_51' title='bbox 601 650 632 685; x_wconf 92' lang='lat' dir='ltr'>si</span> <span class='ocrx_word' id='word_1_52' title='bbox 650 660 722 685; x_wconf 89' lang='lat' dir='ltr'>non</span> <span class='ocrx_word' id='word_1_53' title='bbox 742 649 900 693; x_wconf 90' lang='lat' dir='ltr'>patiatur</span> <span class='ocrx_word' id='word_1_54' title='bbox 913 657 992 682; x_wconf 90' lang='lat' dir='ltr'>eum</span> <span class='ocrx_word' id='word_1_55' title='bbox 1012 647 1065 681; x_wconf 90' lang='lat' dir='ltr'>ire</span> <span class='ocrx_word' id='word_1_56' title='bbox 1086 649 1122 680; x_wconf 91' lang='lat' dir='ltr'>et</span> <span class='ocrx_word' id='word_1_57' title='bbox 1186 655 1254 687; x_wconf 90' lang='lat' dir='ltr'>ere,</span> 
     </span>
     <span class='ocr_line' id='line_1_11' title="bbox 175 690 1254 742; baseline -0.005 -12"><span class='ocrx_word' id='word_1_58' title='bbox 175 699 190 730; x_wconf 84' lang='lat'><strong>1</strong></span> <span class='ocrx_word' id='word_1_59' title='bbox 239 695 350 730; x_wconf 90' lang='lat' dir='ltr'>teneri</span> <span class='ocrx_word' id='word_1_60' title='bbox 374 695 419 737; x_wconf 91' lang='lat' dir='ltr'>ei,</span> <span class='ocrx_word' id='word_1_61' title='bbox 466 694 545 730; x_wconf 88' lang='lat' dir='ltr'>uasi</span> <span class='ocrx_word' id='word_1_62' title='bbox 568 705 640 730; x_wconf 89' lang='lat' dir='ltr'>non</span> <span class='ocrx_word' id='word_1_63' title='bbox 663 694 821 739; x_wconf 90' lang='lat' dir='ltr'>patiatur</span> <span class='ocrx_word' id='word_1_64' title='bbox 843 692 896 727; x_wconf 93' lang='lat' dir='ltr'>uti</span> <span class='ocrx_word' id='word_1_65' title='bbox 918 691 1001 726; x_wconf 88' lang='lat' dir='ltr'>frui.</span> <span class='ocrx_word' id='word_1_66' title='bbox 1049 690 1254 742; x_wconf 44' lang='lat' dir='ltr'>Usus-rue:</span> 
     </span>
     <span class='ocr_line' id='line_1_12' title="bbox 171 735 1257 785; baseline -0.006 -10"><span class='ocrx_word' id='word_1_67' title='bbox 171 744 231 775; x_wconf 85' lang='lat' dir='ltr'>tus</span> <span class='ocrx_word' id='word_1_68' title='bbox 261 740 398 785; x_wconf 81' lang='lat' dir='ltr'>legatus</span> <span class='ocrx_word' id='word_1_69' title='bbox 430 750 452 775; x_wconf 89' lang='lat' dir='ltr'>a</span> <span class='ocrx_word' id='word_1_70' title='bbox 515 740 522 747; x_wconf 85' lang='lat'><strong><em>&#39;</em></strong></span> <span class='ocrx_word' id='word_1_71' title='bbox 550 739 654 774; x_wconf 90' lang='lat' dir='ltr'>iculis</span> <span class='ocrx_word' id='word_1_72' title='bbox 674 740 688 760; x_wconf 84' lang='lat'><strong>²</strong></span> <span class='ocrx_word' id='word_1_73' title='bbox 709 742 806 783; x_wconf 89' lang='lat' dir='ltr'>eget,</span> <span class='ocrx_word' id='word_1_74' title='bbox 841 738 917 772; x_wconf 88' lang='lat' dir='ltr'>sine</span> <span class='ocrx_word' id='word_1_75' title='bbox 949 736 1077 781; x_wconf 86' lang='lat' dir='ltr'>quibus</span> <span class='ocrx_word' id='word_1_76' title='bbox 1109 739 1162 770; x_wconf 73' lang='lat' dir='ltr'>uti</span> <span class='ocrx_word' id='word_1_77' title='bbox 1184 735 1257 770; x_wconf 80' lang='lat' dir='ltr'>frui</span> 
     </span>
     <span class='ocr_line' id='line_1_13' title="bbox 171 781 1254 830; baseline -0.006 -9"><span class='ocrx_word' id='word_1_78' title='bbox 171 785 251 830; x_wconf 87' lang='lat' dir='ltr'>quis</span> <span class='ocrx_word' id='word_1_79' title='bbox 274 795 347 820; x_wconf 89' lang='lat' dir='ltr'>non</span> <span class='ocrx_word' id='word_1_80' title='bbox 369 788 504 830; x_wconf 87' lang='lat' dir='ltr'>potest:</span> <span class='ocrx_word' id='word_1_81' title='bbox 531 789 567 819; x_wconf 90' lang='lat' dir='ltr'>et</span> <span class='ocrx_word' id='word_1_82' title='bbox 589 784 668 819; x_wconf 86' lang='lat' dir='ltr'>ideo</span> <span class='ocrx_word' id='word_1_83' title='bbox 693 784 723 818; x_wconf 89' lang='lat' dir='ltr'>si</span> <span class='ocrx_word' id='word_1_84' title='bbox 746 792 832 817; x_wconf 91' lang='lat' dir='ltr'>usus</span> <span class='ocrx_word' id='word_1_85' title='bbox 855 781 995 816; x_wconf 89' lang='lat' dir='ltr'>fructus</span> <span class='ocrx_word' id='word_1_86' title='bbox 1018 781 1168 825; x_wconf 88' lang='lat' dir='ltr'>legetur,</span> <span class='ocrx_word' id='word_1_87' title='bbox 1192 790 1254 814; x_wconf 89' lang='lat' dir='ltr'>ne-</span> 
     </span>
     <span class='ocr_line' id='line_1_14' title="bbox 171 825 1254 874; baseline -0.006 -9"><span class='ocrx_word' id='word_1_88' title='bbox 171 840 273 866; x_wconf 87' lang='lat' dir='ltr'>cesse</span> <span class='ocrx_word' id='word_1_89' title='bbox 285 833 339 865; x_wconf 89' lang='lat' dir='ltr'>est</span> <span class='ocrx_word' id='word_1_90' title='bbox 349 834 468 865; x_wconf 90' lang='lat' dir='ltr'>tamen</span> <span class='ocrx_word' id='word_1_91' title='bbox 488 830 553 865; x_wconf 83' lang='lat' dir='ltr'>ut³</span> <span class='ocrx_word' id='word_1_92' title='bbox 576 833 745 874; x_wconf 85' lang='lat' dir='ltr'>sequatur</span> <span class='ocrx_word' id='word_1_93' title='bbox 764 838 844 862; x_wconf 90' lang='lat' dir='ltr'>eum</span> <span class='ocrx_word' id='word_1_94' title='bbox 865 826 994 869; x_wconf 90' lang='lat' dir='ltr'>aditus,</span> <span class='ocrx_word' id='word_1_95' title='bbox 1018 836 1061 861; x_wconf 89' lang='lat' dir='ltr'>us</span> <span class='ocrx_word' id='word_1_96' title='bbox 1086 836 1132 860; x_wconf 88' lang='lat' dir='ltr'>ue</span> <span class='ocrx_word' id='word_1_97' title='bbox 1152 825 1254 866; x_wconf 87' lang='lat' dir='ltr'>adeo,</span> 
     </span>
     <span class='ocr_line' id='line_1_15' title="bbox 170 871 1255 920; baseline -0.005 -10"><span class='ocrx_word' id='word_1_98' title='bbox 170 878 222 917; x_wconf 90' lang='lat' dir='ltr'>ut,</span> <span class='ocrx_word' id='word_1_99' title='bbox 247 875 278 910; x_wconf 91' lang='lat' dir='ltr'>si</span> <span class='ocrx_word' id='word_1_100' title='bbox 301 875 379 920; x_wconf 91' lang='lat' dir='ltr'>quis</span> <span class='ocrx_word' id='word_1_101' title='bbox 402 885 505 909; x_wconf 89' lang='lat' dir='ltr'>usum</span> <span class='ocrx_word' id='word_1_102' title='bbox 528 874 685 908; x_wconf 88' lang='lat' dir='ltr'>fructum</span> <span class='ocrx_word' id='word_1_103' title='bbox 708 872 778 907; x_wconf 90' lang='lat' dir='ltr'>loci</span> <span class='ocrx_word' id='word_1_104' title='bbox 801 872 813 906; x_wconf 94' lang='lat' dir='ltr'>l</span> <span class='ocrx_word' id='word_1_105' title='bbox 857 876 894 906; x_wconf 91' lang='lat' dir='ltr'>et</span> <span class='ocrx_word' id='word_1_106' title='bbox 915 871 979 913; x_wconf 91' lang='lat' dir='ltr'>ita,</span> <span class='ocrx_word' id='word_1_107' title='bbox 1003 881 1049 906; x_wconf 91' lang='lat' dir='ltr'>ne</span> <span class='ocrx_word' id='word_1_108' title='bbox 1098 880 1175 906; x_wconf 89' lang='lat' dir='ltr'>eres</span> <span class='ocrx_word' id='word_1_109' title='bbox 1196 880 1255 905; x_wconf 91' lang='lat' dir='ltr'>co-</span> 
     </span>
     <span class='ocr_line' id='line_1_16' title="bbox 170 915 1256 965; baseline -0.005 -10"><span class='ocrx_word' id='word_1_110' title='bbox 170 925 276 965; x_wconf 86' lang='lat' dir='ltr'>gatur</span> <span class='ocrx_word' id='word_1_111' title='bbox 297 920 389 954; x_wconf 84' lang='lat' dir='ltr'>viam</span> <span class='ocrx_word' id='word_1_112' title='bbox 411 926 610 964; x_wconf 89' lang='lat' dir='ltr'>praestare,</span> <span class='ocrx_word' id='word_1_113' title='bbox 642 917 812 952; x_wconf 81' lang='lat' dir='ltr'>inutiliter</span> <span class='ocrx_word' id='word_1_114' title='bbox 869 927 912 951; x_wconf 93' lang='lat' dir='ltr'>oc</span> <span class='ocrx_word' id='word_1_115' title='bbox 936 915 1115 951; x_wconf 84' lang='lat' dir='ltr'>adiectum</span> <span class='ocrx_word' id='word_1_116' title='bbox 1137 915 1256 950; x_wconf 87' lang='lat' dir='ltr'>videa-</span> 
     </span>
     <span class='ocr_line' id='line_1_17' title="bbox 170 960 1256 1006; baseline -0.005 -6"><span class='ocrx_word' id='word_1_117' title='bbox 170 970 249 1000; x_wconf 85' lang='lat' dir='ltr'><strong>tur:</strong></span> <span class='ocrx_word' id='word_1_118' title='bbox 285 964 370 999; x_wconf 89' lang='lat' dir='ltr'>item</span> <span class='ocrx_word' id='word_1_119' title='bbox 403 965 432 999; x_wconf 88' lang='lat' dir='ltr'>si</span> <span class='ocrx_word' id='word_1_120' title='bbox 464 974 532 999; x_wconf 91' lang='lat' dir='ltr'>usu</span> <span class='ocrx_word' id='word_1_121' title='bbox 562 963 684 998; x_wconf 90' lang='lat' dir='ltr'>fructu</span> <span class='ocrx_word' id='word_1_122' title='bbox 714 963 830 1006; x_wconf 86' lang='lat' dir='ltr'>legato</span> <span class='ocrx_word' id='word_1_123' title='bbox 863 961 931 996; x_wconf 91' lang='lat' dir='ltr'>iter</span> <span class='ocrx_word' id='word_1_124' title='bbox 960 960 1167 1006; x_wconf 89' lang='lat' dir='ltr'>ademptum</span> <span class='ocrx_word' id='word_1_125' title='bbox 1199 960 1256 1001; x_wconf 89' lang='lat' dir='ltr'>sit,</span> 
     </span>
     <span class='ocr_line' id='line_1_18' title="bbox 170 1005 1257 1053; baseline -0.005 -8"><span class='ocrx_word' id='word_1_126' title='bbox 170 1009 303 1045; x_wconf 91' lang='lat' dir='ltr'>inutilis</span> <span class='ocrx_word' id='word_1_127' title='bbox 324 1014 378 1044; x_wconf 89' lang='lat' dir='ltr'>est</span> <span class='ocrx_word' id='word_1_128' title='bbox 398 1009 585 1053; x_wconf 81' lang='lat' dir='ltr'>ademptio,</span> <span class='ocrx_word' id='word_1_129' title='bbox 610 1008 693 1052; x_wconf 87' lang='lat' dir='ltr'>quia</span> <span class='ocrx_word' id='word_1_130' title='bbox 710 1017 850 1051; x_wconf 80' lang='lat' dir='ltr'>semper</span> <span class='ocrx_word' id='word_1_131' title='bbox 867 1006 1026 1051; x_wconf 90' lang='lat' dir='ltr'>sequitur</span> <span class='ocrx_word' id='word_1_132' title='bbox 1043 1016 1148 1041; x_wconf 90' lang='lat' dir='ltr'>usum</span> <span class='ocrx_word' id='word_1_133' title='bbox 1159 1005 1257 1040; x_wconf 88' lang='lat' dir='ltr'>fruc-</span> 
     </span>
     <span class='ocr_line' id='line_1_19' title="bbox 171 1050 1256 1096; baseline -0.005 -6"><span class='ocrx_word' id='word_1_134' title='bbox 171 1057 193 1090; x_wconf 83' lang='lat'>2</span> <span class='ocrx_word' id='word_1_135' title='bbox 240 1059 327 1089; x_wconf 91' lang='lat' dir='ltr'>tum.</span> <span class='ocrx_word' id='word_1_136' title='bbox 377 1053 470 1089; x_wconf 76' lang='lat' dir='ltr'>Sed⁴¹</span> <span class='ocrx_word' id='word_1_137' title='bbox 495 1054 524 1088; x_wconf 90' lang='lat' dir='ltr'>si</span> <span class='ocrx_word' id='word_1_138' title='bbox 548 1063 634 1087; x_wconf 87' lang='lat' dir='ltr'>usus</span> <span class='ocrx_word' id='word_1_139' title='bbox 657 1051 797 1086; x_wconf 90' lang='lat' dir='ltr'>fructus</span> <span class='ocrx_word' id='word_1_140' title='bbox 821 1051 868 1086; x_wconf 91' lang='lat' dir='ltr'>sit</span> <span class='ocrx_word' id='word_1_141' title='bbox 889 1051 1048 1096; x_wconf 86' lang='lat' dir='ltr'>legatus,</span> <span class='ocrx_word' id='word_1_142' title='bbox 1081 1050 1129 1085; x_wconf 92' lang='lat' dir='ltr'>ad</span> <span class='ocrx_word' id='word_1_143' title='bbox 1152 1060 1256 1095; x_wconf 91' lang='lat' dir='ltr'>quem</span> 
     </span>
     <span class='ocr_line' id='line_1_20' title="bbox 172 1096 1255 1142; baseline -0.005 -7"><span class='ocrx_word' id='word_1_144' title='bbox 172 1099 292 1135; x_wconf 85' lang='lat' dir='ltr'>aditus</span> <span class='ocrx_word' id='word_1_145' title='bbox 315 1109 388 1134; x_wconf 92' lang='lat' dir='ltr'>non</span> <span class='ocrx_word' id='word_1_146' title='bbox 412 1102 466 1133; x_wconf 90' lang='lat' dir='ltr'>est</span> <span class='ocrx_word' id='word_1_147' title='bbox 488 1108 552 1142; x_wconf 91' lang='lat' dir='ltr'>per</span> <span class='ocrx_word' id='word_1_148' title='bbox 584 1096 837 1131; x_wconf 82' lang='lat' dir='ltr'>hereditarium</span> <span class='ocrx_word' id='word_1_149' title='bbox 867 1096 1036 1137; x_wconf 89' lang='lat' dir='ltr'>fundum,</span> <span class='ocrx_word' id='word_1_150' title='bbox 1070 1106 1114 1130; x_wconf 85' lang='lat' dir='ltr'>ex</span> <span class='ocrx_word' id='word_1_151' title='bbox 1145 1098 1255 1131; x_wconf 87' lang='lat' dir='ltr'>testa·</span> 
     </span>
     <span class='ocr_line' id='line_1_21' title="bbox 171 1141 1257 1188; baseline -0.005 -8"><span class='ocrx_word' id='word_1_152' title='bbox 171 1148 289 1180; x_wconf 88' lang='lat' dir='ltr'>mento</span> <span class='ocrx_word' id='word_1_153' title='bbox 308 1144 429 1188; x_wconf 88' lang='lat' dir='ltr'>utique</span> <span class='ocrx_word' id='word_1_154' title='bbox 450 1142 583 1187; x_wconf 88' lang='lat' dir='ltr'>agendo</span> <span class='ocrx_word' id='word_1_155' title='bbox 602 1141 822 1176; x_wconf 84' lang='lat' dir='ltr'>fructuarius</span> <span class='ocrx_word' id='word_1_156' title='bbox 844 1145 1091 1186; x_wconf 87' lang='lat' dir='ltr'>consequetur,</span> <span class='ocrx_word' id='word_1_157' title='bbox 1116 1143 1157 1175; x_wconf 91' lang='lat' dir='ltr'>ut</span> <span class='ocrx_word' id='word_1_158' title='bbox 1175 1150 1257 1175; x_wconf 91' lang='lat' dir='ltr'>cum</span> 
     </span>
     <span class='ocr_line' id='line_1_22' title="bbox 172 1185 1257 1232; baseline -0.005 -7"><span class='ocrx_word' id='word_1_159' title='bbox 172 1193 192 1225; x_wconf 86' lang='lat'><strong>3</strong></span> <span class='ocrx_word' id='word_1_160' title='bbox 239 1189 338 1224; x_wconf 87' lang='lat' dir='ltr'>aditu</span> <span class='ocrx_word' id='word_1_161' title='bbox 362 1188 428 1223; x_wconf 91' lang='lat' dir='ltr'>sibi</span> <span class='ocrx_word' id='word_1_162' title='bbox 451 1191 652 1232; x_wconf 87' lang='lat' dir='ltr'>praestetur</span> <span class='ocrx_word' id='word_1_163' title='bbox 675 1197 762 1221; x_wconf 90' lang='lat' dir='ltr'>usus</span> <span class='ocrx_word' id='word_1_164' title='bbox 785 1186 937 1222; x_wconf 80' lang='lat' dir='ltr'>fructus.</span> <span class='ocrx_word' id='word_1_165' title='bbox 986 1185 1114 1221; x_wconf 87' lang='lat' dir='ltr'>Utrum</span> <span class='ocrx_word' id='word_1_166' title='bbox 1137 1189 1257 1220; x_wconf 89' lang='lat' dir='ltr'>autem</span> 
     </span>
     <span class='ocr_line' id='line_1_23' title="bbox 172 1229 1256 1270; baseline -0.005 0"><span class='ocrx_word' id='word_1_167' title='bbox 172 1234 292 1270; x_wconf 91' lang='lat' dir='ltr'>aditus</span> <span class='ocrx_word' id='word_1_168' title='bbox 322 1238 461 1268; x_wconf 91' lang='lat' dir='ltr'>tantum</span> <span class='ocrx_word' id='word_1_169' title='bbox 493 1236 528 1267; x_wconf 91' lang='lat' dir='ltr'>et</span> <span class='ocrx_word' id='word_1_170' title='bbox 558 1232 626 1266; x_wconf 88' lang='lat' dir='ltr'>iter</span> <span class='ocrx_word' id='word_1_171' title='bbox 649 1241 697 1266; x_wconf 90' lang='lat' dir='ltr'>an</span> <span class='ocrx_word' id='word_1_172' title='bbox 719 1241 801 1267; x_wconf 88' lang='lat' dir='ltr'>vero</span> <span class='ocrx_word' id='word_1_173' title='bbox 827 1235 863 1266; x_wconf 90' lang='lat' dir='ltr'>et</span> <span class='ocrx_word' id='word_1_174' title='bbox 885 1231 942 1266; x_wconf 84' lang='lat' dir='ltr'>via</span> <span class='ocrx_word' id='word_1_175' title='bbox 965 1231 1138 1266; x_wconf 83' lang='lat' dir='ltr'>debeatur</span> <span class='ocrx_word' id='word_1_176' title='bbox 1158 1229 1256 1265; x_wconf 86' lang='lat' dir='ltr'>fruc-</span> 
     </span>
     <span class='ocr_line' id='line_1_24' title="bbox 171 1275 1255 1322; baseline -0.004 -8"><span class='ocrx_word' id='word_1_177' title='bbox 171 1280 288 1315; x_wconf 89' lang='lat' dir='ltr'>tuario</span> <span class='ocrx_word' id='word_1_178' title='bbox 312 1279 427 1322; x_wconf 87' lang='lat' dir='ltr'>legato</span> <span class='ocrx_word' id='word_1_179' title='bbox 452 1277 483 1312; x_wconf 91' lang='lat' dir='ltr'>ei</span> <span class='ocrx_word' id='word_1_180' title='bbox 507 1287 574 1312; x_wconf 89' lang='lat' dir='ltr'>usu</span> <span class='ocrx_word' id='word_1_181' title='bbox 597 1276 736 1319; x_wconf 88' lang='lat' dir='ltr'>fructu,</span> <span class='ocrx_word' id='word_1_182' title='bbox 767 1276 986 1321; x_wconf 88' lang='lat' dir='ltr'>Pomponius</span> <span class='ocrx_word' id='word_1_183' title='bbox 1017 1276 1108 1311; x_wconf 90' lang='lat' dir='ltr'>libro</span> <span class='ocrx_word' id='word_1_184' title='bbox 1133 1275 1255 1320; x_wconf 88' lang='lat' dir='ltr'>quinto</span> 
     </span>
     <span class='ocr_line' id='line_1_25' title="bbox 172 1320 1256 1366; baseline -0.005 -6"><span class='ocrx_word' id='word_1_185' title='bbox 172 1324 328 1360; x_wconf 90' lang='lat' dir='ltr'>dubitat:</span> <span class='ocrx_word' id='word_1_186' title='bbox 355 1327 390 1357; x_wconf 90' lang='lat' dir='ltr'>et</span> <span class='ocrx_word' id='word_1_187' title='bbox 412 1326 509 1357; x_wconf 89' lang='lat' dir='ltr'>recte</span> <span class='ocrx_word' id='word_1_188' title='bbox 531 1324 646 1366; x_wconf 87' lang='lat' dir='ltr'>putat,</span> <span class='ocrx_word' id='word_1_189' title='bbox 670 1326 778 1366; x_wconf 89' lang='lat' dir='ltr'>prout</span> <span class='ocrx_word' id='word_1_190' title='bbox 801 1332 887 1357; x_wconf 89' lang='lat' dir='ltr'>usus</span> <span class='ocrx_word' id='word_1_191' title='bbox 911 1321 1051 1356; x_wconf 88' lang='lat' dir='ltr'>fructus</span> <span class='ocrx_word' id='word_1_192' title='bbox 1075 1320 1256 1366; x_wconf 86' lang='lat' dir='ltr'>perceptio</span> 
     </span>
     <span class='ocr_line' id='line_1_26' title="bbox 171 1365 1256 1411; baseline -0.004 -7"><span class='ocrx_word' id='word_1_193' title='bbox 171 1372 194 1405; x_wconf 84' lang='lat'>4</span> <span class='ocrx_word' id='word_1_194' title='bbox 240 1368 434 1409; x_wconf 87' lang='lat' dir='ltr'>desiderat,</span> <span class='ocrx_word' id='word_1_195' title='bbox 459 1368 527 1402; x_wconf 90' lang='lat' dir='ltr'>hoc</span> <span class='ocrx_word' id='word_1_196' title='bbox 552 1367 584 1402; x_wconf 93' lang='lat' dir='ltr'>ei</span> <span class='ocrx_word' id='word_1_197' title='bbox 607 1367 873 1411; x_wconf 87' lang='lat' dir='ltr'>praestandum.</span> <span class='ocrx_word' id='word_1_198' title='bbox 922 1366 993 1402; x_wconf 89' lang='lat' dir='ltr'>Sed</span> <span class='ocrx_word' id='word_1_199' title='bbox 1024 1376 1071 1401; x_wconf 92' lang='lat' dir='ltr'>an</span> <span class='ocrx_word' id='word_1_200' title='bbox 1103 1369 1139 1401; x_wconf 89' lang='lat' dir='ltr'>et</span> <span class='ocrx_word' id='word_1_201' title='bbox 1168 1365 1256 1401; x_wconf 86' lang='lat' dir='ltr'>alias</span> 
     </span>
     <span class='ocr_line' id='line_1_27' title="bbox 171 1411 1257 1457; baseline -0.003 -8"><span class='ocrx_word' id='word_1_202' title='bbox 171 1414 341 1450; x_wconf 83' lang='lat' dir='ltr'>utilitates</span> <span class='ocrx_word' id='word_1_203' title='bbox 363 1417 398 1447; x_wconf 89' lang='lat' dir='ltr'>et</span> <span class='ocrx_word' id='word_1_204' title='bbox 417 1412 604 1447; x_wconf 89' lang='lat' dir='ltr'>servitutes</span> <span class='ocrx_word' id='word_1_205' title='bbox 626 1412 658 1447; x_wconf 93' lang='lat' dir='ltr'>ei</span> <span class='ocrx_word' id='word_1_206' title='bbox 676 1412 779 1447; x_wconf 87' lang='lat' dir='ltr'>heres</span> <span class='ocrx_word' id='word_1_207' title='bbox 801 1415 985 1457; x_wconf 89' lang='lat' dir='ltr'>praestare</span> <span class='ocrx_word' id='word_1_208' title='bbox 1005 1411 1144 1453; x_wconf 90' lang='lat' dir='ltr'>debeat,</span> <span class='ocrx_word' id='word_1_209' title='bbox 1168 1414 1257 1456; x_wconf 89' lang='lat' dir='ltr'>puta</span> 
     </span>
     <span class='ocr_line' id='line_1_28' title="bbox 170 1457 1256 1502; baseline -0.004 -8"><span class='ocrx_word' id='word_1_210' title='bbox 170 1459 340 1494; x_wconf 91' lang='lat' dir='ltr'>luminum</span> <span class='ocrx_word' id='word_1_211' title='bbox 366 1461 401 1492; x_wconf 91' lang='lat' dir='ltr'>et</span> <span class='ocrx_word' id='word_1_212' title='bbox 423 1467 607 1502; x_wconf 88' lang='lat' dir='ltr'>aquarum,</span> <span class='ocrx_word' id='word_1_213' title='bbox 633 1468 680 1492; x_wconf 91' lang='lat' dir='ltr'>an</span> <span class='ocrx_word' id='word_1_214' title='bbox 702 1467 786 1492; x_wconf 87' lang='lat' dir='ltr'>vero</span> <span class='ocrx_word' id='word_1_215' title='bbox 810 1457 909 1492; x_wconf 79' lang='lat' dir='ltr'>non?</span> <span class='ocrx_word' id='word_1_216' title='bbox 941 1460 978 1492; x_wconf 88' lang='lat' dir='ltr'>et</span> <span class='ocrx_word' id='word_1_217' title='bbox 1000 1461 1089 1502; x_wconf 89' lang='lat' dir='ltr'>puto</span> <span class='ocrx_word' id='word_1_218' title='bbox 1113 1465 1174 1491; x_wconf 90' lang='lat' dir='ltr'>eas</span> <span class='ocrx_word' id='word_1_219' title='bbox 1199 1466 1256 1491; x_wconf 89' lang='lat' dir='ltr'>so·</span> 
     </span>
     <span class='ocr_line' id='line_1_29' title="bbox 170 1500 1258 1548; baseline -0.002 -10"><span class='ocrx_word' id='word_1_220' title='bbox 170 1504 225 1539; x_wconf 91' lang='lat' dir='ltr'>las</span> <span class='ocrx_word' id='word_1_221' title='bbox 247 1507 431 1548; x_wconf 87' lang='lat' dir='ltr'>praestare</span> <span class='ocrx_word' id='word_1_222' title='bbox 455 1502 752 1546; x_wconf 90' lang='lat' dir='ltr'>compellendum,</span> <span class='ocrx_word' id='word_1_223' title='bbox 786 1502 862 1537; x_wconf 88' lang='lat' dir='ltr'>sine</span> <span class='ocrx_word' id='word_1_224' title='bbox 885 1501 1014 1547; x_wconf 90' lang='lat' dir='ltr'>quibus</span> <span class='ocrx_word' id='word_1_225' title='bbox 1038 1501 1182 1537; x_wconf 89' lang='lat' dir='ltr'>omnino</span> <span class='ocrx_word' id='word_1_226' title='bbox 1206 1500 1258 1535; x_wconf 91' lang='lat' dir='ltr'>uti</span> 
     </span>
     <span class='ocr_line' id='line_1_30' title="bbox 171 1545 1255 1593; baseline -0.004 -9"><span class='ocrx_word' id='word_1_227' title='bbox 171 1560 242 1584; x_wconf 89' lang='lat' dir='ltr'>non</span> <span class='ocrx_word' id='word_1_228' title='bbox 274 1552 408 1593; x_wconf 83' lang='lat' dir='ltr'>potest:</span> <span class='ocrx_word' id='word_1_229' title='bbox 445 1547 508 1582; x_wconf 88' lang='lat' dir='ltr'>sed</span> <span class='ocrx_word' id='word_1_230' title='bbox 541 1547 571 1582; x_wconf 89' lang='lat' dir='ltr'>si</span> <span class='ocrx_word' id='word_1_231' title='bbox 603 1557 684 1582; x_wconf 92' lang='lat' dir='ltr'>cum</span> <span class='ocrx_word' id='word_1_232' title='bbox 715 1547 833 1592; x_wconf 91' lang='lat' dir='ltr'>aliquo</span> <span class='ocrx_word' id='word_1_233' title='bbox 865 1545 1090 1582; x_wconf 88' lang='lat' dir='ltr'>incommodo</span> <span class='ocrx_word' id='word_1_234' title='bbox 1123 1549 1255 1587; x_wconf 88' lang='lat' dir='ltr'>utatur,</span> 
     </span>
     <span class='ocr_line' id='line_1_31' title="bbox 171 1593 616 1637; baseline -0.007 -8"><span class='ocrx_word' id='word_1_235' title='bbox 171 1604 243 1629; x_wconf 88' lang='lat' dir='ltr'>non</span> <span class='ocrx_word' id='word_1_236' title='bbox 267 1603 345 1628; x_wconf 87' lang='lat' dir='ltr'>esse</span> <span class='ocrx_word' id='word_1_237' title='bbox 368 1593 616 1637; x_wconf 86' lang='lat' dir='ltr'>praestandas.</span> 
     </span>
    </p>

    <p class='ocr_par' dir='ltr' id='par_1_4' title="bbox 170 1634 1258 1907">
     <span class='ocr_line' id='line_1_32' title="bbox 216 1634 1256 1682; baseline -0.002 -9"><span class='ocrx_word' id='word_1_238' title='bbox 216 1635 241 1674; x_wconf 84' lang='lat'>2</span> <span class='ocrx_word' id='word_1_239' title='bbox 266 1637 494 1672; x_wconf 72' lang='lat' dir='ltr'><em>POMPONIUS</em></span> <span class='ocrx_word' id='word_1_240' title='bbox 513 1637 604 1672; x_wconf 76' lang='lat' dir='ltr'>libro</span> <span class='ocrx_word' id='word_1_241' title='bbox 629 1637 754 1682; x_wconf 79' lang='lat' dir='ltr'>quinto</span> <span class='ocrx_word' id='word_1_242' title='bbox 778 1636 828 1672; x_wconf 85' lang='lat' dir='ltr'>ad</span> <span class='ocrx_word' id='word_1_243' title='bbox 850 1635 1025 1672; x_wconf 80' lang='lat' dir='ltr'>Sabinum</span> <span class='ocrx_word' id='word_1_244' title='bbox 1071 1634 1110 1671; x_wconf 90' lang='lat' dir='ltr'>Si</span> <span class='ocrx_word' id='word_1_245' title='bbox 1129 1635 1174 1671; x_wconf 89' lang='lat' dir='ltr'>ab</span> <span class='ocrx_word' id='word_1_246' title='bbox 1193 1635 1256 1671; x_wconf 91' lang='lat' dir='ltr'>he·</span> 
     </span>
     <span class='ocr_line' id='line_1_33' title="bbox 170 1681 1256 1726; baseline -0.003 -8"><span class='ocrx_word' id='word_1_247' title='bbox 170 1683 254 1718; x_wconf 91' lang='lat' dir='ltr'>rede</span> <span class='ocrx_word' id='word_1_248' title='bbox 285 1693 328 1717; x_wconf 83' lang='lat' dir='ltr'>ex</span> <span class='ocrx_word' id='word_1_249' title='bbox 361 1686 573 1718; x_wconf 87' lang='lat' dir='ltr'>testamento</span> <span class='ocrx_word' id='word_1_250' title='bbox 603 1681 706 1716; x_wconf 87' lang='lat' dir='ltr'>fundi</span> <span class='ocrx_word' id='word_1_251' title='bbox 738 1692 823 1717; x_wconf 89' lang='lat' dir='ltr'>usus</span> <span class='ocrx_word' id='word_1_252' title='bbox 857 1681 996 1717; x_wconf 89' lang='lat' dir='ltr'>fructus</span> <span class='ocrx_word' id='word_1_253' title='bbox 1031 1681 1164 1726; x_wconf 88' lang='lat' dir='ltr'>petitus</span> <span class='ocrx_word' id='word_1_254' title='bbox 1199 1681 1256 1723; x_wconf 89' lang='lat' dir='ltr'>sit,</span> 
     </span>
     <span class='ocr_line' id='line_1_34' title="bbox 171 1726 1258 1773; baseline -0.001 -11"><span class='ocrx_word' id='word_1_255' title='bbox 171 1728 231 1773; x_wconf 91' lang='lat' dir='ltr'>qui</span> <span class='ocrx_word' id='word_1_256' title='bbox 255 1727 402 1762; x_wconf 87' lang='lat' dir='ltr'>arbores</span> <span class='ocrx_word' id='word_1_257' title='bbox 427 1727 613 1762; x_wconf 88' lang='lat' dir='ltr'>deiecisset</span> <span class='ocrx_word' id='word_1_258' title='bbox 636 1731 700 1762; x_wconf 89' lang='lat' dir='ltr'>aut</span> <span class='ocrx_word' id='word_1_259' title='bbox 722 1726 924 1762; x_wconf 82' lang='lat' dir='ltr'>aedificium</span> <span class='ocrx_word' id='word_1_260' title='bbox 947 1726 1137 1761; x_wconf 88' lang='lat' dir='ltr'>demolitus</span> <span class='ocrx_word' id='word_1_261' title='bbox 1162 1732 1258 1761; x_wconf 90' lang='lat' dir='ltr'>esset</span> 
     </span>
     <span class='ocr_line' id='line_1_35' title="bbox 170 1771 1258 1817; baseline -0.002 -9"><span class='ocrx_word' id='word_1_262' title='bbox 170 1777 233 1808; x_wconf 91' lang='lat' dir='ltr'>aut</span> <span class='ocrx_word' id='word_1_263' title='bbox 264 1773 381 1817; x_wconf 89' lang='lat' dir='ltr'>aliquo</span> <span class='ocrx_word' id='word_1_264' title='bbox 414 1772 520 1807; x_wconf 91' lang='lat' dir='ltr'>modo</span> <span class='ocrx_word' id='word_1_265' title='bbox 553 1771 764 1807; x_wconf 88' lang='lat' dir='ltr'>deteriorem</span> <span class='ocrx_word' id='word_1_266' title='bbox 794 1782 900 1807; x_wconf 89' lang='lat' dir='ltr'>usum</span> <span class='ocrx_word' id='word_1_267' title='bbox 933 1771 1091 1807; x_wconf 86' lang='lat' dir='ltr'>fructum</span> <span class='ocrx_word' id='word_1_268' title='bbox 1113 1771 1258 1806; x_wconf 88' lang='lat' dir='ltr'>fecisset</span> 
     </span>
     <span class='ocr_line' id='line_1_36' title="bbox 172 1816 1257 1862; baseline -0.002 -9"><span class='ocrx_word' id='word_1_269' title='bbox 172 1822 236 1853; x_wconf 92' lang='lat' dir='ltr'>aut</span> <span class='ocrx_word' id='word_1_270' title='bbox 259 1817 444 1853; x_wconf 87' lang='lat' dir='ltr'>servitutes</span> <span class='ocrx_word' id='word_1_271' title='bbox 467 1816 681 1862; x_wconf 89' lang='lat' dir='ltr'>imponendo</span> <span class='ocrx_word' id='word_1_272' title='bbox 706 1820 771 1851; x_wconf 89' lang='lat' dir='ltr'>aut</span> <span class='ocrx_word' id='word_1_273' title='bbox 788 1817 984 1852; x_wconf 85' lang='lat' dir='ltr'>vicinorum</span> <span class='ocrx_word' id='word_1_274' title='bbox 1004 1816 1151 1862; x_wconf 88' lang='lat' dir='ltr'>praedia</span> <span class='ocrx_word' id='word_1_275' title='bbox 1169 1816 1257 1851; x_wconf 90' lang='lat' dir='ltr'>libe-</span> 
     </span>
     <span class='ocr_line' id='line_1_37' title="bbox 170 1861 1255 1907; baseline -0.002 -9"><span class='ocrx_word' id='word_1_276' title='bbox 170 1863 301 1905; x_wconf 92' lang='lat' dir='ltr'>rando,</span> <span class='ocrx_word' id='word_1_277' title='bbox 333 1862 379 1897; x_wconf 90' lang='lat' dir='ltr'>ad</span> <span class='ocrx_word' id='word_1_278' title='bbox 409 1862 537 1898; x_wconf 88' lang='lat' dir='ltr'>iudicis</span> <span class='ocrx_word' id='word_1_279' title='bbox 567 1862 772 1907; x_wconf 87' lang='lat' dir='ltr'>religionem</span> <span class='ocrx_word' id='word_1_280' title='bbox 802 1861 974 1907; x_wconf 87' lang='lat' dir='ltr'>pertinet,</span> <span class='ocrx_word' id='word_1_281' title='bbox 1006 1864 1048 1896; x_wconf 91' lang='lat' dir='ltr'>ut</span> <span class='ocrx_word' id='word_1_282' title='bbox 1077 1861 1255 1906; x_wconf 87' lang='lat' dir='ltr'>inspiciat,</span> 
     </span>
    </p>

    <p class='ocr_par' dir='ltr' id='par_1_5' title="bbox 168 1906 1255 1988">
     <span class='ocr_line' id='line_1_38' title="bbox 194 1906 1255 1951; baseline -0.002 -8"><span class='ocrx_word' id='word_1_283' title='bbox 194 1908 284 1943; x_wconf 88' lang='lat' dir='ltr'>ualis</span> <span class='ocrx_word' id='word_1_284' title='bbox 308 1911 392 1943; x_wconf 89' lang='lat' dir='ltr'>ante</span> <span class='ocrx_word' id='word_1_285' title='bbox 414 1907 584 1942; x_wconf 90' lang='lat' dir='ltr'>iudicium</span> <span class='ocrx_word' id='word_1_286' title='bbox 609 1911 796 1951; x_wconf 89' lang='lat' dir='ltr'>acceptum</span> <span class='ocrx_word' id='word_1_287' title='bbox 815 1906 949 1942; x_wconf 89' lang='lat' dir='ltr'>fundus</span> <span class='ocrx_word' id='word_1_288' title='bbox 968 1906 1089 1949; x_wconf 87' lang='lat' dir='ltr'>fuerit,</span> <span class='ocrx_word' id='word_1_289' title='bbox 1112 1910 1154 1941; x_wconf 87' lang='lat' dir='ltr'>ut</span> <span class='ocrx_word' id='word_1_290' title='bbox 1171 1917 1255 1942; x_wconf 90' lang='lat' dir='ltr'>usu·</span> 
     </span>
     <span class='ocr_line' id='line_1_39' title="bbox 168 1919 1081 1988; baseline -0.002 0"><span class='ocrx_word' id='word_1_291' title='bbox 168 1919 368 1988; x_wconf 47' lang='lat' dir='ltr'>fructuario</span> <span class='ocrx_word' id='word_1_292' title='bbox 391 1952 461 1988; x_wconf 91' lang='lat' dir='ltr'>hoc</span> <span class='ocrx_word' id='word_1_293' title='bbox 509 1952 580 1987; x_wconf 91' lang='lat' dir='ltr'>uod</span> <span class='ocrx_word' id='word_1_294' title='bbox 603 1953 750 1987; x_wconf 87' lang='lat' dir='ltr'>interest</span> <span class='ocrx_word' id='word_1_295' title='bbox 774 1952 819 1987; x_wconf 86' lang='lat' dir='ltr'>ab</span> <span class='ocrx_word' id='word_1_296' title='bbox 845 1962 886 1988; x_wconf 92' lang='lat' dir='ltr'>eo</span> <span class='ocrx_word' id='word_1_297' title='bbox 911 1956 1081 1987; x_wconf 89' lang='lat' dir='ltr'>servetur.</span> 
     </span>
    </p>

    <p class='ocr_par' dir='ltr' id='par_1_6' title="bbox 169 1995 1258 2312">
     <span class='ocr_line' id='line_1_40' title="bbox 216 1995 1257 2044; baseline -0.004 -10"><span class='ocrx_word' id='word_1_298' title='bbox 216 1995 240 2035; x_wconf 92' lang='lat'><strong>3</strong></span> <span class='ocrx_word' id='word_1_299' title='bbox 266 1997 291 2033; x_wconf 94' lang='grc' dir='ltr'><em>Ι</em></span> <span class='ocrx_word' id='word_1_300' title='bbox 294 2007 459 2033; x_wconf 74' lang='lat' dir='ltr'>UMANUs</span> <span class='ocrx_word' id='word_1_301' title='bbox 500 1998 577 2033; x_wconf 83' lang='lat' dir='ltr'>z&#39;bro</span> <span class='ocrx_word' id='word_1_302' title='bbox 607 1998 757 2043; x_wconf 75' lang='lat' dir='ltr'>septimo</span> <span class='ocrx_word' id='word_1_303' title='bbox 788 1997 1009 2044; x_wconf 79' lang='lat' dir='ltr'>diqestorum</span> <span class='ocrx_word' id='word_1_304' title='bbox 1056 1996 1123 2041; x_wconf 80' lang='lat' dir='ltr'>Qui</span> <span class='ocrx_word' id='word_1_305' title='bbox 1153 2007 1257 2032; x_wconf 90' lang='lat' dir='ltr'>usum</span> 
     </span>
     <span class='ocr_line' id='line_1_41' title="bbox 169 2041 1258 2078; baseline -0.002 0"><span class='ocrx_word' id='word_1_306' title='bbox 169 2042 327 2078; x_wconf 81' lang='lat' dir='ltr'>fructum</span> <span class='ocrx_word' id='word_1_307' title='bbox 358 2042 530 2077; x_wconf 87' lang='lat' dir='ltr'>traditum</span> <span class='ocrx_word' id='word_1_308' title='bbox 561 2042 628 2077; x_wconf 90' lang='lat' dir='ltr'>sibi</span> <span class='ocrx_word' id='word_1_309' title='bbox 660 2052 704 2077; x_wconf 87' lang='lat' dir='ltr'>ex</span> <span class='ocrx_word' id='word_1_310' title='bbox 735 2051 846 2077; x_wconf 89' lang='lat' dir='ltr'>causa</span> <span class='ocrx_word' id='word_1_311' title='bbox 867 2041 1131 2077; x_wconf 89' lang='lat' dir='ltr'>fideicommissi</span> <span class='ocrx_word' id='word_1_312' title='bbox 1155 2041 1258 2076; x_wconf 88' lang='lat' dir='ltr'>desiit</span> 
     </span>
     <span class='ocr_line' id='line_1_42' title="bbox 169 2086 1257 2132; baseline -0.002 -9"><span class='ocrx_word' id='word_1_313' title='bbox 169 2089 206 2123; x_wconf 90' lang='lat' dir='ltr'>in</span> <span class='ocrx_word' id='word_1_314' title='bbox 230 2097 298 2123; x_wconf 90' lang='lat' dir='ltr'>usu</span> <span class='ocrx_word' id='word_1_315' title='bbox 320 2087 454 2123; x_wconf 91' lang='lat' dir='ltr'>habere</span> <span class='ocrx_word' id='word_1_316' title='bbox 469 2090 571 2122; x_wconf 89' lang='lat' dir='ltr'>tanto</span> <span class='ocrx_word' id='word_1_317' title='bbox 593 2091 763 2132; x_wconf 90' lang='lat' dir='ltr'>tempore,</span> <span class='ocrx_word' id='word_1_318' title='bbox 788 2091 935 2132; x_wconf 92' lang='lat' dir='ltr'>quanto,</span> <span class='ocrx_word' id='word_1_319' title='bbox 959 2087 991 2122; x_wconf 92' lang='lat' dir='ltr'>si</span> <span class='ocrx_word' id='word_1_320' title='bbox 1010 2087 1162 2131; x_wconf 86' lang='lat' dir='ltr'>legitime</span> <span class='ocrx_word' id='word_1_321' title='bbox 1182 2086 1257 2122; x_wconf 91' lang='lat' dir='ltr'>eius</span> 
     </span>
     <span class='ocr_line' id='line_1_43' title="bbox 169 2130 1256 2175; baseline -0.002 -7"><span class='ocrx_word' id='word_1_322' title='bbox 169 2132 288 2168; x_wconf 87' lang='lat' dir='ltr'>factus</span> <span class='ocrx_word' id='word_1_323' title='bbox 313 2136 427 2175; x_wconf 88' lang='lat' dir='ltr'>esset,</span> <span class='ocrx_word' id='word_1_324' title='bbox 460 2132 653 2167; x_wconf 83' lang='lat' dir='ltr'>amissurus</span> <span class='ocrx_word' id='word_1_325' title='bbox 678 2141 757 2166; x_wconf 93' lang='lat' dir='ltr'>eum</span> <span class='ocrx_word' id='word_1_326' title='bbox 780 2131 906 2174; x_wconf 86' lang='lat' dir='ltr'>fuerit,</span> <span class='ocrx_word' id='word_1_327' title='bbox 931 2132 1108 2167; x_wconf 89' lang='lat' dir='ltr'>actionem</span> <span class='ocrx_word' id='word_1_328' title='bbox 1132 2130 1179 2166; x_wconf 89' lang='lat' dir='ltr'>ad</span> <span class='ocrx_word' id='word_1_329' title='bbox 1201 2142 1256 2166; x_wconf 90' lang='lat' dir='ltr'>re-</span> 
     </span>
     <span class='ocr_line' id='line_1_44' title="bbox 170 2176 1256 2213; baseline -0.001 -1"><span class='ocrx_word' id='word_1_330' title='bbox 170 2177 386 2213; x_wconf 88' lang='lat' dir='ltr'>stituendum</span> <span class='ocrx_word' id='word_1_331' title='bbox 410 2187 490 2213; x_wconf 91' lang='lat' dir='ltr'>eum</span> <span class='ocrx_word' id='word_1_332' title='bbox 512 2177 644 2212; x_wconf 90' lang='lat' dir='ltr'>habere</span> <span class='ocrx_word' id='word_1_333' title='bbox 668 2187 739 2212; x_wconf 92' lang='lat' dir='ltr'>non</span> <span class='ocrx_word' id='word_1_334' title='bbox 763 2177 887 2212; x_wconf 84' lang='lat' dir='ltr'>debet:</span> <span class='ocrx_word' id='word_1_335' title='bbox 920 2181 975 2212; x_wconf 92' lang='lat' dir='ltr'>est</span> <span class='ocrx_word' id='word_1_336' title='bbox 1005 2177 1098 2211; x_wconf 90' lang='lat' dir='ltr'>enim</span> <span class='ocrx_word' id='word_1_337' title='bbox 1130 2176 1256 2211; x_wconf 89' lang='lat' dir='ltr'>absur-</span> 
     </span>
     <span class='ocr_line' id='line_1_45' title="bbox 171 2221 1256 2268; baseline -0.001 -11"><span class='ocrx_word' id='word_1_338' title='bbox 171 2222 256 2258; x_wconf 88' lang='lat' dir='ltr'>dum</span> <span class='ocrx_word' id='word_1_339' title='bbox 279 2223 361 2268; x_wconf 91' lang='lat' dir='ltr'>plus</span> <span class='ocrx_word' id='word_1_340' title='bbox 383 2222 471 2258; x_wconf 87' lang='lat' dir='ltr'>iuris</span> <span class='ocrx_word' id='word_1_341' title='bbox 495 2222 628 2258; x_wconf 88' lang='lat' dir='ltr'>habere</span> <span class='ocrx_word' id='word_1_342' title='bbox 651 2223 755 2264; x_wconf 85' lang='lat' dir='ltr'>e0s⁵,</span> <span class='ocrx_word' id='word_1_343' title='bbox 788 2221 848 2267; x_wconf 92' lang='lat' dir='ltr'>qui</span> <span class='ocrx_word' id='word_1_344' title='bbox 871 2222 1133 2266; x_wconf 86' lang='lat' dir='ltr'>possessionem</span> <span class='ocrx_word' id='word_1_345' title='bbox 1157 2221 1256 2256; x_wconf 90' lang='lat' dir='ltr'>dum-</span> 
     </span>
     <span class='ocr_line' id='line_1_46' title="bbox 169 2266 1255 2312; baseline -0.001 -10"><span class='ocrx_word' id='word_1_346' title='bbox 169 2271 273 2303; x_wconf 83' lang='lat' dir='ltr'>taxat</span> <span class='ocrx_word' id='word_1_347' title='bbox 294 2277 382 2302; x_wconf 91' lang='lat' dir='ltr'>usus</span> <span class='ocrx_word' id='word_1_348' title='bbox 405 2267 564 2309; x_wconf 88' lang='lat' dir='ltr'>fructus,</span> <span class='ocrx_word' id='word_1_349' title='bbox 589 2277 659 2302; x_wconf 89' lang='lat' dir='ltr'>non</span> <span class='ocrx_word' id='word_1_350' title='bbox 684 2267 789 2302; x_wconf 88' lang='lat' dir='ltr'>etiam</span> <span class='ocrx_word' id='word_1_351' title='bbox 813 2266 1005 2302; x_wconf 87' lang='lat' dir='ltr'>dominium</span> <span class='ocrx_word' id='word_1_352' title='bbox 1028 2266 1150 2312; x_wconf 88' lang='lat' dir='ltr'>adepti</span> <span class='ocrx_word' id='word_1_353' title='bbox 1173 2267 1255 2301; x_wconf 91' lang='lat' dir='ltr'>sint.</span> 
     </span>
    </p>

    <p class='ocr_par' dir='ltr' id='par_1_7' title="bbox 169 2310 1258 2707">
     <span class='ocr_line' id='line_1_47' title="bbox 216 2310 1256 2358; baseline -0.003 -9"><span class='ocrx_word' id='word_1_354' title='bbox 216 2311 244 2350; x_wconf 86' lang='lat'>4</span> <span class='ocrx_word' id='word_1_355' title='bbox 267 2311 376 2348; x_wconf 69' lang='lat' dir='ltr'><em>IDEM</em></span> <span class='ocrx_word' id='word_1_356' title='bbox 393 2312 484 2348; x_wconf 76' lang='lat' dir='ltr'>libro</span> <span class='ocrx_word' id='word_1_357' title='bbox 509 2313 715 2358; x_wconf 75' lang='lat' dir='ltr'>triqensimo</span> <span class='ocrx_word' id='word_1_358' title='bbox 739 2312 866 2358; x_wconf 79' lang='lat' dir='ltr'>quinto</span> <span class='ocrx_word' id='word_1_359' title='bbox 890 2311 1111 2354; x_wconf 57' lang='lat' dir='ltr'>dunestor-um</span> <span class='ocrx_word' id='word_1_360' title='bbox 1159 2310 1256 2346; x_wconf 89' lang='lat' dir='ltr'>Fun-</span> 
     </span>
     <span class='ocr_line' id='line_1_48' title="bbox 171 2350 1256 2402; baseline -0.003 -9"><span class='ocrx_word' id='word_1_361' title='bbox 171 2357 238 2393; x_wconf 90' lang='lat' dir='ltr'>dus</span> <span class='ocrx_word' id='word_1_362' title='bbox 263 2357 423 2393; x_wconf 86' lang='lat' dir='ltr'>detracto</span> <span class='ocrx_word' id='word_1_363' title='bbox 446 2367 515 2392; x_wconf 92' lang='lat' dir='ltr'>usu</span> <span class='ocrx_word' id='word_1_364' title='bbox 537 2357 659 2392; x_wconf 87' lang='lat' dir='ltr'>fructu</span> <span class='ocrx_word' id='word_1_365' title='bbox 681 2357 819 2402; x_wconf 78' lang='lat' dir='ltr'>legatus</span> <span class='ocrx_word' id='word_1_366' title='bbox 844 2360 899 2391; x_wconf 89' lang='lat' dir='ltr'>est</span> <span class='ocrx_word' id='word_1_367' title='bbox 922 2350 1016 2392; x_wconf 83' lang='lat' dir='ltr'>Titio</span> <span class='ocrx_word' id='word_1_368' title='bbox 1042 2360 1078 2391; x_wconf 89' lang='lat' dir='ltr'>et</span> <span class='ocrx_word' id='word_1_369' title='bbox 1102 2356 1256 2392; x_wconf 85' lang='lat' dir='ltr'>eiusdem</span> 
     </span>
     <span class='ocr_line' id='line_1_49' title="bbox 169 2401 1258 2447; baseline -0.003 -9"><span class='ocrx_word' id='word_1_370' title='bbox 169 2401 273 2438; x_wconf 86' lang='lat' dir='ltr'>fundi</span> <span class='ocrx_word' id='word_1_371' title='bbox 302 2412 390 2438; x_wconf 88' lang='lat' dir='ltr'>usus</span> <span class='ocrx_word' id='word_1_372' title='bbox 420 2401 558 2437; x_wconf 87' lang='lat' dir='ltr'>fructus</span> <span class='ocrx_word' id='word_1_373' title='bbox 590 2401 796 2447; x_wconf 86' lang='lat' dir='ltr'>Sempronio</span> <span class='ocrx_word' id='word_1_374' title='bbox 828 2401 895 2436; x_wconf 93' lang='lat' dir='ltr'>sub</span> <span class='ocrx_word' id='word_1_375' title='bbox 928 2401 1154 2437; x_wconf 87' lang='lat' dir='ltr'>condicione:</span> <span class='ocrx_word' id='word_1_376' title='bbox 1187 2401 1258 2436; x_wconf 85' lang='lat' dir='ltr'>dixi</span> 
     </span>
     <span class='ocr_line' id='line_1_50' title="bbox 170 2445 1258 2492; baseline -0.003 -9"><span class='ocrx_word' id='word_1_377' title='bbox 170 2447 313 2483; x_wconf 86' lang='lat' dir='ltr'>interim</span> <span class='ocrx_word' id='word_1_378' title='bbox 349 2457 429 2482; x_wconf 92' lang='lat' dir='ltr'>cum</span> <span class='ocrx_word' id='word_1_379' title='bbox 464 2447 682 2492; x_wconf 86' lang='lat' dir='ltr'>proprietate</span> <span class='ocrx_word' id='word_1_380' title='bbox 712 2457 818 2482; x_wconf 90' lang='lat' dir='ltr'>usum</span> <span class='ocrx_word' id='word_1_381' title='bbox 850 2446 1008 2481; x_wconf 91' lang='lat' dir='ltr'>fructum</span> <span class='ocrx_word' id='word_1_382' title='bbox 1042 2456 1138 2488; x_wconf 91' lang='lat' dir='ltr'>esse,</span> <span class='ocrx_word' id='word_1_383' title='bbox 1174 2445 1258 2481; x_wconf 90' lang='lat' dir='ltr'>licet</span> 
     </span>
     <span class='ocr_line' id='line_1_51' title="bbox 170 2491 1255 2538; baseline -0.002 -11"><span class='ocrx_word' id='word_1_384' title='bbox 170 2492 332 2538; x_wconf 81' lang='lat' dir='ltr'>placeat,</span> <span class='ocrx_word' id='word_1_385' title='bbox 370 2502 452 2527; x_wconf 93' lang='lat' dir='ltr'>cum</span> <span class='ocrx_word' id='word_1_386' title='bbox 487 2491 648 2526; x_wconf 88' lang='lat' dir='ltr'>detracto</span> <span class='ocrx_word' id='word_1_387' title='bbox 683 2502 753 2526; x_wconf 91' lang='lat' dir='ltr'>usu</span> <span class='ocrx_word' id='word_1_388' title='bbox 787 2491 909 2526; x_wconf 91' lang='lat' dir='ltr'>fructu</span> <span class='ocrx_word' id='word_1_389' title='bbox 940 2491 1072 2526; x_wconf 87' lang='lat' dir='ltr'>fundus</span> <span class='ocrx_word' id='word_1_390' title='bbox 1107 2491 1255 2536; x_wconf 67' lang='lat' dir='ltr'>legatur,</span> 
     </span>
     <span class='ocr_line' id='line_1_52' title="bbox 171 2536 1256 2582; baseline -0.002 -10"><span class='ocrx_word' id='word_1_391' title='bbox 171 2536 269 2582; x_wconf 86' lang='lat' dir='ltr'>apud</span> <span class='ocrx_word' id='word_1_392' title='bbox 289 2536 456 2572; x_wconf 85' lang='lat' dir='ltr'>heredem</span> <span class='ocrx_word' id='word_1_393' title='bbox 479 2547 582 2571; x_wconf 89' lang='lat' dir='ltr'>usum</span> <span class='ocrx_word' id='word_1_394' title='bbox 604 2536 763 2572; x_wconf 89' lang='lat' dir='ltr'>fructum</span> <span class='ocrx_word' id='word_1_395' title='bbox 787 2546 882 2571; x_wconf 84' lang='lat' dir='ltr'>esse:</span> <span class='ocrx_word' id='word_1_396' title='bbox 914 2536 998 2581; x_wconf 88' lang='lat' dir='ltr'>quia</span> <span class='ocrx_word' id='word_1_397' title='bbox 1029 2539 1132 2581; x_wconf 90' lang='lat' dir='ltr'>pater</span> <span class='ocrx_word' id='word_1_398' title='bbox 1154 2536 1256 2571; x_wconf 86' lang='lat' dir='ltr'>fami-</span> 
     </span>
     <span class='ocr_line' id='line_1_53' title="bbox 171 2580 1256 2626; baseline -0.001 -9"><span class='ocrx_word' id='word_1_399' title='bbox 171 2583 238 2618; x_wconf 86' lang='lat' dir='ltr'>lias</span> <span class='ocrx_word' id='word_1_400' title='bbox 270 2591 352 2617; x_wconf 92' lang='lat' dir='ltr'>cum</span> <span class='ocrx_word' id='word_1_401' title='bbox 382 2580 541 2616; x_wconf 90' lang='lat' dir='ltr'>detracto</span> <span class='ocrx_word' id='word_1_402' title='bbox 574 2592 642 2616; x_wconf 91' lang='lat' dir='ltr'>usu</span> <span class='ocrx_word' id='word_1_403' title='bbox 675 2580 796 2616; x_wconf 87' lang='lat' dir='ltr'>fructu</span> <span class='ocrx_word' id='word_1_404' title='bbox 826 2580 977 2616; x_wconf 90' lang='lat' dir='ltr'>fundum</span> <span class='ocrx_word' id='word_1_405' title='bbox 1006 2581 1101 2626; x_wconf 86' lang='lat' dir='ltr'>legat</span> <span class='ocrx_word' id='word_1_406' title='bbox 1131 2585 1168 2616; x_wconf 92' lang='lat' dir='ltr'>et</span> <span class='ocrx_word' id='word_1_407' title='bbox 1197 2581 1256 2616; x_wconf 88' lang='lat' dir='ltr'>alii</span> 
     </span>
     <span class='ocr_line' id='line_1_54' title="bbox 171 2625 1257 2671; baseline -0.001 -9"><span class='ocrx_word' id='word_1_408' title='bbox 171 2637 276 2662; x_wconf 88' lang='lat' dir='ltr'>usum</span> <span class='ocrx_word' id='word_1_409' title='bbox 300 2625 457 2661; x_wconf 86' lang='lat' dir='ltr'>fructum</span> <span class='ocrx_word' id='word_1_410' title='bbox 481 2626 547 2660; x_wconf 85' lang='lat' dir='ltr'>snb</span> <span class='ocrx_word' id='word_1_411' title='bbox 572 2626 791 2668; x_wconf 89' lang='lat' dir='ltr'>condicione,</span> <span class='ocrx_word' id='word_1_412' title='bbox 815 2637 887 2661; x_wconf 91' lang='lat' dir='ltr'>non</span> <span class='ocrx_word' id='word_1_413' title='bbox 904 2626 974 2661; x_wconf 92' lang='lat' dir='ltr'>hoc</span> <span class='ocrx_word' id='word_1_414' title='bbox 994 2626 1077 2670; x_wconf 84' lang='lat' dir='ltr'>agit,</span> <span class='ocrx_word' id='word_1_415' title='bbox 1101 2630 1142 2661; x_wconf 92' lang='lat' dir='ltr'>ut</span> <span class='ocrx_word' id='word_1_416' title='bbox 1162 2626 1257 2671; x_wconf 90' lang='lat' dir='ltr'>apud</span> 
     </span>
     <span class='ocr_line' id='line_1_55' title="bbox 171 2671 825 2707; baseline 0 -1"><span class='ocrx_word' id='word_1_417' title='bbox 171 2671 338 2707; x_wconf 87' lang='lat' dir='ltr'>heredem</span> <span class='ocrx_word' id='word_1_418' title='bbox 361 2681 445 2706; x_wconf 90' lang='lat' dir='ltr'>usus</span> <span class='ocrx_word' id='word_1_419' title='bbox 469 2671 608 2706; x_wconf 88' lang='lat' dir='ltr'>fructus</span> <span class='ocrx_word' id='word_1_420' title='bbox 631 2675 825 2706; x_wconf 88' lang='lat' dir='ltr'>remaneat.</span> 
     </span>
    </p>

    <p class='ocr_par' dir='ltr' id='par_1_8' title="bbox 171 2714 1259 3522">
     <span class='ocr_line' id='line_1_56' title="bbox 218 2714 1257 2762; baseline -0.003 -9"><span class='ocrx_word' id='word_1_421' title='bbox 218 2714 243 2753; x_wconf 85' lang='lat'>5</span> <span class='ocrx_word' id='word_1_422' title='bbox 274 2715 469 2752; x_wconf 68' lang='lat' dir='ltr'><strong><em>ULPIANUS</em></strong></span> <span class='ocrx_word' id='word_1_423' title='bbox 489 2716 580 2750; x_wconf 82' lang='lat' dir='ltr'>libro</span> <span class='ocrx_word' id='word_1_424' title='bbox 603 2717 754 2762; x_wconf 80' lang='lat' dir='ltr'>septimo</span> <span class='ocrx_word' id='word_1_425' title='bbox 778 2716 914 2752; x_wconf 79' lang='lat' dir='ltr'>decimo</span> <span class='ocrx_word' id='word_1_426' title='bbox 939 2716 989 2751; x_wconf 82' lang='lat' dir='ltr'>ad</span> <span class='ocrx_word' id='word_1_427' title='bbox 1010 2716 1163 2752; x_wconf 82' lang='lat' dir='ltr'>edictum</span> <span class='ocrx_word' id='word_1_428' title='bbox 1198 2715 1257 2751; x_wconf 92' lang='lat' dir='ltr'>Uti</span> 
     </span>
     <span class='ocr_line' id='line_1_57' title="bbox 171 2760 1258 2806; baseline -0.001 -10"><span class='ocrx_word' id='word_1_429' title='bbox 171 2760 244 2796; x_wconf 83' lang='lat' dir='ltr'>frui</span> <span class='ocrx_word' id='word_1_430' title='bbox 266 2761 323 2796; x_wconf 87' lang='lat' dir='ltr'>ius</span> <span class='ocrx_word' id='word_1_431' title='bbox 346 2760 415 2796; x_wconf 87' lang='lat' dir='ltr'>sibi</span> <span class='ocrx_word' id='word_1_432' title='bbox 438 2770 515 2796; x_wconf 90' lang='lat' dir='ltr'>esse</span> <span class='ocrx_word' id='word_1_433' title='bbox 547 2760 644 2795; x_wconf 88' lang='lat' dir='ltr'>solus</span> <span class='ocrx_word' id='word_1_434' title='bbox 675 2765 794 2805; x_wconf 86' lang='lat' dir='ltr'>potest</span> <span class='ocrx_word' id='word_1_435' title='bbox 824 2761 1026 2804; x_wconf 86' lang='lat' dir='ltr'>intendere,</span> <span class='ocrx_word' id='word_1_436' title='bbox 1058 2760 1118 2806; x_wconf 90' lang='lat' dir='ltr'>qui</span> <span class='ocrx_word' id='word_1_437' title='bbox 1148 2760 1258 2796; x_wconf 89' lang='lat' dir='ltr'>habet</span> 
     </span>
     <span class='ocr_line' id='line_1_58' title="bbox 172 2805 1258 2851; baseline -0.001 -10"><span class='ocrx_word' id='word_1_438' title='bbox 172 2816 278 2841; x_wconf 87' lang='lat' dir='ltr'>usum</span> <span class='ocrx_word' id='word_1_439' title='bbox 299 2805 468 2848; x_wconf 83' lang='lat' dir='ltr'>fructum,</span> <span class='ocrx_word' id='word_1_440' title='bbox 492 2805 654 2840; x_wconf 88' lang='lat' dir='ltr'>dominus</span> <span class='ocrx_word' id='word_1_441' title='bbox 674 2810 793 2841; x_wconf 89' lang='lat' dir='ltr'>autem</span> <span class='ocrx_word' id='word_1_442' title='bbox 809 2805 911 2841; x_wconf 77' lang='lat' dir='ltr'>fundi</span> <span class='ocrx_word' id='word_1_443' title='bbox 928 2816 1000 2841; x_wconf 88' lang='lat' dir='ltr'>non</span> <span class='ocrx_word' id='word_1_444' title='bbox 1019 2809 1150 2851; x_wconf 88' lang='lat' dir='ltr'>potest,</span> <span class='ocrx_word' id='word_1_445' title='bbox 1174 2806 1258 2851; x_wconf 90' lang='lat' dir='ltr'>quia</span> 
     </span>
     <span class='ocr_line' id='line_1_59' title="bbox 173 2850 1256 2896; baseline -0.001 -10"><span class='ocrx_word' id='word_1_446' title='bbox 173 2851 234 2896; x_wconf 90' lang='lat' dir='ltr'>qui</span> <span class='ocrx_word' id='word_1_447' title='bbox 255 2850 366 2886; x_wconf 86' lang='lat' dir='ltr'>habet</span> <span class='ocrx_word' id='word_1_448' title='bbox 386 2850 650 2896; x_wconf 88' lang='lat' dir='ltr'>proprietatem,</span> <span class='ocrx_word' id='word_1_449' title='bbox 674 2850 796 2885; x_wconf 89' lang='lat' dir='ltr'>utendi</span> <span class='ocrx_word' id='word_1_450' title='bbox 819 2850 960 2886; x_wconf 88' lang='lat' dir='ltr'>fruendi</span> <span class='ocrx_word' id='word_1_451' title='bbox 978 2851 1034 2886; x_wconf 89' lang='lat' dir='ltr'>ius</span> <span class='ocrx_word' id='word_1_452' title='bbox 1053 2855 1256 2896; x_wconf 86' lang='lat' dir='ltr'>separatum</span> 
     </span>
     <span class='ocr_line' id='line_1_60' title="bbox 174 2895 1254 2947; baseline -0.001 -16"><span class='ocrx_word' id='word_1_453' title='bbox 174 2906 250 2931; x_wconf 91' lang='lat' dir='ltr'>non</span> <span class='ocrx_word' id='word_1_454' title='bbox 272 2895 400 2930; x_wconf 88' lang='lat' dir='ltr'>habet:</span> <span class='ocrx_word' id='word_1_455' title='bbox 434 2905 498 2930; x_wconf 90' lang='lat' dir='ltr'>nec</span> <span class='ocrx_word' id='word_1_456' title='bbox 531 2895 622 2930; x_wconf 89' lang='lat' dir='ltr'>enim</span> <span class='ocrx_word' id='word_1_457' title='bbox 644 2899 762 2947; x_wconf 85' lang='lat' dir='ltr'>potest</span> <span class='ocrx_word' id='word_1_458' title='bbox 787 2895 819 2930; x_wconf 91' lang='lat' dir='ltr'>ei</span> <span class='ocrx_word' id='word_1_459' title='bbox 841 2906 927 2931; x_wconf 92' lang='lat' dir='ltr'>suus</span> <span class='ocrx_word' id='word_1_460' title='bbox 950 2895 1083 2931; x_wconf 86' lang='lat' dir='ltr'>fundus</span> <span class='ocrx_word' id='word_1_461' title='bbox 1108 2895 1254 2931; x_wconf 87' lang='lat' dir='ltr'>servire:</span> 
     </span>
     <span class='ocr_line' id='line_1_61' title="bbox 174 2940 1256 2993; baseline -0.001 -17"><span class='ocrx_word' id='word_1_462' title='bbox 174 2940 219 2975; x_wconf 85' lang='lat' dir='ltr'>de</span> <span class='ocrx_word' id='word_1_463' title='bbox 241 2950 306 2976; x_wconf 87' lang='lat' dir='ltr'>suo</span> <span class='ocrx_word' id='word_1_464' title='bbox 330 2940 431 2982; x_wconf 86' lang='lat' dir='ltr'>enim,</span> <span class='ocrx_word' id='word_1_465' title='bbox 456 2950 527 2975; x_wconf 90' lang='lat' dir='ltr'>non</span> <span class='ocrx_word' id='word_1_466' title='bbox 548 2940 591 2974; x_wconf 90' lang='lat' dir='ltr'>de</span> <span class='ocrx_word' id='word_1_467' title='bbox 611 2940 724 2975; x_wconf 87' lang='lat' dir='ltr'>aheno</span> <span class='ocrx_word' id='word_1_468' title='bbox 745 2941 822 2975; x_wconf 89' lang='lat' dir='ltr'>iure</span> <span class='ocrx_word' id='word_1_469' title='bbox 841 2951 1016 2993; x_wconf 84' lang='lat' dir='ltr'>quemque</span> <span class='ocrx_word' id='word_1_470' title='bbox 1035 2951 1139 2985; x_wconf 80' lang='lat' dir='ltr'>agere</span> <span class='ocrx_word' id='word_1_471' title='bbox 1151 2951 1256 2985; x_wconf 89' lang='lat' dir='ltr'>opor-</span> 
     </span>
     <span class='ocr_line' id='line_1_62' title="bbox 174 2985 1259 3031; baseline -0.002 -9"><span class='ocrx_word' id='word_1_472' title='bbox 174 2989 237 3022; x_wconf 77' lang='lat' dir='ltr'>tet.</span> <span class='ocrx_word' id='word_1_473' title='bbox 272 2995 486 3031; x_wconf 85' lang='lat' dir='ltr'>quamquam</span> <span class='ocrx_word' id='word_1_474' title='bbox 510 2985 601 3019; x_wconf 90' lang='lat' dir='ltr'>enim</span> <span class='ocrx_word' id='word_1_475' title='bbox 620 2986 715 3020; x_wconf 89' lang='lat' dir='ltr'>actio</span> <span class='ocrx_word' id='word_1_476' title='bbox 735 2990 899 3030; x_wconf 81' lang='lat' dir='ltr'>negativa</span> <span class='ocrx_word' id='word_1_477' title='bbox 917 2985 1059 3021; x_wconf 91' lang='lat' dir='ltr'>domino</span> <span class='ocrx_word' id='word_1_478' title='bbox 1080 2989 1259 3031; x_wconf 85' lang='lat' dir='ltr'>competat</span> 
     </span>
     <span class='ocr_line' id='line_1_63' title="bbox 175 3029 1258 3075; baseline 0 -10"><span class='ocrx_word' id='word_1_479' title='bbox 175 3030 344 3065; x_wconf 82' lang='lat' dir='ltr'>adversus</span> <span class='ocrx_word' id='word_1_480' title='bbox 367 3029 613 3071; x_wconf 89' lang='lat' dir='ltr'>fructuarium,</span> <span class='ocrx_word' id='word_1_481' title='bbox 637 3030 747 3074; x_wconf 86' lang='lat' dir='ltr'>magis</span> <span class='ocrx_word' id='word_1_482' title='bbox 771 3034 890 3065; x_wconf 88' lang='lat' dir='ltr'>tamen</span> <span class='ocrx_word' id='word_1_483' title='bbox 910 3030 954 3066; x_wconf 89' lang='lat' dir='ltr'>de</span> <span class='ocrx_word' id='word_1_484' title='bbox 974 3041 1038 3066; x_wconf 90' lang='lat' dir='ltr'>suo</span> <span class='ocrx_word' id='word_1_485' title='bbox 1058 3030 1134 3065; x_wconf 89' lang='lat' dir='ltr'>iure</span> <span class='ocrx_word' id='word_1_486' title='bbox 1153 3040 1258 3075; x_wconf 81' lang='lat' dir='ltr'>agere</span> 
     </span>
     <span class='ocr_line' id='line_1_64' title="bbox 174 3074 1256 3120; baseline 0.001 -11"><span class='ocrx_word' id='word_1_487' title='bbox 174 3074 337 3110; x_wconf 83' lang='lat' dir='ltr'>videtur⁸</span> <span class='ocrx_word' id='word_1_488' title='bbox 360 3084 466 3120; x_wconf 90' lang='lat' dir='ltr'>quam</span> <span class='ocrx_word' id='word_1_489' title='bbox 489 3074 622 3116; x_wconf 88' lang='lat' dir='ltr'>alieno,</span> <span class='ocrx_word' id='word_1_490' title='bbox 655 3085 735 3109; x_wconf 91' lang='lat' dir='ltr'>cum</span> <span class='ocrx_word' id='word_1_491' title='bbox 765 3075 874 3110; x_wconf 84' lang='lat' dir='ltr'>invito</span> <span class='ocrx_word' id='word_1_492' title='bbox 907 3085 946 3111; x_wconf 90' lang='lat' dir='ltr'>se</span> <span class='ocrx_word' id='word_1_493' title='bbox 970 3079 1076 3120; x_wconf 82' lang='lat' dir='ltr'>negat</span> <span class='ocrx_word' id='word_1_494' title='bbox 1096 3076 1153 3110; x_wconf 93' lang='lat' dir='ltr'>ius</span> <span class='ocrx_word' id='word_1_495' title='bbox 1179 3085 1256 3110; x_wconf 89' lang='lat' dir='ltr'>esse</span> 
     </span>
     <span class='ocr_line' id='line_1_65' title="bbox 174 3118 1257 3172; baseline 0.001 -18"><span class='ocrx_word' id='word_1_496' title='bbox 174 3119 299 3155; x_wconf 87' lang='lat' dir='ltr'>utendi</span> <span class='ocrx_word' id='word_1_497' title='bbox 321 3118 518 3154; x_wconf 88' lang='lat' dir='ltr'>fructuario</span> <span class='ocrx_word' id='word_1_498' title='bbox 541 3119 595 3153; x_wconf 86' lang='lat' dir='ltr'>vel</span> <span class='ocrx_word' id='word_1_499' title='bbox 619 3119 686 3153; x_wconf 89' lang='lat' dir='ltr'>sibi</span> <span class='ocrx_word' id='word_1_500' title='bbox 709 3120 764 3154; x_wconf 91' lang='lat' dir='ltr'>ius</span> <span class='ocrx_word' id='word_1_501' title='bbox 795 3129 873 3155; x_wconf 90' lang='lat' dir='ltr'>esse</span> <span class='ocrx_word' id='word_1_502' title='bbox 903 3120 1124 3172; x_wconf 85' lang='lat' dir='ltr'>prohibendi.</span> <span class='ocrx_word' id='word_1_503' title='bbox 1161 3120 1257 3165; x_wconf 89' lang='lat' dir='ltr'>quod</span> 
     </span>
     <span class='ocr_line' id='line_1_66' title="bbox 174 3163 1256 3210; baseline 0.001 -11"><span class='ocrx_word' id='word_1_504' title='bbox 174 3164 206 3199; x_wconf 92' lang='lat' dir='ltr'>si</span> <span class='ocrx_word' id='word_1_505' title='bbox 227 3163 321 3199; x_wconf 88' lang='lat' dir='ltr'>forte</span> <span class='ocrx_word' id='word_1_506' title='bbox 344 3164 405 3209; x_wconf 90' lang='lat' dir='ltr'>qui</span> <span class='ocrx_word' id='word_1_507' title='bbox 428 3164 501 3210; x_wconf 80' lang='lat' dir='ltr'>agit</span> <span class='ocrx_word' id='word_1_508' title='bbox 523 3163 684 3198; x_wconf 90' lang='lat' dir='ltr'>dominus</span> <span class='ocrx_word' id='word_1_509' title='bbox 707 3165 934 3209; x_wconf 79' lang='lat' dir='ltr'>proprietatis</span> <span class='ocrx_word' id='word_1_510' title='bbox 958 3175 1030 3200; x_wconf 91' lang='lat' dir='ltr'>non</span> <span class='ocrx_word' id='word_1_511' title='bbox 1053 3165 1110 3207; x_wconf 90' lang='lat' dir='ltr'>sit,</span> <span class='ocrx_word' id='word_1_512' title='bbox 1134 3175 1256 3210; x_wconf 87' lang='lat' dir='ltr'>quam-</span> 
     </span>
     <span class='ocr_line' id='line_1_67' title="bbox 174 3208 1256 3251; baseline 0.001 -8"><span class='ocrx_word' id='word_1_513' title='bbox 174 3209 227 3244; x_wconf 87' lang='lat' dir='ltr'>vis</span> <span class='ocrx_word' id='word_1_514' title='bbox 249 3208 467 3244; x_wconf 80' lang='lat' dir='ltr'>fructuarius</span> <span class='ocrx_word' id='word_1_515' title='bbox 491 3208 546 3243; x_wconf 90' lang='lat' dir='ltr'>ius</span> <span class='ocrx_word' id='word_1_516' title='bbox 577 3208 699 3243; x_wconf 90' lang='lat' dir='ltr'>utendi</span> <span class='ocrx_word' id='word_1_517' title='bbox 730 3219 799 3243; x_wconf 88' lang='lat' dir='ltr'>non</span> <span class='ocrx_word' id='word_1_518' title='bbox 831 3210 958 3251; x_wconf 89' lang='lat' dir='ltr'>habet,</span> <span class='ocrx_word' id='word_1_519' title='bbox 989 3210 1107 3245; x_wconf 80' lang='lat' dir='ltr'>vincet</span> <span class='ocrx_word' id='word_1_520' title='bbox 1138 3214 1256 3244; x_wconf 88' lang='lat' dir='ltr'>tamen</span> 
     </span>
     <span class='ocr_line' id='line_1_68' title="bbox 174 3253 1256 3298; baseline 0 -10"><span class='ocrx_word' id='word_1_521' title='bbox 174 3253 264 3295; x_wconf 92' lang='lat' dir='ltr'>iure,</span> <span class='ocrx_word' id='word_1_522' title='bbox 313 3263 359 3289; x_wconf 91' lang='lat' dir='ltr'>uo</span> <span class='ocrx_word' id='word_1_523' title='bbox 382 3263 606 3298; x_wconf 87' lang='lat' dir='ltr'>possessores</span> <span class='ocrx_word' id='word_1_524' title='bbox 630 3257 715 3288; x_wconf 87' lang='lat' dir='ltr'>sunt</span> <span class='ocrx_word' id='word_1_525' title='bbox 737 3254 913 3298; x_wconf 89' lang='lat' dir='ltr'>potiores,</span> <span class='ocrx_word' id='word_1_526' title='bbox 937 3255 1020 3290; x_wconf 89' lang='lat' dir='ltr'>licet</span> <span class='ocrx_word' id='word_1_527' title='bbox 1043 3254 1179 3290; x_wconf 91' lang='lat' dir='ltr'>nullum</span> <span class='ocrx_word' id='word_1_528' title='bbox 1202 3255 1256 3289; x_wconf 85' lang='lat' dir='ltr'>ius</span> 
     </span>
     <span class='ocr_line' id='line_1_69' title="bbox 178 3297 1256 3334; baseline 0.001 -1"><span class='ocrx_word' id='word_1_529' title='bbox 178 3301 193 3333; x_wconf 90' lang='lat'>1</span> <span class='ocrx_word' id='word_1_530' title='bbox 242 3297 290 3333; x_wconf 87' lang='lat' dir='ltr'>ha</span> <span class='ocrx_word' id='word_1_531' title='bbox 316 3301 408 3333; x_wconf 83' lang='lat' dir='ltr'>eant.</span> <span class='ocrx_word' id='word_1_532' title='bbox 456 3297 582 3334; x_wconf 89' lang='lat' dir='ltr'>Utrum</span> <span class='ocrx_word' id='word_1_533' title='bbox 605 3301 723 3333; x_wconf 86' lang='lat' dir='ltr'>autem</span> <span class='ocrx_word' id='word_1_534' title='bbox 746 3298 912 3334; x_wconf 88' lang='lat' dir='ltr'>adversus</span> <span class='ocrx_word' id='word_1_535' title='bbox 945 3299 1125 3334; x_wconf 88' lang='lat' dir='ltr'>dominum</span> <span class='ocrx_word' id='word_1_536' title='bbox 1156 3299 1256 3334; x_wconf 90' lang='lat' dir='ltr'>dum-</span> 
     </span>
     <span class='ocr_line' id='line_1_70' title="bbox 176 3342 1255 3388; baseline 0.001 -11"><span class='ocrx_word' id='word_1_537' title='bbox 176 3346 280 3377; x_wconf 85' lang='lat' dir='ltr'>taxat</span> <span class='ocrx_word' id='word_1_538' title='bbox 301 3342 339 3377; x_wconf 90' lang='lat' dir='ltr'>in</span> <span class='ocrx_word' id='word_1_539' title='bbox 362 3352 438 3378; x_wconf 88' lang='lat' dir='ltr'>rem</span> <span class='ocrx_word' id='word_1_540' title='bbox 461 3343 555 3378; x_wconf 87' lang='lat' dir='ltr'>actio</span> <span class='ocrx_word' id='word_1_541' title='bbox 579 3342 843 3378; x_wconf 87' lang='lat' dir='ltr'>usufructuario</span> <span class='ocrx_word' id='word_1_542' title='bbox 868 3348 1047 3388; x_wconf 86' lang='lat' dir='ltr'>competat</span> <span class='ocrx_word' id='word_1_543' title='bbox 1071 3354 1117 3378; x_wconf 92' lang='lat' dir='ltr'>an</span> <span class='ocrx_word' id='word_1_544' title='bbox 1150 3344 1255 3379; x_wconf 91' lang='lat' dir='ltr'>etiam</span> 
     </span>
     <span class='ocr_line' id='line_1_71' title="bbox 176 3386 1256 3432; baseline 0.001 -10"><span class='ocrx_word' id='word_1_545' title='bbox 176 3386 345 3422; x_wconf 85' lang='lat' dir='ltr'>adversus</span> <span class='ocrx_word' id='word_1_546' title='bbox 369 3388 525 3432; x_wconf 88' lang='lat' dir='ltr'>quemvis</span> <span class='ocrx_word' id='word_1_547' title='bbox 548 3397 798 3432; x_wconf 65' lang='lat' dir='ltr'>possessorem,</span> <span class='ocrx_word' id='word_1_548' title='bbox 824 3389 1016 3432; x_wconf 88' lang='lat' dir='ltr'>quaeritur.</span> <span class='ocrx_word' id='word_1_549' title='bbox 1053 3394 1089 3424; x_wconf 90' lang='lat' dir='ltr'>et</span> <span class='ocrx_word' id='word_1_550' title='bbox 1099 3388 1256 3423; x_wconf 89' lang='lat' dir='ltr'>Iulianus</span> 
     </span>
     <span class='ocr_line' id='line_1_72' title="bbox 175 3431 1255 3484; baseline 0.003 -19"><span class='ocrx_word' id='word_1_551' title='bbox 175 3431 265 3467; x_wconf 89' lang='lat' dir='ltr'>libro</span> <span class='ocrx_word' id='word_1_552' title='bbox 289 3432 437 3477; x_wconf 86' lang='lat' dir='ltr'>septimo</span> <span class='ocrx_word' id='word_1_553' title='bbox 451 3432 675 3484; x_wconf 37' lang='lat' dir='ltr'>‘digestorum</span> <span class='ocrx_word' id='word_1_554' title='bbox 707 3432 831 3467; x_wconf 90' lang='lat' dir='ltr'>scribit</span> <span class='ocrx_word' id='word_1_555' title='bbox 861 3433 953 3468; x_wconf 87' lang='lat' dir='ltr'>hanc</span> <span class='ocrx_word' id='word_1_556' title='bbox 985 3434 1162 3469; x_wconf 88' lang='lat' dir='ltr'>actionem</span> <span class='ocrx_word' id='word_1_557' title='bbox 1192 3433 1255 3468; x_wconf 89' lang='lat' dir='ltr'>ad-</span> 
     </span>
     <span class='ocr_line' id='line_1_73' title="bbox 176 3477 1255 3522; baseline 0.001 -11"><span class='ocrx_word' id='word_1_558' title='bbox 176 3485 298 3511; x_wconf 85' lang='lat' dir='ltr'>versus</span> <span class='ocrx_word' id='word_1_559' title='bbox 323 3486 479 3521; x_wconf 79' lang='lat' dir='ltr'>quemvis</span> <span class='ocrx_word' id='word_1_560' title='bbox 503 3487 743 3522; x_wconf 86' lang='lat' dir='ltr'>possessorem</span> <span class='ocrx_word' id='word_1_561' title='bbox 766 3477 797 3511; x_wconf 87' lang='lat' dir='ltr'>ei</span> <span class='ocrx_word' id='word_1_562' title='bbox 821 3482 1036 3522; x_wconf 86' lang='lat' dir='ltr'>competere:</span> <span class='ocrx_word' id='word_1_563' title='bbox 1062 3488 1143 3513; x_wconf 91' lang='lat' dir='ltr'>nam</span> <span class='ocrx_word' id='word_1_564' title='bbox 1167 3482 1203 3514; x_wconf 90' lang='lat' dir='ltr'>et</span> <span class='ocrx_word' id='word_1_565' title='bbox 1226 3479 1255 3512; x_wconf 84' lang='lat' dir='ltr'>si</span> 
     </span>
    </p>
   </div>
   <div class='ocr_carea' id='block_1_4' title="bbox 178 3587 886 3761">
    <p class='ocr_par' dir='ltr' id='par_1_9' title="bbox 178 3587 886 3717">
     <span class='ocr_line' id='line_1_74' title="bbox 222 3587 886 3628; baseline 0 -7"><span class='ocrx_word' id='word_1_566' title='bbox 222 3588 262 3628; x_wconf 84' lang='lat'>(1)</span> <span class='ocrx_word' id='word_1_567' title='bbox 288 3587 369 3621; x_wconf 82' lang='lat' dir='ltr'>Sab.</span> <span class='ocrx_word' id='word_1_568' title='bbox 384 3596 468 3628; x_wconf 81' lang='grc'><strong>1...4;</strong></span> <span class='ocrx_word' id='word_1_569' title='bbox 482 3590 545 3622; x_wconf 85' lang='lat' dir='ltr'>Ed.</span> <span class='ocrx_word' id='word_1_570' title='bbox 561 3598 588 3623; x_wconf 75' lang='lat'>5.</span> <span class='ocrx_word' id='word_1_571' title='bbox 600 3596 627 3622; x_wconf 79' lang='grc'>6.</span> <span class='ocrx_word' id='word_1_572' title='bbox 639 3606 686 3613; x_wconf 89' lang='lat'>-—</span> <span class='ocrx_word' id='word_1_573' title='bbox 703 3589 788 3621; x_wconf 67' lang='lat' dir='ltr'>Bas.</span> <span class='ocrx_word' id='word_1_574' title='bbox 808 3589 886 3627; x_wconf 78' lang='lat' dir='ltr'>16‚s</span> 
     </span>
     <span class='ocr_line' id='line_1_75' title="bbox 178 3631 850 3673; baseline 0.001 -8"><span class='ocrx_word' id='word_1_575' title='bbox 178 3631 221 3673; x_wconf 76' lang='lat'>(³)</span> <span class='ocrx_word' id='word_1_576' title='bbox 246 3635 356 3664; x_wconf 84' lang='lat' dir='ltr'>tamen</span> <span class='ocrx_word' id='word_1_577' title='bbox 371 3634 421 3673; x_wconf 86' lang='lat' dir='ltr'>ut]</span> <span class='ocrx_word' id='word_1_578' title='bbox 439 3634 541 3666; x_wconf 86' lang='lat' dir='ltr'>tacite</span> <span class='ocrx_word' id='word_1_579' title='bbox 553 3645 614 3667; x_wconf 71' lang='lat' dir='ltr'>scr.</span> <span class='ocrx_word' id='word_1_580' title='bbox 629 3645 695 3667; x_wconf 79' lang='lat' dir='ltr'>cum</span> <span class='ocrx_word' id='word_1_581' title='bbox 712 3632 850 3667; x_wconf 72' lang='lat' dir='ltr'>Graecis</span> 
     </span>
     <span class='ocr_line' id='line_1_76' title="bbox 179 3676 769 3717; baseline -0.003 -7"><span class='ocrx_word' id='word_1_582' title='bbox 179 3677 223 3716; x_wconf 69' lang='grc' dir='ltr'>(ὁ)</span> <span class='ocrx_word' id='word_1_583' title='bbox 247 3676 364 3709; x_wconf 81' lang='lat' dir='ltr'>eiusF</span> <span class='ocrx_word' id='word_1_584' title='bbox 483 3679 526 3717; x_wconf 80' lang='grc'>(6)</span> <span class='ocrx_word' id='word_1_585' title='bbox 552 3678 706 3710; x_wconf 80' lang='lat' dir='ltr'>videatur</span> <span class='ocrx_word' id='word_1_586' title='bbox 718 3677 769 3708; x_wconf 64' lang='grc' dir='ltr'>Γ*</span> 
     </span>
    </p>

    <p class='ocr_par' dir='ltr' id='par_1_10' title="bbox 179 3721 427 3761">
     <span class='ocr_line' id='line_1_77' title="bbox 179 3721 427 3761; baseline -0.008 -8"><span class='ocrx_word' id='word_1_587' title='bbox 179 3724 224 3761; x_wconf 79' lang='lat'>(8)</span> <span class='ocrx_word' id='word_1_588' title='bbox 248 3721 379 3760; x_wconf 74' lang='lat' dir='ltr'>possori</span> <span class='ocrx_word' id='word_1_589' title='bbox 396 3721 427 3753; x_wconf 80' lang='lat' dir='ltr'><em>F</em></span> 
     </span>
    </p>
   </div>
   <div class='ocr_carea' id='block_1_5' title="bbox 895 3590 1258 3717">
    <p class='ocr_par' dir='ltr' id='par_1_11' title="bbox 895 3590 1258 3717">
     <span class='ocr_line' id='line_1_78' title="bbox 1066 3590 1258 3630; baseline 0 -8"><span class='ocrx_word' id='word_1_590' title='bbox 1066 3592 1109 3630; x_wconf 88' lang='lat'>(2)</span> <span class='ocrx_word' id='word_1_591' title='bbox 1134 3590 1178 3622; x_wconf 81' lang='lat' dir='ltr'>iis</span> <span class='ocrx_word' id='word_1_592' title='bbox 1196 3591 1258 3623; x_wconf 76' lang='lat' dir='ltr'>t’m.</span> 
     </span>
     <span class='ocr_line' id='line_1_79' title="bbox 1008 3634 1256 3674; baseline 0 -7"><span class='ocrx_word' id='word_1_593' title='bbox 1008 3635 1050 3674; x_wconf 78' lang='grc'>(4)</span> <span class='ocrx_word' id='word_1_594' title='bbox 1076 3634 1133 3667; x_wconf 86' lang='lat' dir='ltr'>sed</span> <span class='ocrx_word' id='word_1_595' title='bbox 1145 3638 1180 3667; x_wconf 86' lang='lat' dir='ltr'>et</span> <span class='ocrx_word' id='word_1_596' title='bbox 1194 3647 1256 3668; x_wconf 72' lang='lat' dir='ltr'>ser.</span> 
     </span>
     <span class='ocr_line' id='line_1_80' title="bbox 895 3678 1255 3717; baseline 0 -6"><span class='ocrx_word' id='word_1_597' title='bbox 895 3680 939 3717; x_wconf 72' lang='grc' dir='ltr'>(ἲ)</span> <span class='ocrx_word' id='word_1_598' title='bbox 964 3678 1168 3712; x_wconf 70' lang='lat' dir='ltr'>consensoria</span> <span class='ocrx_word' id='word_1_599' title='bbox 1181 3680 1255 3713; x_wconf 82' lang='lat' dir='ltr'>den.</span> 
     </span>
    </p>
   </div>
   <div class='ocr_carea' id='block_1_6' title="bbox 1305 332 2015 370">
    <p class='ocr_par' dir='ltr' id='par_1_12' title="bbox 1305 332 2015 370">
     <span class='ocr_line' id='line_1_81' title="bbox 1305 332 2015 370; baseline 0 -1"><span class='ocrx_word' id='word_1_600' title='bbox 1305 337 1343 370; x_wconf 69' lang='lat'>,2</span> <span class='ocrx_word' id='word_1_601' title='bbox 1391 343 1453 368; x_wconf 89' lang='lat' dir='ltr'>sus</span> <span class='ocrx_word' id='word_1_602' title='bbox 1475 333 1581 368; x_wconf 81' lang='lat' dir='ltr'>vicini</span> <span class='ocrx_word' id='word_1_603' title='bbox 1603 332 1706 368; x_wconf 83' lang='lat' dir='ltr'>fundi</span> <span class='ocrx_word' id='word_1_604' title='bbox 1737 334 1928 369; x_wconf 91' lang='lat' dir='ltr'>dominum.</span> <span class='ocrx_word' id='word_1_605' title='bbox 1977 334 2015 370; x_wconf 89' lang='lat' dir='ltr'>Si</span> 
     </span>
    </p>
   </div>
   <div class='ocr_carea' id='block_1_7' title="bbox 1323 242 2413 1852">
    <p class='ocr_par' dir='ltr' id='par_1_13' title="bbox 1323 242 2413 1627">
     <span class='ocr_line' id='line_1_82' title="bbox 1323 242 2409 288; baseline 0.004 -10"><span class='ocrx_word' id='word_1_606' title='bbox 1323 243 1435 278; x_wconf 89' lang='lat' dir='ltr'>fundo</span> <span class='ocrx_word' id='word_1_607' title='bbox 1458 242 1657 278; x_wconf 87' lang='lat' dir='ltr'>fructuario</span> <span class='ocrx_word' id='word_1_608' title='bbox 1681 243 1833 279; x_wconf 88' lang='lat' dir='ltr'>servitus</span> <span class='ocrx_word' id='word_1_609' title='bbox 1865 244 2056 288; x_wconf 88' lang='lat' dir='ltr'>debeatur,</span> <span class='ocrx_word' id='word_1_610' title='bbox 2087 245 2307 282; x_wconf 83' lang='lat' dir='ltr'>fructuarius</span> <span class='ocrx_word' id='word_1_611' title='bbox 2322 257 2409 288; x_wconf 68' lang='lat' dir='ltr'>⁴non</span> 
     </span>
     <span class='ocr_line' id='line_1_83' title="bbox 1324 287 2409 330; baseline 0.005 -8"><span class='ocrx_word' id='word_1_612' title='bbox 1324 288 1538 330; x_wconf 88' lang='lat' dir='ltr'>servitutem,</span> <span class='ocrx_word' id='word_1_613' title='bbox 1563 287 1626 323; x_wconf 90' lang='lat' dir='ltr'>sed</span> <span class='ocrx_word' id='word_1_614' title='bbox 1648 299 1751 323; x_wconf 90' lang='lat' dir='ltr'>usum</span> <span class='ocrx_word' id='word_1_615' title='bbox 1775 288 1931 324; x_wconf 86' lang='lat' dir='ltr'>fructum</span> <span class='ocrx_word' id='word_1_616' title='bbox 1954 289 2133 325; x_wconf 82' lang='lat' dir='ltr'>vindicare</span> <span class='ocrx_word' id='word_1_617' title='bbox 2157 290 2263 326; x_wconf 87' lang='lat' dir='ltr'>debet</span> <span class='ocrx_word' id='word_1_618' title='bbox 2286 291 2409 327; x_wconf 83' lang='lat' dir='ltr'>adver-</span> 
     </span>
     <span class='ocr_line' id='line_1_84' title="bbox 2046 335 2407 380; baseline 0.008 -11"><span class='ocrx_word' id='word_1_619' title='bbox 2046 335 2159 380; x_wconf 81' lang='lat' dir='ltr'>partis</span> <span class='ocrx_word' id='word_1_620' title='bbox 2189 335 2293 371; x_wconf 86' lang='lat' dir='ltr'>fundi</span> <span class='ocrx_word' id='word_1_621' title='bbox 2322 346 2407 372; x_wconf 86' lang='lat' dir='ltr'>usus</span> 
     </span>
     <span class='ocr_line' id='line_1_85' title="bbox 1774 378 2408 426; baseline 0.008 -13"><span class='ocrx_word' id='word_1_622' title='bbox 1774 382 1894 423; x_wconf 88' lang='lat' dir='ltr'>potest</span> <span class='ocrx_word' id='word_1_623' title='bbox 1925 378 1969 415; x_wconf 92' lang='lat' dir='ltr'>de</span> <span class='ocrx_word' id='word_1_624' title='bbox 1999 390 2041 415; x_wconf 90' lang='lat' dir='ltr'>eo</span> <span class='ocrx_word' id='word_1_625' title='bbox 2073 380 2111 414; x_wconf 93' lang='lat' dir='ltr'>in</span> <span class='ocrx_word' id='word_1_626' title='bbox 2133 390 2208 416; x_wconf 87' lang='lat' dir='ltr'>rem</span> <span class='ocrx_word' id='word_1_627' title='bbox 2231 381 2306 426; x_wconf 84' lang='lat' dir='ltr'>agi,</span> <span class='ocrx_word' id='word_1_628' title='bbox 2337 382 2408 418; x_wconf 77' lang='lat' dir='ltr'>sive</span> 
     </span>
     <span class='ocr_line' id='line_1_86' title="bbox 1324 422 2410 470; baseline 0.005 -13"><span class='ocrx_word' id='word_1_629' title='bbox 1324 426 1343 457; x_wconf 88' lang='grc'>3</span> <span class='ocrx_word' id='word_1_630' title='bbox 1390 422 1545 457; x_wconf 85' lang='lat' dir='ltr'>vindicet</span> <span class='ocrx_word' id='word_1_631' title='bbox 1567 422 1645 467; x_wconf 92' lang='lat' dir='ltr'>quis</span> <span class='ocrx_word' id='word_1_632' title='bbox 1668 433 1772 458; x_wconf 90' lang='lat' dir='ltr'>usum</span> <span class='ocrx_word' id='word_1_633' title='bbox 1794 423 1949 458; x_wconf 89' lang='lat' dir='ltr'>fructum</span> <span class='ocrx_word' id='word_1_634' title='bbox 1972 424 2045 459; x_wconf 88' lang='lat' dir='ltr'>sive</span> <span class='ocrx_word' id='word_1_635' title='bbox 2068 425 2128 460; x_wconf 88' lang='lat' dir='ltr'>alii</span> <span class='ocrx_word' id='word_1_636' title='bbox 2152 428 2266 470; x_wconf 83' lang='lat' dir='ltr'>neget.</span> <span class='ocrx_word' id='word_1_637' title='bbox 2301 426 2410 462; x_wconf 86' lang='lat' dir='ltr'>Inhis</span> 
     </span>
     <span class='ocr_line' id='line_1_87' title="bbox 2117 471 2411 514; baseline 0.007 -10"><span class='ocrx_word' id='word_1_638' title='bbox 2117 475 2281 514; x_wconf 86' lang='lat' dir='ltr'>aguntur,</span> <span class='ocrx_word' id='word_1_639' title='bbox 2305 471 2411 506; x_wconf 89' lang='lat' dir='ltr'>etiam</span> 
     </span>
     <span class='ocr_line' id='line_1_88' title="bbox 1323 511 2410 561; baseline 0.005 -14"><span class='ocrx_word' id='word_1_640' title='bbox 1323 515 1344 547; x_wconf 87' lang='lat'>4</span> <span class='ocrx_word' id='word_1_641' title='bbox 1390 511 1529 547; x_wconf 90' lang='lat' dir='ltr'>fructus</span> <span class='ocrx_word' id='word_1_642' title='bbox 1552 512 1671 548; x_wconf 86' lang='lat' dir='ltr'>venire</span> <span class='ocrx_word' id='word_1_643' title='bbox 1693 524 1717 558; x_wconf 93' lang='lat' dir='ltr'>p</span> <span class='ocrx_word' id='word_1_644' title='bbox 1731 523 1774 548; x_wconf 88' lang='lat' dir='ltr'>us</span> <span class='ocrx_word' id='word_1_645' title='bbox 1797 523 1904 558; x_wconf 90' lang='lat' dir='ltr'>quam</span> <span class='ocrx_word' id='word_1_646' title='bbox 1927 514 2153 550; x_wconf 82' lang='lat' dir='ltr'>manifestum</span> <span class='ocrx_word' id='word_1_647' title='bbox 2177 518 2242 550; x_wconf 90' lang='lat' dir='ltr'>est.</span> <span class='ocrx_word' id='word_1_648' title='bbox 2279 514 2318 551; x_wconf 90' lang='lat' dir='ltr'>Si</span> <span class='ocrx_word' id='word_1_649' title='bbox 2328 522 2410 561; x_wconf 81' lang='lat' dir='ltr'>post</span> 
     </span>
     <span class='ocr_line' id='line_1_89' title="bbox 1323 557 2411 597; baseline 0.006 -6"><span class='ocrx_word' id='word_1_650' title='bbox 1323 557 1421 592; x_wconf 89' lang='lat' dir='ltr'>litem</span> <span class='ocrx_word' id='word_1_651' title='bbox 1445 557 1489 592; x_wconf 88' lang='lat' dir='ltr'>de</span> <span class='ocrx_word' id='word_1_652' title='bbox 1511 567 1580 592; x_wconf 89' lang='lat' dir='ltr'>usu</span> <span class='ocrx_word' id='word_1_653' title='bbox 1610 557 1733 593; x_wconf 88' lang='lat' dir='ltr'>fructu</span> <span class='ocrx_word' id='word_1_654' title='bbox 1765 562 2003 594; x_wconf 86' lang='lat' dir='ltr'>contestatam</span> <span class='ocrx_word' id='word_1_655' title='bbox 2031 559 2140 595; x_wconf 87' lang='lat' dir='ltr'>fuerit</span> <span class='ocrx_word' id='word_1_656' title='bbox 2169 559 2292 596; x_wconf 89' lang='lat' dir='ltr'>finitus</span> <span class='ocrx_word' id='word_1_657' title='bbox 2324 571 2411 597; x_wconf 85' lang='lat' dir='ltr'>usus</span> 
     </span>
     <span class='ocr_line' id='line_1_90' title="bbox 1323 601 2410 651; baseline 0.005 -15"><span class='ocrx_word' id='word_1_658' title='bbox 1323 602 1474 644; x_wconf 89' lang='lat' dir='ltr'>fructus,</span> <span class='ocrx_word' id='word_1_659' title='bbox 1499 612 1546 636; x_wconf 89' lang='lat' dir='ltr'>an</span> <span class='ocrx_word' id='word_1_660' title='bbox 1568 601 1718 638; x_wconf 89' lang='lat' dir='ltr'>ulterius</span> <span class='ocrx_word' id='word_1_661' title='bbox 1742 602 1881 638; x_wconf 89' lang='lat' dir='ltr'>fructus</span> <span class='ocrx_word' id='word_1_662' title='bbox 1905 603 2071 639; x_wconf 90' lang='lat' dir='ltr'>desinant</span> <span class='ocrx_word' id='word_1_663' title='bbox 2094 605 2238 640; x_wconf 81' lang='lat' dir='ltr'>deberi?</span> <span class='ocrx_word' id='word_1_664' title='bbox 2271 609 2307 640; x_wconf 90' lang='lat' dir='ltr'>et</span> <span class='ocrx_word' id='word_1_665' title='bbox 2322 609 2410 651; x_wconf 88' lang='lat' dir='ltr'>puto</span> 
     </span>
     <span class='ocr_line' id='line_1_91' title="bbox 1324 646 2412 692; baseline 0.005 -11"><span class='ocrx_word' id='word_1_666' title='bbox 1324 646 1503 682; x_wconf 85' lang='lat' dir='ltr'>desinere:</span> <span class='ocrx_word' id='word_1_667' title='bbox 1527 657 1611 682; x_wconf 90' lang='lat' dir='ltr'>nam</span> <span class='ocrx_word' id='word_1_668' title='bbox 1633 648 1700 683; x_wconf 89' lang='lat' dir='ltr'>etsi</span> <span class='ocrx_word' id='word_1_669' title='bbox 1723 652 1883 683; x_wconf 89' lang='lat' dir='ltr'>mortuus</span> <span class='ocrx_word' id='word_1_670' title='bbox 1906 647 2014 684; x_wconf 90' lang='lat' dir='ltr'>fuerit</span> <span class='ocrx_word' id='word_1_671' title='bbox 2033 648 2265 692; x_wconf 84' lang='lat' dir='ltr'>fructuarius,</span> <span class='ocrx_word' id='word_1_672' title='bbox 2287 650 2412 686; x_wconf 89' lang='lat' dir='ltr'>heredi</span> 
     </span>
     <span class='ocr_line' id='line_1_92' title="bbox 1325 691 2411 737; baseline 0.005 -11"><span class='ocrx_word' id='word_1_673' title='bbox 1325 691 1399 726; x_wconf 89' lang='lat' dir='ltr'>eius</span> <span class='ocrx_word' id='word_1_674' title='bbox 1423 692 1602 727; x_wconf 87' lang='lat' dir='ltr'>actionem</span> <span class='ocrx_word' id='word_1_675' title='bbox 1623 693 1896 737; x_wconf 89' lang='lat' dir='ltr'>praeteritorum</span> <span class='ocrx_word' id='word_1_676' title='bbox 1917 693 2103 729; x_wconf 88' lang='lat' dir='ltr'>dumtaxat</span> <span class='ocrx_word' id='word_1_677' title='bbox 2122 694 2303 730; x_wconf 87' lang='lat' dir='ltr'>fructuum</span> <span class='ocrx_word' id='word_1_678' title='bbox 2322 695 2411 731; x_wconf 88' lang='lat' dir='ltr'>dan-</span> 
     </span>
     <span class='ocr_line' id='line_1_93' title="bbox 1325 736 2410 789; baseline 0.005 -19"><span class='ocrx_word' id='word_1_679' title='bbox 1325 740 1370 771; x_wconf 79' lang='lat' dir='ltr'>4a</span> <span class='ocrx_word' id='word_1_680' title='bbox 1408 736 1499 789; x_wconf 39' lang='lat' dir='ltr'>‚dam</span> <span class='ocrx_word' id='word_1_681' title='bbox 1509 736 1726 789; x_wconf 56' lang='lat' dir='ltr'>pomponius</span> <span class='ocrx_word' id='word_1_682' title='bbox 1738 738 1828 773; x_wconf 92' lang='lat' dir='ltr'>libro</span> <span class='ocrx_word' id='word_1_683' title='bbox 1839 738 2134 783; x_wconf 86' lang='lat' dir='ltr'>quadragensimo</span> <span class='ocrx_word' id='word_1_684' title='bbox 2143 739 2278 775; x_wconf 82' lang='lat' dir='ltr'>scribit.</span> <span class='ocrx_word' id='word_1_685' title='bbox 2297 739 2410 776; x_wconf 84' lang='lat' dir='ltr'>Fruc-</span> 
     </span>
     <span class='ocr_line' id='line_1_94' title="bbox 1323 782 2409 826; baseline 0.004 -10"><span class='ocrx_word' id='word_1_686' title='bbox 1323 785 1440 816; x_wconf 82' lang='lat' dir='ltr'>tuano</span> <span class='ocrx_word' id='word_1_687' title='bbox 1464 792 1524 826; x_wconf 88' lang='lat' dir='ltr'>qm</span> <span class='ocrx_word' id='word_1_688' title='bbox 1546 782 1632 817; x_wconf 77' lang='lat' dir='ltr'>vicit</span> <span class='ocrx_word' id='word_1_689' title='bbox 1653 783 1766 817; x_wconf 90' lang='lat' dir='ltr'>omnis</span> <span class='ocrx_word' id='word_1_690' title='bbox 1791 792 1902 817; x_wconf 86' lang='lat' dir='ltr'>causa</span> <span class='ocrx_word' id='word_1_691' title='bbox 1924 783 2145 819; x_wconf 86' lang='lat' dir='ltr'>restituenda</span> <span class='ocrx_word' id='word_1_692' title='bbox 2166 788 2238 819; x_wconf 86' lang='lat' dir='ltr'>est:</span> <span class='ocrx_word' id='word_1_693' title='bbox 2272 788 2308 820; x_wconf 88' lang='lat' dir='ltr'>et</span> <span class='ocrx_word' id='word_1_694' title='bbox 2329 785 2409 820; x_wconf 89' lang='lat' dir='ltr'>ideo</span> 
     </span>
     <span class='ocr_line' id='line_1_95' title="bbox 1324 826 2412 874; baseline 0.004 -13"><span class='ocrx_word' id='word_1_695' title='bbox 1324 826 1354 861; x_wconf 91' lang='lat' dir='ltr'>si</span> <span class='ocrx_word' id='word_1_696' title='bbox 1378 826 1469 862; x_wconf 87' lang='lat' dir='ltr'>servi</span> <span class='ocrx_word' id='word_1_697' title='bbox 1491 826 1601 862; x_wconf 89' lang='lat' dir='ltr'>fuerit</span> <span class='ocrx_word' id='word_1_698' title='bbox 1622 837 1708 862; x_wconf 90' lang='lat' dir='ltr'>usus</span> <span class='ocrx_word' id='word_1_699' title='bbox 1739 827 1878 863; x_wconf 83' lang='lat' dir='ltr'>fructus</span> <span class='ocrx_word' id='word_1_700' title='bbox 1909 827 2067 873; x_wconf 83' lang='lat' dir='ltr'>legatus,</span> <span class='ocrx_word' id='word_1_701' title='bbox 2099 829 2267 874; x_wconf 90' lang='lat' dir='ltr'>quidquid</span> <span class='ocrx_word' id='word_1_702' title='bbox 2299 840 2343 865; x_wconf 87' lang='lat' dir='ltr'>ex</span> <span class='ocrx_word' id='word_1_703' title='bbox 2373 841 2412 866; x_wconf 89' lang='lat' dir='ltr'>re</span> 
     </span>
     <span class='ocr_line' id='line_1_96' title="bbox 1323 871 2410 920; baseline 0.005 -14"><span class='ocrx_word' id='word_1_704' title='bbox 1323 871 1511 906; x_wconf 88' lang='lat' dir='ltr'>fructuarii</span> <span class='ocrx_word' id='word_1_705' title='bbox 1533 872 1589 907; x_wconf 92' lang='lat' dir='ltr'>vel</span> <span class='ocrx_word' id='word_1_706' title='bbox 1611 882 1655 907; x_wconf 91' lang='lat' dir='ltr'>ex</span> <span class='ocrx_word' id='word_1_707' title='bbox 1678 872 1794 917; x_wconf 88' lang='lat' dir='ltr'>operis</span> <span class='ocrx_word' id='word_1_708' title='bbox 1819 873 1892 908; x_wconf 90' lang='lat' dir='ltr'>suis</span> <span class='ocrx_word' id='word_1_709' title='bbox 1917 876 2131 909; x_wconf 90' lang='lat' dir='ltr'>consecutus</span> <span class='ocrx_word' id='word_1_710' title='bbox 2164 878 2237 917; x_wconf 87' lang='lat' dir='ltr'>est,</span> <span class='ocrx_word' id='word_1_711' title='bbox 2268 885 2410 920; x_wconf 90' lang='lat' dir='ltr'>posses-</span> 
     </span>
     <span class='ocr_line' id='line_1_97' title="bbox 1325 916 2413 965; baseline 0.004 -14"><span class='ocrx_word' id='word_1_712' title='bbox 1325 920 1345 950; x_wconf 87' lang='lat'>5</span> <span class='ocrx_word' id='word_1_713' title='bbox 1393 927 1454 952; x_wconf 85' lang='lat' dir='ltr'>sor</span> <span class='ocrx_word' id='word_1_714' title='bbox 1477 916 1621 952; x_wconf 89' lang='lat' dir='ltr'>debebit</span> <span class='ocrx_word' id='word_1_715' title='bbox 1651 917 1848 952; x_wconf 89' lang='lat' dir='ltr'>restituere.</span> <span class='ocrx_word' id='word_1_716' title='bbox 1897 916 1968 953; x_wconf 89' lang='lat' dir='ltr'>Sed</span> <span class='ocrx_word' id='word_1_717' title='bbox 1999 922 2036 954; x_wconf 85' lang='lat' dir='ltr'>et</span> <span class='ocrx_word' id='word_1_718' title='bbox 2066 918 2097 954; x_wconf 88' lang='lat' dir='ltr'>si</span> <span class='ocrx_word' id='word_1_719' title='bbox 2128 918 2222 954; x_wconf 88' lang='lat' dir='ltr'>forte</span> <span class='ocrx_word' id='word_1_720' title='bbox 2252 922 2413 965; x_wconf 84' lang='lat' dir='ltr'>tempore</span> 
     </span>
     <span class='ocr_line' id='line_1_98' title="bbox 1324 961 2411 1009; baseline 0.004 -13"><span class='ocrx_word' id='word_1_721' title='bbox 1324 971 1411 996; x_wconf 89' lang='lat' dir='ltr'>usus</span> <span class='ocrx_word' id='word_1_722' title='bbox 1433 961 1573 997; x_wconf 90' lang='lat' dir='ltr'>fructus</span> <span class='ocrx_word' id='word_1_723' title='bbox 1597 962 1748 997; x_wconf 87' lang='lat' dir='ltr'>amissus</span> <span class='ocrx_word' id='word_1_724' title='bbox 1773 966 1827 998; x_wconf 90' lang='lat' dir='ltr'>est</span> <span class='ocrx_word' id='word_1_725' title='bbox 1850 962 1919 998; x_wconf 91' lang='lat' dir='ltr'>alio</span> <span class='ocrx_word' id='word_1_726' title='bbox 1944 963 2084 1008; x_wconf 91' lang='lat' dir='ltr'>quidem</span> <span class='ocrx_word' id='word_1_727' title='bbox 2102 964 2318 1009; x_wconf 85' lang='lat' dir='ltr'>possidente,</span> <span class='ocrx_word' id='word_1_728' title='bbox 2342 965 2411 1000; x_wconf 86' lang='lat' dir='ltr'>alio</span> 
     </span>
     <span class='ocr_line' id='line_1_99' title="bbox 1325 1006 2409 1050; baseline 0.005 -10"><span class='ocrx_word' id='word_1_729' title='bbox 1325 1010 1445 1041; x_wconf 90' lang='lat' dir='ltr'>autem</span> <span class='ocrx_word' id='word_1_730' title='bbox 1467 1006 1522 1041; x_wconf 92' lang='lat' dir='ltr'>liti</span> <span class='ocrx_word' id='word_1_731' title='bbox 1545 1017 1584 1042; x_wconf 90' lang='lat' dir='ltr'>se</span> <span class='ocrx_word' id='word_1_732' title='bbox 1607 1007 1796 1050; x_wconf 84' lang='lat' dir='ltr'>offerente,</span> <span class='ocrx_word' id='word_1_733' title='bbox 1829 1018 1901 1043; x_wconf 94' lang='lat' dir='ltr'>non</span> <span class='ocrx_word' id='word_1_734' title='bbox 1926 1007 2061 1043; x_wconf 88' lang='lat' dir='ltr'>sufficit</span> <span class='ocrx_word' id='word_1_735' title='bbox 2084 1019 2164 1044; x_wconf 90' lang='lat' dir='ltr'>eum</span> <span class='ocrx_word' id='word_1_736' title='bbox 2186 1019 2290 1044; x_wconf 86' lang='lat' dir='ltr'>usum</span> <span class='ocrx_word' id='word_1_737' title='bbox 2311 1009 2409 1045; x_wconf 85' lang='lat' dir='ltr'>fruc-</span> 
     </span>
     <span class='ocr_line' id='line_1_100' title="bbox 1325 1052 2411 1100; baseline 0.005 -15"><span class='ocrx_word' id='word_1_738' title='bbox 1325 1055 1401 1086; x_wconf 89' lang='lat' dir='ltr'>tum</span> <span class='ocrx_word' id='word_1_739' title='bbox 1425 1052 1553 1086; x_wconf 88' lang='lat' dir='ltr'>iterum</span> <span class='ocrx_word' id='word_1_740' title='bbox 1576 1062 1768 1094; x_wconf 85' lang='lat' dir='ltr'>renovare,</span> <span class='ocrx_word' id='word_1_741' title='bbox 1799 1063 1921 1088; x_wconf 87' lang='lat' dir='ltr'>verum</span> <span class='ocrx_word' id='word_1_742' title='bbox 1952 1063 2078 1088; x_wconf 89' lang='lat' dir='ltr'>cavere</span> <span class='ocrx_word' id='word_1_743' title='bbox 2101 1064 2243 1100; x_wconf 88' lang='lat' dir='ltr'>quoque</span> <span class='ocrx_word' id='word_1_744' title='bbox 2266 1064 2345 1090; x_wconf 88' lang='lat' dir='ltr'>eum</span> <span class='ocrx_word' id='word_1_745' title='bbox 2368 1054 2411 1089; x_wconf 89' lang='lat' dir='ltr'>de</span> 
     </span>
     <span class='ocr_line' id='line_1_101' title="bbox 1326 1096 2413 1143; baseline 0.004 -12"><span class='ocrx_word' id='word_1_746' title='bbox 1326 1096 1499 1132; x_wconf 89' lang='lat' dir='ltr'>evictione</span> <span class='ocrx_word' id='word_1_747' title='bbox 1522 1107 1609 1132; x_wconf 91' lang='lat' dir='ltr'>usus</span> <span class='ocrx_word' id='word_1_748' title='bbox 1632 1096 1771 1132; x_wconf 87' lang='lat' dir='ltr'>fructus</span> <span class='ocrx_word' id='word_1_749' title='bbox 1795 1101 1955 1142; x_wconf 85' lang='lat' dir='ltr'>oportet:</span> <span class='ocrx_word' id='word_1_750' title='bbox 1988 1098 2073 1143; x_wconf 90' lang='lat' dir='ltr'>quid</span> <span class='ocrx_word' id='word_1_751' title='bbox 2103 1099 2196 1134; x_wconf 90' lang='lat' dir='ltr'>enim</span> <span class='ocrx_word' id='word_1_752' title='bbox 2219 1099 2250 1135; x_wconf 90' lang='lat' dir='ltr'>si</span> <span class='ocrx_word' id='word_1_753' title='bbox 2273 1109 2413 1134; x_wconf 86' lang='lat' dir='ltr'>servum</span> 
     </span>
     <span class='ocr_line' id='line_1_102' title="bbox 1326 1141 2411 1195; baseline 0.004 -19"><span class='ocrx_word' id='word_1_754' title='bbox 1326 1145 1389 1176; x_wconf 92' lang='lat' dir='ltr'>aut</span> <span class='ocrx_word' id='word_1_755' title='bbox 1411 1141 1562 1176; x_wconf 89' lang='lat' dir='ltr'>fundum</span> <span class='ocrx_word' id='word_1_756' title='bbox 1585 1142 1616 1177; x_wconf 91' lang='lat' dir='ltr'>is</span> <span class='ocrx_word' id='word_1_757' title='bbox 1640 1142 1701 1187; x_wconf 92' lang='lat' dir='ltr'>qui</span> <span class='ocrx_word' id='word_1_758' title='bbox 1723 1142 1931 1187; x_wconf 89' lang='lat' dir='ltr'>possidebat</span> <span class='ocrx_word' id='word_1_759' title='bbox 1953 1143 2091 1195; x_wconf 82' lang='lat' dir='ltr'>pignori</span> <span class='ocrx_word' id='word_1_760' title='bbox 2115 1143 2212 1180; x_wconf 86' lang='lat' dir='ltr'>dedit</span> <span class='ocrx_word' id='word_1_761' title='bbox 2232 1144 2262 1180; x_wconf 89' lang='lat' dir='ltr'>is</span> <span class='ocrx_word' id='word_1_762' title='bbox 2287 1155 2333 1180; x_wconf 88' lang='lat' dir='ltr'>ue</span> <span class='ocrx_word' id='word_1_763' title='bbox 2365 1145 2411 1180; x_wconf 91' lang='lat' dir='ltr'>ab</span> 
     </span>
     <span class='ocr_line' id='line_1_103' title="bbox 1326 1186 2413 1239; baseline 0.003 -18"><span class='ocrx_word' id='word_1_764' title='bbox 1326 1196 1367 1221; x_wconf 90' lang='lat' dir='ltr'>eo</span> <span class='ocrx_word' id='word_1_765' title='bbox 1392 1186 1453 1239; x_wconf 84' lang='lat' dir='ltr'>qui</span> <span class='ocrx_word' id='word_1_766' title='bbox 1476 1186 1615 1232; x_wconf 86' lang='lat' dir='ltr'>pignori</span> <span class='ocrx_word' id='word_1_767' title='bbox 1638 1187 1780 1232; x_wconf 88' lang='lat' dir='ltr'>accepit</span> <span class='ocrx_word' id='word_1_768' title='bbox 1808 1187 1886 1223; x_wconf 91' lang='lat' dir='ltr'>iure</span> <span class='ocrx_word' id='word_1_769' title='bbox 1915 1191 1968 1223; x_wconf 80' lang='lat' dir='ltr'>uti</span> <span class='ocrx_word' id='word_1_770' title='bbox 2000 1188 2236 1233; x_wconf 81' lang='lat' dir='ltr'>prohibetur?</span> <span class='ocrx_word' id='word_1_771' title='bbox 2296 1189 2413 1225; x_wconf 90' lang='lat' dir='ltr'>ebebit</span> 
     </span>
     <span class='ocr_line' id='line_1_104' title="bbox 1326 1232 2412 1277; baseline 0.004 -11"><span class='ocrx_word' id='word_1_772' title='bbox 1326 1235 1346 1267; x_wconf 88' lang='grc'><strong>6</strong></span> <span class='ocrx_word' id='word_1_773' title='bbox 1393 1235 1515 1277; x_wconf 82' lang='lat' dir='ltr'>itaque</span> <span class='ocrx_word' id='word_1_774' title='bbox 1546 1232 1679 1267; x_wconf 87' lang='lat' dir='ltr'>habere</span> <span class='ocrx_word' id='word_1_775' title='bbox 1711 1236 1865 1268; x_wconf 90' lang='lat' dir='ltr'>cautum.</span> <span class='ocrx_word' id='word_1_776' title='bbox 1914 1233 2015 1268; x_wconf 89' lang='lat' dir='ltr'>Sicut</span> <span class='ocrx_word' id='word_1_777' title='bbox 2042 1233 2240 1269; x_wconf 85' lang='lat' dir='ltr'>fructuario</span> <span class='ocrx_word' id='word_1_778' title='bbox 2271 1234 2309 1269; x_wconf 91' lang='lat' dir='ltr'>in</span> <span class='ocrx_word' id='word_1_779' title='bbox 2338 1244 2412 1270; x_wconf 90' lang='lat' dir='ltr'>rem</span> 
     </span>
     <span class='ocr_line' id='line_1_105' title="bbox 1327 1275 2412 1329; baseline 0.003 -18"><span class='ocrx_word' id='word_1_780' title='bbox 1327 1275 1607 1312; x_wconf 87' lang='lat' dir='ltr'>confessoriam⁷</span> <span class='ocrx_word' id='word_1_781' title='bbox 1631 1277 1750 1329; x_wconf 75' lang='lat' dir='ltr'>agenti</span> <span class='ocrx_word' id='word_1_782' title='bbox 1771 1277 1913 1313; x_wconf 89' lang='lat' dir='ltr'>fructus</span> <span class='ocrx_word' id='word_1_783' title='bbox 1937 1279 2144 1323; x_wconf 89' lang='lat' dir='ltr'>praestandi</span> <span class='ocrx_word' id='word_1_784' title='bbox 2167 1282 2270 1321; x_wconf 90' lang='lat' dir='ltr'>sunt,</span> <span class='ocrx_word' id='word_1_785' title='bbox 2300 1279 2353 1314; x_wconf 88' lang='lat' dir='ltr'>ita</span> <span class='ocrx_word' id='word_1_786' title='bbox 2376 1284 2412 1314; x_wconf 91' lang='lat' dir='ltr'>et</span> 
     </span>
     <span class='ocr_line' id='line_1_106' title="bbox 1325 1321 2412 1374; baseline 0.003 -18"><span class='ocrx_word' id='word_1_787' title='bbox 1325 1322 1554 1374; x_wconf 84' lang='lat' dir='ltr'>proprietatis</span> <span class='ocrx_word' id='word_1_788' title='bbox 1579 1321 1734 1364; x_wconf 87' lang='lat' dir='ltr'>dommo,</span> <span class='ocrx_word' id='word_1_789' title='bbox 1759 1323 1790 1358; x_wconf 92' lang='lat' dir='ltr'>si</span> <span class='ocrx_word' id='word_1_790' title='bbox 1813 1323 1996 1368; x_wconf 85' lang='lat' dir='ltr'>negatoria</span> <span class='ocrx_word' id='word_1_791' title='bbox 2019 1324 2160 1360; x_wconf 88' lang='lat' dir='ltr'>actione</span> <span class='ocrx_word' id='word_1_792' title='bbox 2182 1327 2324 1359; x_wconf 86' lang='lat' dir='ltr'>utatur:</span> <span class='ocrx_word' id='word_1_793' title='bbox 2349 1324 2412 1359; x_wconf 89' lang='lat' dir='ltr'>sed</span> 
     </span>
     <span class='ocr_line' id='line_1_107' title="bbox 1324 1367 2413 1414; baseline 0.004 -13"><span class='ocrx_word' id='word_1_794' title='bbox 1324 1378 1361 1401; x_wconf 88' lang='lat' dir='ltr'>m</span> <span class='ocrx_word' id='word_1_795' title='bbox 1385 1367 1549 1402; x_wconf 90' lang='lat' dir='ltr'>omnibus</span> <span class='ocrx_word' id='word_1_796' title='bbox 1571 1367 1623 1402; x_wconf 87' lang='lat' dir='ltr'>ita</span> <span class='ocrx_word' id='word_1_797' title='bbox 1646 1367 1797 1411; x_wconf 90' lang='lat' dir='ltr'>demum,</span> <span class='ocrx_word' id='word_1_798' title='bbox 1822 1368 1852 1403; x_wconf 92' lang='lat' dir='ltr'>si</span> <span class='ocrx_word' id='word_1_799' title='bbox 1875 1379 1947 1403; x_wconf 90' lang='lat' dir='ltr'>non</span> <span class='ocrx_word' id='word_1_800' title='bbox 1969 1369 2016 1404; x_wconf 93' lang='lat' dir='ltr'>sit</span> <span class='ocrx_word' id='word_1_801' title='bbox 2037 1379 2225 1414; x_wconf 86' lang='lat' dir='ltr'>possessor</span> <span class='ocrx_word' id='word_1_802' title='bbox 2246 1369 2307 1414; x_wconf 90' lang='lat' dir='ltr'>qui</span> <span class='ocrx_word' id='word_1_803' title='bbox 2330 1373 2413 1414; x_wconf 87' lang='lat' dir='ltr'>agat</span> 
     </span>
     <span class='ocr_line' id='line_1_108' title="bbox 1326 1412 2411 1460; baseline 0.002 -14"><span class='ocrx_word' id='word_1_804' title='bbox 1326 1414 1422 1454; x_wconf 91' lang='lat' dir='ltr'>(nam</span> <span class='ocrx_word' id='word_1_805' title='bbox 1455 1416 1491 1447; x_wconf 90' lang='lat' dir='ltr'>et</span> <span class='ocrx_word' id='word_1_806' title='bbox 1512 1412 1737 1457; x_wconf 74' lang='lat' dir='ltr'>possessori⁸</span> <span class='ocrx_word' id='word_1_807' title='bbox 1761 1416 1999 1458; x_wconf 90' lang='lat' dir='ltr'>competunt):</span> <span class='ocrx_word' id='word_1_808' title='bbox 2032 1414 2128 1459; x_wconf 92' lang='lat' dir='ltr'>quod</span> <span class='ocrx_word' id='word_1_809' title='bbox 2158 1414 2188 1449; x_wconf 92' lang='lat' dir='ltr'>si</span> <span class='ocrx_word' id='word_1_810' title='bbox 2218 1414 2411 1460; x_wconf 87' lang='lat' dir='ltr'>possident,</span> 
     </span>
     <span class='ocr_line' id='line_1_109' title="bbox 1325 1456 2410 1505; baseline 0.004 -14"><span class='ocrx_word' id='word_1_811' title='bbox 1325 1456 1412 1492; x_wconf 91' lang='lat' dir='ltr'>nihil</span> <span class='ocrx_word' id='word_1_812' title='bbox 1433 1456 1617 1492; x_wconf 88' lang='lat' dir='ltr'>fructuum</span> <span class='ocrx_word' id='word_1_813' title='bbox 1639 1457 1782 1493; x_wconf 90' lang='lat' dir='ltr'>nomine</span> <span class='ocrx_word' id='word_1_814' title='bbox 1804 1462 2076 1504; x_wconf 90' lang='lat' dir='ltr'>consequentur.</span> <span class='ocrx_word' id='word_1_815' title='bbox 2114 1459 2199 1505; x_wconf 86' lang='lat' dir='ltr'>quid</span> <span class='ocrx_word' id='word_1_816' title='bbox 2222 1469 2305 1504; x_wconf 89' lang='lat' dir='ltr'>ergo</span> <span class='ocrx_word' id='word_1_817' title='bbox 2329 1458 2410 1495; x_wconf 84' lang='lat' dir='ltr'>offi-</span> 
     </span>
     <span class='ocr_line' id='line_1_110' title="bbox 1326 1501 2413 1549; baseline 0.003 -13"><span class='ocrx_word' id='word_1_818' title='bbox 1326 1501 1419 1537; x_wconf 89' lang='lat' dir='ltr'>cium</span> <span class='ocrx_word' id='word_1_819' title='bbox 1442 1502 1510 1537; x_wconf 91' lang='lat' dir='ltr'>erit</span> <span class='ocrx_word' id='word_1_820' title='bbox 1532 1502 1659 1537; x_wconf 88' lang='lat' dir='ltr'>iudicis</span> <span class='ocrx_word' id='word_1_821' title='bbox 1706 1512 1790 1538; x_wconf 85' lang='lat' dir='ltr'>uam</span> <span class='ocrx_word' id='word_1_822' title='bbox 1812 1503 1901 1546; x_wconf 91' lang='lat' dir='ltr'>hoc,</span> <span class='ocrx_word' id='word_1_823' title='bbox 1933 1507 1972 1538; x_wconf 89' lang='lat' dir='ltr'>ut</span> <span class='ocrx_word' id='word_1_824' title='bbox 2004 1514 2150 1540; x_wconf 88' lang='lat' dir='ltr'>securus</span> <span class='ocrx_word' id='word_1_825' title='bbox 2174 1507 2413 1549; x_wconf 86' lang='lat' dir='ltr'>consequatur</span> 
     </span>
     <span class='ocr_line' id='line_1_111' title="bbox 1324 1514 2411 1599; baseline 0.003 -18"><span class='ocrx_word' id='word_1_826' title='bbox 1324 1546 1544 1599; x_wconf 77' lang='lat' dir='ltr'>fructuarius</span> <span class='ocrx_word' id='word_1_827' title='bbox 1575 1514 1718 1582; x_wconf 52' lang='lat' dir='ltr'>fruendi</span> <span class='ocrx_word' id='word_1_828' title='bbox 1747 1548 1945 1591; x_wconf 89' lang='lat' dir='ltr'>licentiam,</span> <span class='ocrx_word' id='word_1_829' title='bbox 1978 1550 2206 1595; x_wconf 81' lang='lat' dir='ltr'>proprietatis</span> <span class='ocrx_word' id='word_1_830' title='bbox 2237 1548 2411 1590; x_wconf 86' lang='lat' dir='ltr'>dominus,</span> 
     </span>
     <span class='ocr_line' id='line_1_112' title="bbox 1326 1593 1635 1627; baseline 0.003 -1"><span class='ocrx_word' id='word_1_831' title='bbox 1326 1602 1370 1627; x_wconf 88' lang='lat' dir='ltr'>ne</span> <span class='ocrx_word' id='word_1_832' title='bbox 1394 1602 1430 1626; x_wconf 88' lang='lat'>111</span> <span class='ocrx_word' id='word_1_833' title='bbox 1455 1593 1635 1627; x_wconf 82' lang='lat' dir='ltr'>metetur?</span> 
     </span>
    </p>

    <p class='ocr_par' dir='ltr' id='par_1_14' title="bbox 1326 1603 2412 1774">
     <span class='ocr_line' id='line_1_113' title="bbox 1372 1603 2411 1691; baseline 0.002 -19"><span class='ocrx_word' id='word_1_834' title='bbox 1372 1635 1396 1673; x_wconf 89' lang='lat'>6</span> <span class='ocrx_word' id='word_1_835' title='bbox 1421 1603 1478 1672; x_wconf 55' lang='grc' dir='ltr'>ἓᾼ</span> <span class='ocrx_word' id='word_1_836' title='bbox 1486 1646 1582 1673; x_wconf 71' lang='lat' dir='ltr'><em>ULUS</em></span> <span class='ocrx_word' id='word_1_837' title='bbox 1601 1637 1693 1673; x_wconf 77' lang='lat' dir='ltr'>libro</span> <span class='ocrx_word' id='word_1_838' title='bbox 1716 1638 1907 1673; x_wconf 79' lang='lat' dir='ltr'>vicensimo</span> <span class='ocrx_word' id='word_1_839' title='bbox 1924 1638 2047 1691; x_wconf 77' lang='lat' dir='ltr'>primo</span> <span class='ocrx_word' id='word_1_840' title='bbox 2072 1637 2123 1673; x_wconf 88' lang='lat' dir='ltr'>ad</span> <span class='ocrx_word' id='word_1_841' title='bbox 2143 1638 2297 1674; x_wconf 69' lang='lat' dir='ltr'>edictum</span> <span class='ocrx_word' id='word_1_842' title='bbox 2343 1638 2411 1683; x_wconf 82' lang='lat' dir='ltr'>Qui</span> 
     </span>
     <span class='ocr_line' id='line_1_114' title="bbox 1326 1681 2412 1729; baseline 0.003 -13"><span class='ocrx_word' id='word_1_843' title='bbox 1326 1681 1369 1716; x_wconf 91' lang='lat' dir='ltr'>de</span> <span class='ocrx_word' id='word_1_844' title='bbox 1391 1692 1460 1717; x_wconf 90' lang='lat' dir='ltr'>usu</span> <span class='ocrx_word' id='word_1_845' title='bbox 1482 1681 1605 1718; x_wconf 85' lang='lat' dir='ltr'>fructu</span> <span class='ocrx_word' id='word_1_846' title='bbox 1626 1682 1796 1718; x_wconf 88' lang='lat' dir='ltr'>iudicium</span> <span class='ocrx_word' id='word_1_847' title='bbox 1819 1686 1978 1728; x_wconf 81' lang='lat' dir='ltr'>accepit,</span> <span class='ocrx_word' id='word_1_848' title='bbox 2011 1683 2043 1718; x_wconf 92' lang='lat' dir='ltr'>si</span> <span class='ocrx_word' id='word_1_849' title='bbox 2065 1683 2208 1718; x_wconf 89' lang='lat' dir='ltr'>desierit</span> <span class='ocrx_word' id='word_1_850' title='bbox 2230 1683 2412 1729; x_wconf 90' lang='lat' dir='ltr'>possidere</span> 
     </span>
     <span class='ocr_line' id='line_1_115' title="bbox 1326 1727 2412 1774; baseline 0.002 -12"><span class='ocrx_word' id='word_1_851' title='bbox 1326 1727 1402 1767; x_wconf 89' lang='lat' dir='ltr'>sine</span> <span class='ocrx_word' id='word_1_852' title='bbox 1425 1727 1519 1770; x_wconf 91' lang='lat' dir='ltr'>dolo,</span> <span class='ocrx_word' id='word_1_853' title='bbox 1544 1727 1766 1763; x_wconf 86' lang='lat' dir='ltr'>absolvetur:</span> <span class='ocrx_word' id='word_1_854' title='bbox 1791 1727 1888 1773; x_wconf 90' lang='lat' dir='ltr'>quod</span> <span class='ocrx_word' id='word_1_855' title='bbox 1910 1728 1941 1763; x_wconf 90' lang='lat' dir='ltr'>si</span> <span class='ocrx_word' id='word_1_856' title='bbox 1963 1727 2018 1762; x_wconf 92' lang='lat' dir='ltr'>liti</span> <span class='ocrx_word' id='word_1_857' title='bbox 2040 1738 2079 1763; x_wconf 90' lang='lat' dir='ltr'>se</span> <span class='ocrx_word' id='word_1_858' title='bbox 2102 1728 2230 1764; x_wconf 86' lang='lat' dir='ltr'>obtulit</span> <span class='ocrx_word' id='word_1_859' title='bbox 2253 1732 2290 1764; x_wconf 91' lang='lat' dir='ltr'>et</span> <span class='ocrx_word' id='word_1_860' title='bbox 2310 1729 2412 1774; x_wconf 89' lang='lat' dir='ltr'>quasi</span> 
     </span>
    </p>

    <p class='ocr_par' dir='ltr' id='par_1_15' title="bbox 1349 1772 2411 1852">
     <span class='ocr_line' id='line_1_116' title="bbox 1351 1772 2411 1823; baseline 0.002 -16"><span class='ocrx_word' id='word_1_861' title='bbox 1351 1782 1511 1823; x_wconf 68' lang='lat' dir='ltr'>essessor</span> <span class='ocrx_word' id='word_1_862' title='bbox 1542 1772 1719 1808; x_wconf 89' lang='lat' dir='ltr'>actionem</span> <span class='ocrx_word' id='word_1_863' title='bbox 1750 1772 1794 1808; x_wconf 90' lang='lat' dir='ltr'>de</span> <span class='ocrx_word' id='word_1_864' title='bbox 1824 1783 1894 1808; x_wconf 91' lang='lat' dir='ltr'>usu</span> <span class='ocrx_word' id='word_1_865' title='bbox 1922 1773 2044 1808; x_wconf 90' lang='lat' dir='ltr'>fructu</span> <span class='ocrx_word' id='word_1_866' title='bbox 2075 1773 2233 1819; x_wconf 89' lang='lat' dir='ltr'>accepit,</span> <span class='ocrx_word' id='word_1_867' title='bbox 2265 1773 2411 1809; x_wconf 90' lang='lat' dir='ltr'>damna-</span> 
     </span>
     <span class='ocr_line' id='line_1_117' title="bbox 1349 1821 1432 1852; baseline 0.012 -1"><span class='ocrx_word' id='word_1_868' title='bbox 1349 1821 1432 1852; x_wconf 80' lang='lat' dir='ltr'>itur.</span> 
     </span>
    </p>
   </div>
   <div class='ocr_carea' id='block_1_8' title="bbox 1322 378 1743 420">
    <p class='ocr_par' dir='ltr' id='par_1_16' title="bbox 1322 378 1743 420">
     <span class='ocr_line' id='line_1_118' title="bbox 1322 378 1743 420; baseline 0.002 -8"><span class='ocrx_word' id='word_1_869' title='bbox 1322 378 1462 413; x_wconf 88' lang='lat' dir='ltr'>fructus</span> <span class='ocrx_word' id='word_1_870' title='bbox 1487 378 1725 413; x_wconf 88' lang='lat' dir='ltr'>constituatur</span> <span class='ocrx_word' id='word_1_871' title='bbox 1734 404 1743 420; x_wconf 94' lang='lat'>,</span> 
     </span>
    </p>
   </div>
   <div class='ocr_carea' id='block_1_9' title="bbox 1323 467 2095 510">
    <p class='ocr_par' dir='ltr' id='par_1_17' title="bbox 1323 467 2095 510">
     <span class='ocr_line' id='line_1_119' title="bbox 1323 467 2095 510; baseline 0.003 -8"><span class='ocrx_word' id='word_1_872' title='bbox 1323 471 1442 502; x_wconf 90' lang='lat' dir='ltr'>autem</span> <span class='ocrx_word' id='word_1_873' title='bbox 1465 467 1677 510; x_wconf 89' lang='lat' dir='ltr'>actionibus,</span> <span class='ocrx_word' id='word_1_874' title='bbox 1724 478 1793 503; x_wconf 87' lang='lat' dir='ltr'>uae</span> <span class='ocrx_word' id='word_1_875' title='bbox 1816 468 1861 504; x_wconf 92' lang='lat' dir='ltr'>de</span> <span class='ocrx_word' id='word_1_876' title='bbox 1883 479 1952 504; x_wconf 89' lang='lat' dir='ltr'>usu</span> <span class='ocrx_word' id='word_1_877' title='bbox 1973 469 2095 504; x_wconf 86' lang='lat' dir='ltr'>fructu</span> 
     </span>
    </p>
   </div>
   <div class='ocr_carea' id='block_1_10' title="bbox 1602 1909 2132 2009">
    <p class='ocr_par' dir='ltr' id='par_1_18' title="bbox 1602 1909 2132 2009">
     <span class='ocr_line' id='line_1_120' title="bbox 1811 1909 1920 1950; baseline 0.018 -2"><span class='ocrx_word' id='word_1_878' title='bbox 1811 1911 1884 1949; x_wconf 90' lang='lat' dir='ltr'>VH</span> <span class='ocrx_word' id='word_1_879' title='bbox 1893 1909 1920 1950; x_wconf 83' lang='lat'>⁹.</span> 
     </span>
     <span class='ocr_line' id='line_1_121' title="bbox 1602 1975 2132 2009; baseline 0 -1"><span class='ocrx_word' id='word_1_880' title='bbox 1602 1975 1663 2009; x_wconf 81' lang='lat' dir='ltr'>DE</span> <span class='ocrx_word' id='word_1_881' title='bbox 1688 1975 1850 2008; x_wconf 78' lang='lat' dir='ltr'>OPERIS</span> <span class='ocrx_word' id='word_1_882' title='bbox 1876 1975 2132 2009; x_wconf 72' lang='lat' dir='ltr'>snnvontffl.</span> 
     </span>
    </p>
   </div>
   <div class='ocr_carea' id='block_1_11' title="bbox 1323 2040 2412 3255">
    <p class='ocr_par' dir='ltr' id='par_1_19' title="bbox 1325 2040 2411 2222">
     <span class='ocr_line' id='line_1_122' title="bbox 1375 2040 2411 2087; baseline 0 -9"><span class='ocrx_word' id='word_1_883' title='bbox 1375 2040 1393 2078; x_wconf 95' lang='lat'>1</span> <span class='ocrx_word' id='word_1_884' title='bbox 1422 2041 1479 2076; x_wconf 67' lang='grc' dir='ltr'>ΡΑ</span> <span class='ocrx_word' id='word_1_885' title='bbox 1486 2051 1581 2077; x_wconf 67' lang='lat' dir='ltr'>otus</span> <span class='ocrx_word' id='word_1_886' title='bbox 1596 2041 1687 2078; x_wconf 79' lang='lat' dir='ltr'>libro</span> <span class='ocrx_word' id='word_1_887' title='bbox 1705 2041 1862 2078; x_wconf 78' lang='lat' dir='ltr'>secundo</span> <span class='ocrx_word' id='word_1_888' title='bbox 1882 2042 1933 2077; x_wconf 83' lang='lat' dir='ltr'>ad</span> <span class='ocrx_word' id='word_1_889' title='bbox 1949 2042 2103 2078; x_wconf 74' lang='lat' dir='ltr'>edictum</span> <span class='ocrx_word' id='word_1_890' title='bbox 2149 2042 2315 2087; x_wconf 86' lang='lat' dir='ltr'>Operain</span> <span class='ocrx_word' id='word_1_891' title='bbox 2328 2046 2411 2078; x_wconf 88' lang='lat' dir='ltr'>actu</span> 
     </span>
     <span class='ocr_line' id='line_1_123' title="bbox 1327 2086 2410 2132; baseline 0.002 -11"><span class='ocrx_word' id='word_1_892' title='bbox 1327 2086 1491 2121; x_wconf 91' lang='lat' dir='ltr'>consistit</span> <span class='ocrx_word' id='word_1_893' title='bbox 1513 2097 1580 2122; x_wconf 91' lang='lat' dir='ltr'>nec</span> <span class='ocrx_word' id='word_1_894' title='bbox 1604 2091 1688 2122; x_wconf 90' lang='lat' dir='ltr'>ante</span> <span class='ocrx_word' id='word_1_895' title='bbox 1709 2086 1747 2122; x_wconf 87' lang='lat' dir='ltr'>in</span> <span class='ocrx_word' id='word_1_896' title='bbox 1769 2097 1887 2122; x_wconf 88' lang='lat' dir='ltr'>rerum</span> <span class='ocrx_word' id='word_1_897' title='bbox 1910 2091 2040 2122; x_wconf 87' lang='lat' dir='ltr'>natura</span> <span class='ocrx_word' id='word_1_898' title='bbox 2063 2090 2128 2129; x_wconf 88' lang='lat' dir='ltr'>est,</span> <span class='ocrx_word' id='word_1_899' title='bbox 2153 2097 2260 2132; x_wconf 90' lang='lat' dir='ltr'>quam</span> <span class='ocrx_word' id='word_1_900' title='bbox 2281 2088 2312 2123; x_wconf 92' lang='lat' dir='ltr'>si</span> <span class='ocrx_word' id='word_1_901' title='bbox 2335 2087 2410 2123; x_wconf 88' lang='lat' dir='ltr'>dies</span> 
     </span>
     <span class='ocr_line' id='line_1_124' title="bbox 1326 2131 2410 2178; baseline 0.002 -12"><span class='ocrx_word' id='word_1_902' title='bbox 1326 2131 1431 2174; x_wconf 86' lang='lat' dir='ltr'>venit,</span> <span class='ocrx_word' id='word_1_903' title='bbox 1455 2142 1525 2176; x_wconf 89' lang='lat' dir='ltr'>quo</span> <span class='ocrx_word' id='word_1_904' title='bbox 1575 2131 1767 2168; x_wconf 90' lang='lat' dir='ltr'>raestanda</span> <span class='ocrx_word' id='word_1_905' title='bbox 1791 2136 1855 2175; x_wconf 91' lang='lat' dir='ltr'>est,</span> <span class='ocrx_word' id='word_1_906' title='bbox 1879 2131 2174 2177; x_wconf 83' lang='lat' dir='ltr'>quemadmodum</span> <span class='ocrx_word' id='word_1_907' title='bbox 2197 2143 2279 2168; x_wconf 88' lang='lat' dir='ltr'>cum</span> <span class='ocrx_word' id='word_1_908' title='bbox 2297 2133 2410 2178; x_wconf 88' lang='lat' dir='ltr'>stipu-</span> 
     </span>
     <span class='ocr_line' id='line_1_125' title="bbox 1325 2143 2103 2222; baseline 0.001 -11"><span class='ocrx_word' id='word_1_909' title='bbox 1325 2176 1440 2211; x_wconf 88' lang='lat' dir='ltr'>lamur</span> <span class='ocrx_word' id='word_1_910' title='bbox 1463 2143 1574 2222; x_wconf 57' lang='lat' dir='ltr'>‘quod&#39;</span> <span class='ocrx_word' id='word_1_911' title='bbox 1595 2187 1639 2212; x_wconf 91' lang='lat' dir='ltr'>ex</span> <span class='ocrx_word' id='word_1_912' title='bbox 1661 2177 1841 2212; x_wconf 83' lang='lat' dir='ltr'>Arethusa</span> <span class='ocrx_word' id='word_1_913' title='bbox 1864 2181 1989 2213; x_wconf 84' lang='lat' dir='ltr'>natum</span> <span class='ocrx_word' id='word_1_914' title='bbox 2012 2177 2103 2212; x_wconf 91' lang='lat' dir='ltr'>erit‘.</span> 
     </span>
    </p>

    <p class='ocr_par' dir='ltr' id='par_1_20' title="bbox 1326 2218 2412 2312">
     <span class='ocr_line' id='line_1_126' title="bbox 1371 2218 2412 2268; baseline 0 -10"><span class='ocrx_word' id='word_1_915' title='bbox 1371 2218 1397 2258; x_wconf 87' lang='lat'>2</span> <span class='ocrx_word' id='word_1_916' title='bbox 1417 2220 1613 2257; x_wconf 70' lang='lat' dir='ltr'><em>ULPJANUS</em></span> <span class='ocrx_word' id='word_1_917' title='bbox 1621 2222 1713 2258; x_wconf 81' lang='lat' dir='ltr'>libro</span> <span class='ocrx_word' id='word_1_918' title='bbox 1723 2221 1875 2268; x_wconf 82' lang='lat' dir='ltr'>septimo</span> <span class='ocrx_word' id='word_1_919' title='bbox 1887 2221 2022 2258; x_wconf 77' lang='lat' dir='ltr'>decimo</span> <span class='ocrx_word' id='word_1_920' title='bbox 2035 2222 2086 2258; x_wconf 89' lang='lat' dir='ltr'>ad</span> <span class='ocrx_word' id='word_1_921' title='bbox 2095 2221 2248 2257; x_wconf 73' lang='lat' dir='ltr'>edictum</span> <span class='ocrx_word' id='word_1_922' title='bbox 2273 2221 2412 2268; x_wconf 86' lang='lat' dir='ltr'>Operae</span> 
     </span>
     <span class='ocr_line' id='line_1_127' title="bbox 1326 2265 2288 2312; baseline 0.001 -11"><span class='ocrx_word' id='word_1_923' title='bbox 1326 2266 1418 2301; x_wconf 80' lang='lat' dir='ltr'>servi</span> <span class='ocrx_word' id='word_1_924' title='bbox 1440 2265 1578 2311; x_wconf 81' lang='lat' dir='ltr'>legatae</span> <span class='ocrx_word' id='word_1_925' title='bbox 1602 2267 1729 2312; x_wconf 89' lang='lat' dir='ltr'>capitis</span> <span class='ocrx_word' id='word_1_926' title='bbox 1752 2267 1947 2302; x_wconf 86' lang='lat' dir='ltr'>minutione</span> <span class='ocrx_word' id='word_1_927' title='bbox 1969 2277 2042 2302; x_wconf 90' lang='lat' dir='ltr'>non</span> <span class='ocrx_word' id='word_1_928' title='bbox 2065 2266 2288 2302; x_wconf 84' lang='lat' dir='ltr'>amittuntur.</span> 
     </span>
    </p>

    <p class='ocr_par' dir='ltr' id='par_1_21' title="bbox 1325 2308 2410 2436">
     <span class='ocr_line' id='line_1_128' title="bbox 1371 2308 2410 2358; baseline -0.002 -10"><span class='ocrx_word' id='word_1_929' title='bbox 1371 2308 1395 2348; x_wconf 90' lang='lat'><strong>3</strong></span> <span class='ocrx_word' id='word_1_930' title='bbox 1424 2310 1548 2347; x_wconf 59' lang='lat' dir='ltr'>Gaws</span> <span class='ocrx_word' id='word_1_931' title='bbox 1567 2311 1658 2347; x_wconf 82' lang='lat' dir='ltr'>libro</span> <span class='ocrx_word' id='word_1_932' title='bbox 1681 2312 1831 2358; x_wconf 81' lang='lat' dir='ltr'>septimo</span> <span class='ocrx_word' id='word_1_933' title='bbox 1854 2311 1905 2347; x_wconf 86' lang='lat' dir='ltr'>ad</span> <span class='ocrx_word' id='word_1_934' title='bbox 1925 2311 2079 2348; x_wconf 78' lang='lat' dir='ltr'>edictum</span> <span class='ocrx_word' id='word_1_935' title='bbox 2128 2311 2324 2348; x_wconf 76' lang='lat' dir='ltr'>revinciale</span> <span class='ocrx_word' id='word_1_936' title='bbox 2368 2311 2410 2346; x_wconf 91' lang='lat' dir='ltr'>In</span> 
     </span>
     <span class='ocr_line' id='line_1_129' title="bbox 1325 2355 2104 2436; baseline 0.001 -45"><span class='ocrx_word' id='word_1_937' title='bbox 1325 2355 1475 2436; x_wconf 51' lang='lat' dir='ltr'>hoaninis</span> <span class='ocrx_word' id='word_1_938' title='bbox 1498 2366 1567 2391; x_wconf 90' lang='lat' dir='ltr'>usu</span> <span class='ocrx_word' id='word_1_939' title='bbox 1589 2355 1711 2392; x_wconf 88' lang='lat' dir='ltr'>fructu</span> <span class='ocrx_word' id='word_1_940' title='bbox 1741 2366 1872 2402; x_wconf 84' lang='lat' dir='ltr'>operae</span> <span class='ocrx_word' id='word_1_941' title='bbox 1901 2360 1985 2392; x_wconf 87' lang='lat' dir='ltr'>sunt</span> <span class='ocrx_word' id='word_1_942' title='bbox 2018 2360 2054 2392; x_wconf 86' lang='lat' dir='ltr'>et</span> <span class='ocrx_word' id='word_1_943' title='bbox 2083 2367 2104 2392; x_wconf 92' lang='grc' dir='ltr'>ο</span> 
     </span>
     <span class='ocr_line' id='line_1_130' title="bbox 1326 2411 1443 2436; baseline 0 0"><span class='ocrx_word' id='word_1_944' title='bbox 1326 2411 1367 2436; x_wconf 88' lang='lat' dir='ltr'>ce</span> <span class='ocrx_word' id='word_1_945' title='bbox 1393 2411 1443 2436; x_wconf 88' lang='lat' dir='ltr'>es.</span> 
     </span>
    </p>

    <p class='ocr_par' dir='ltr' id='par_1_22' title="bbox 1323 2444 2411 2670">
     <span class='ocr_line' id='line_1_131' title="bbox 1371 2444 2406 2483; baseline -0.001 0"><span class='ocrx_word' id='word_1_946' title='bbox 1371 2444 1396 2483; x_wconf 91' lang='grc'>4</span> <span class='ocrx_word' id='word_1_947' title='bbox 1420 2445 1527 2481; x_wconf 73' lang='lat' dir='ltr'><em>IDEM</em></span> <span class='ocrx_word' id='word_1_948' title='bbox 1554 2445 1644 2481; x_wconf 75' lang='lat' dir='ltr'>libro</span> <span class='ocrx_word' id='word_1_949' title='bbox 1667 2445 1824 2482; x_wconf 82' lang='lat' dir='ltr'>secundo</span> <span class='ocrx_word' id='word_1_950' title='bbox 1848 2445 1893 2481; x_wconf 82' lang='lat' dir='ltr'>de</span> <span class='ocrx_word' id='word_1_951' title='bbox 1917 2445 2060 2482; x_wconf 77' lang='lat' dir='ltr'>liberali</span> <span class='ocrx_word' id='word_1_952' title='bbox 2080 2457 2192 2483; x_wconf 80' lang='lat' dir='ltr'>causa</span> <span class='ocrx_word' id='word_1_953' title='bbox 2215 2445 2326 2482; x_wconf 76' lang='lat' dir='ltr'>cdt‘oti</span> <span class='ocrx_word' id='word_1_954' title='bbox 2344 2457 2406 2481; x_wconf 78' lang='lat' dir='ltr'>ur-</span> 
     </span>
     <span class='ocr_line' id='line_1_132' title="bbox 1325 2490 2409 2536; baseline 0.001 -10"><span class='ocrx_word' id='word_1_955' title='bbox 1325 2491 1397 2527; x_wconf 73' lang='lat' dir='ltr'>bici</span> <span class='ocrx_word' id='word_1_956' title='bbox 1405 2492 1434 2512; x_wconf 90' lang='lat'>¹⁰</span> <span class='ocrx_word' id='word_1_957' title='bbox 1479 2490 1635 2526; x_wconf 88' lang='lat' dir='ltr'>Fructus</span> <span class='ocrx_word' id='word_1_958' title='bbox 1659 2490 1811 2526; x_wconf 87' lang='lat' dir='ltr'>hominis</span> <span class='ocrx_word' id='word_1_959' title='bbox 1834 2491 1872 2526; x_wconf 94' lang='lat' dir='ltr'>in</span> <span class='ocrx_word' id='word_1_960' title='bbox 1895 2491 2012 2536; x_wconf 87' lang='lat' dir='ltr'>operis</span> <span class='ocrx_word' id='word_1_961' title='bbox 2033 2491 2234 2527; x_wconf 88' lang='lat' dir='ltr'>consistit¹¹</span> <span class='ocrx_word' id='word_1_962' title='bbox 2259 2495 2296 2527; x_wconf 89' lang='lat' dir='ltr'>et</span> <span class='ocrx_word' id='word_1_963' title='bbox 2313 2495 2409 2527; x_wconf 87' lang='lat' dir='ltr'>retro</span> 
     </span>
     <span class='ocr_line' id='line_1_133' title="bbox 1324 2535 2409 2581; baseline 0 -10"><span class='ocrx_word' id='word_1_964' title='bbox 1324 2536 1360 2570; x_wconf 90' lang='lat' dir='ltr'>in</span> <span class='ocrx_word' id='word_1_965' title='bbox 1382 2535 1506 2571; x_wconf 86' lang='lat' dir='ltr'>fructu</span> <span class='ocrx_word' id='word_1_966' title='bbox 1527 2536 1678 2571; x_wconf 88' lang='lat' dir='ltr'>hominis</span> <span class='ocrx_word' id='word_1_967' title='bbox 1703 2546 1833 2581; x_wconf 90' lang='lat' dir='ltr'>operae</span> <span class='ocrx_word' id='word_1_968' title='bbox 1856 2540 1947 2571; x_wconf 77' lang='lat' dir='ltr'>sunt</span> <span class='ocrx_word' id='word_1_969' title='bbox 1984 2539 2020 2571; x_wconf 87' lang='lat' dir='ltr'>et</span> <span class='ocrx_word' id='word_1_970' title='bbox 2042 2536 2137 2571; x_wconf 91' lang='lat' dir='ltr'>utin</span> <span class='ocrx_word' id='word_1_971' title='bbox 2156 2535 2282 2572; x_wconf 91' lang='lat' dir='ltr'>ceteris</span> <span class='ocrx_word' id='word_1_972' title='bbox 2302 2536 2409 2572; x_wconf 90' lang='lat' dir='ltr'>rebus</span> 
     </span>
     <span class='ocr_line' id='line_1_134' title="bbox 1323 2580 2411 2626; baseline 0 -10"><span class='ocrx_word' id='word_1_973' title='bbox 1323 2580 1463 2616; x_wconf 90' lang='lat' dir='ltr'>fructus</span> <span class='ocrx_word' id='word_1_974' title='bbox 1487 2580 1648 2616; x_wconf 87' lang='lat' dir='ltr'>deductis</span> <span class='ocrx_word' id='word_1_975' title='bbox 1671 2580 1881 2616; x_wconf 87' lang='lat' dir='ltr'>necessariis</span> <span class='ocrx_word' id='word_1_976' title='bbox 1903 2581 2073 2626; x_wconf 90' lang='lat' dir='ltr'>impensis</span> <span class='ocrx_word' id='word_1_977' title='bbox 2095 2581 2328 2626; x_wconf 80' lang='lat' dir='ltr'>intellegitur,</span> <span class='ocrx_word' id='word_1_978' title='bbox 2358 2581 2411 2616; x_wconf 90' lang='lat' dir='ltr'>ita</span> 
     </span>
     <span class='ocr_line' id='line_1_135' title="bbox 1325 2626 1777 2670; baseline 0.002 -10"><span class='ocrx_word' id='word_1_979' title='bbox 1325 2629 1361 2661; x_wconf 92' lang='lat' dir='ltr'>et</span> <span class='ocrx_word' id='word_1_980' title='bbox 1383 2626 1421 2660; x_wconf 90' lang='lat' dir='ltr'>in</span> <span class='ocrx_word' id='word_1_981' title='bbox 1444 2626 1561 2670; x_wconf 89' lang='lat' dir='ltr'>operis</span> <span class='ocrx_word' id='word_1_982' title='bbox 1585 2636 1777 2661; x_wconf 89' lang='lat' dir='ltr'>servorum.</span> 
     </span>
    </p>

    <p class='ocr_par' dir='ltr' id='par_1_23' title="bbox 1325 2669 2411 2805">
     <span class='ocr_line' id='line_1_136' title="bbox 1370 2669 2411 2708; baseline -0.002 0"><span class='ocrx_word' id='word_1_983' title='bbox 1370 2669 1395 2708; x_wconf 84' lang='lat'>5</span> <span class='ocrx_word' id='word_1_984' title='bbox 1436 2671 1659 2706; x_wconf 68' lang='lat' dir='ltr'>TERENrws</span> <span class='ocrx_word' id='word_1_985' title='bbox 1692 2670 1872 2706; x_wconf 59' lang='lat' dir='ltr'>Casurus</span> <span class='ocrx_word' id='word_1_986' title='bbox 1910 2670 2000 2706; x_wconf 78' lang='lat' dir='ltr'>libro</span> <span class='ocrx_word' id='word_1_987' title='bbox 2033 2673 2158 2706; x_wconf 73' lang='lat' dir='ltr'>octavo</span> <span class='ocrx_word' id='word_1_988' title='bbox 2191 2669 2327 2706; x_wconf 72' lang='lat' dir='ltr'>decimo</span> <span class='ocrx_word' id='word_1_989' title='bbox 2362 2670 2411 2706; x_wconf 78' lang='lat' dir='ltr'>ad</span> 
     </span>
     <span class='ocr_line' id='line_1_137' title="bbox 1325 2714 2409 2762; baseline -0.001 -11"><span class='ocrx_word' id='word_1_990' title='bbox 1325 2715 1438 2762; x_wconf 75' lang='lat' dir='ltr'>leqem</span> <span class='ocrx_word' id='word_1_991' title='bbox 1462 2715 1596 2751; x_wconf 79' lang='lat' dir='ltr'>Iuliam</span> <span class='ocrx_word' id='word_1_992' title='bbox 1619 2719 1655 2751; x_wconf 83' lang='lat' dir='ltr'>et</span> <span class='ocrx_word' id='word_1_993' title='bbox 1677 2715 1833 2762; x_wconf 77' lang='lat' dir='ltr'>Papiam</span> <span class='ocrx_word' id='word_1_994' title='bbox 1880 2714 2005 2760; x_wconf 86' lang='lat' dir='ltr'>Operis</span> <span class='ocrx_word' id='word_1_995' title='bbox 2036 2714 2128 2750; x_wconf 85' lang='lat' dir='ltr'>servi</span> <span class='ocrx_word' id='word_1_996' title='bbox 2158 2714 2282 2760; x_wconf 79' lang='lat' dir='ltr'>legatis</span> <span class='ocrx_word' id='word_1_997' title='bbox 2306 2725 2409 2750; x_wconf 89' lang='lat' dir='ltr'>usum</span> 
     </span>
     <span class='ocr_line' id='line_1_138' title="bbox 1326 2759 2363 2805; baseline 0 -10"><span class='ocrx_word' id='word_1_998' title='bbox 1326 2761 1449 2795; x_wconf 91' lang='lat' dir='ltr'>datum</span> <span class='ocrx_word' id='word_1_999' title='bbox 1471 2760 1626 2805; x_wconf 83' lang='lat' dir='ltr'>intellegi</span> <span class='ocrx_word' id='word_1_1000' title='bbox 1650 2764 1686 2796; x_wconf 90' lang='lat' dir='ltr'>et</span> <span class='ocrx_word' id='word_1_1001' title='bbox 1710 2770 1773 2805; x_wconf 85' lang='lat' dir='ltr'>ego</span> <span class='ocrx_word' id='word_1_1002' title='bbox 1798 2759 1906 2795; x_wconf 88' lang='lat' dir='ltr'>didici</span> <span class='ocrx_word' id='word_1_1003' title='bbox 1929 2762 1965 2795; x_wconf 85' lang='lat' dir='ltr'>et</span> <span class='ocrx_word' id='word_1_1004' title='bbox 1990 2759 2150 2795; x_wconf 89' lang='lat' dir='ltr'>Iulianus</span> <span class='ocrx_word' id='word_1_1005' title='bbox 2174 2759 2363 2796; x_wconf 89' lang='lat' dir='ltr'>existimat.</span> 
     </span>
    </p>

    <p class='ocr_par' dir='ltr' id='par_1_24' title="bbox 1325 2803 2408 3255">
     <span class='ocr_line' id='line_1_139' title="bbox 1371 2803 2408 2852; baseline -0.001 -10"><span class='ocrx_word' id='word_1_1006' title='bbox 1371 2803 1396 2843; x_wconf 90' lang='grc'><strong>6</strong></span> <span class='ocrx_word' id='word_1_1007' title='bbox 1427 2805 1622 2842; x_wconf 73' lang='lat' dir='ltr'><em>UIA’IANUS</em></span> <span class='ocrx_word' id='word_1_1008' title='bbox 1642 2805 1732 2841; x_wconf 82' lang='lat' dir='ltr'>libro</span> <span class='ocrx_word' id='word_1_1009' title='bbox 1755 2805 2079 2852; x_wconf 72' lang='lat' dir='ltr'>quinquaqensimo</span> <span class='ocrx_word' id='word_1_1010' title='bbox 2103 2805 2228 2850; x_wconf 70' lang='lat' dir='ltr'>quinto</span> <span class='ocrx_word' id='word_1_1011' title='bbox 2247 2805 2299 2840; x_wconf 85' lang='lat' dir='ltr'>ad</span> <span class='ocrx_word' id='word_1_1012' title='bbox 2315 2805 2408 2841; x_wconf 81' lang='lat' dir='ltr'>edic-</span> 
     </span>
     <span class='ocr_line' id='line_1_140' title="bbox 1326 2848 2408 2895; baseline 0.001 -10"><span class='ocrx_word' id='word_1_1013' title='bbox 1326 2856 1400 2885; x_wconf 84' lang='lat' dir='ltr'>tum</span> <span class='ocrx_word' id='word_1_1014' title='bbox 1446 2849 1535 2886; x_wconf 88' lang='lat' dir='ltr'>Cum</span> <span class='ocrx_word' id='word_1_1015' title='bbox 1558 2849 1602 2885; x_wconf 89' lang='lat' dir='ltr'>de</span> <span class='ocrx_word' id='word_1_1016' title='bbox 1625 2850 1717 2886; x_wconf 85' lang='lat' dir='ltr'>servi</span> <span class='ocrx_word' id='word_1_1017' title='bbox 1739 2860 1761 2885; x_wconf 96' lang='lat' dir='ltr'>o</span> <span class='ocrx_word' id='word_1_1018' title='bbox 1788 2850 1855 2885; x_wconf 89' lang='lat' dir='ltr'>eris</span> <span class='ocrx_word' id='word_1_1019' title='bbox 1879 2848 2026 2885; x_wconf 85' lang='lat' dir='ltr'>artificis</span> <span class='ocrx_word' id='word_1_1020' title='bbox 2050 2849 2181 2894; x_wconf 81' lang='lat' dir='ltr'>agitur,</span> <span class='ocrx_word' id='word_1_1021' title='bbox 2214 2860 2280 2895; x_wconf 90' lang='lat' dir='ltr'>pro</span> <span class='ocrx_word' id='word_1_1022' title='bbox 2303 2849 2408 2886; x_wconf 88' lang='lat' dir='ltr'>modo</span> 
     </span>
     <span class='ocr_line' id='line_1_141' title="bbox 1326 2861 2406 2938; baseline 0 -8"><span class='ocrx_word' id='word_1_1023' title='bbox 1326 2895 1565 2931; x_wconf 90' lang='lat' dir='ltr'>restituendae</span> <span class='ocrx_word' id='word_1_1024' title='bbox 1588 2899 1691 2938; x_wconf 91' lang='lat' dir='ltr'>sunt,</span> <span class='ocrx_word' id='word_1_1025' title='bbox 1725 2861 1788 2930; x_wconf 62' lang='lat' dir='ltr'>seg</span> <span class='ocrx_word' id='word_1_1026' title='bbox 1811 2893 2012 2929; x_wconf 88' lang='lat' dir='ltr'>mediastini</span> <span class='ocrx_word' id='word_1_1027' title='bbox 2035 2894 2229 2930; x_wconf 88' lang='lat' dir='ltr'>secundum</span> <span class='ocrx_word' id='word_1_1028' title='bbox 2250 2894 2406 2930; x_wconf 81' lang='lat' dir='ltr'>ministe-</span> 
     </span>
     <span class='ocr_line' id='line_1_142' title="bbox 1330 2938 2407 2985; baseline 0 -10"><span class='ocrx_word' id='word_1_1029' title='bbox 1330 2945 1341 2975; x_wconf 84' lang='lat'>1</span> <span class='ocrx_word' id='word_1_1030' title='bbox 1392 2941 1502 2975; x_wconf 84' lang='lat' dir='ltr'>rium:</span> <span class='ocrx_word' id='word_1_1031' title='bbox 1528 2944 1564 2975; x_wconf 88' lang='lat' dir='ltr'>et</span> <span class='ocrx_word' id='word_1_1032' title='bbox 1585 2940 1636 2975; x_wconf 89' lang='lat' dir='ltr'>ita</span> <span class='ocrx_word' id='word_1_1033' title='bbox 1658 2939 1754 2975; x_wconf 92' lang='lat' dir='ltr'>Mela</span> <span class='ocrx_word' id='word_1_1034' title='bbox 1777 2939 1910 2975; x_wconf 89' lang='lat' dir='ltr'>scribit.</span> <span class='ocrx_word' id='word_1_1035' title='bbox 1959 2938 1997 2974; x_wconf 91' lang='lat' dir='ltr'>Si</span> <span class='ocrx_word' id='word_1_1036' title='bbox 2027 2939 2142 2975; x_wconf 90' lang='lat' dir='ltr'>minor</span> <span class='ocrx_word' id='word_1_1037' title='bbox 2172 2939 2274 2975; x_wconf 89' lang='lat' dir='ltr'>annis</span> <span class='ocrx_word' id='word_1_1038' title='bbox 2305 2939 2407 2985; x_wconf 88' lang='lat' dir='ltr'>quin-</span> 
     </span>
     <span class='ocr_line' id='line_1_143' title="bbox 1327 2983 2406 3031; baseline -0.001 -11"><span class='ocrx_word' id='word_1_1039' title='bbox 1327 2995 1396 3031; x_wconf 89' lang='lat' dir='ltr'>que</span> <span class='ocrx_word' id='word_1_1040' title='bbox 1417 2985 1473 3020; x_wconf 85' lang='lat' dir='ltr'>vel</span> <span class='ocrx_word' id='word_1_1041' title='bbox 1496 2985 1622 3020; x_wconf 90' lang='lat' dir='ltr'>debilis</span> <span class='ocrx_word' id='word_1_1042' title='bbox 1646 2995 1768 3020; x_wconf 88' lang='lat' dir='ltr'>servus</span> <span class='ocrx_word' id='word_1_1043' title='bbox 1791 2984 1838 3019; x_wconf 88' lang='lat' dir='ltr'>sit</span> <span class='ocrx_word' id='word_1_1044' title='bbox 1859 2984 1915 3019; x_wconf 84' lang='lat' dir='ltr'>vel</span> <span class='ocrx_word' id='word_1_1045' title='bbox 1938 2984 2017 3028; x_wconf 91' lang='lat' dir='ltr'>quis</span> <span class='ocrx_word' id='word_1_1046' title='bbox 2041 2984 2152 3026; x_wconf 89' lang='lat' dir='ltr'>alius,</span> <span class='ocrx_word' id='word_1_1047' title='bbox 2185 2984 2285 3019; x_wconf 84' lang='lat' dir='ltr'>cuius</span> <span class='ocrx_word' id='word_1_1048' title='bbox 2308 2983 2406 3019; x_wconf 89' lang='lat' dir='ltr'>nulla</span> 
     </span>
     <span class='ocr_line' id='line_1_144' title="bbox 1325 3029 2407 3126; baseline -0.002 -16"><span class='ocrx_word' id='word_1_1049' title='bbox 1325 3040 1455 3110; x_wconf 43' lang='lat'>3⁹05&amp;</span> <span class='ocrx_word' id='word_1_1050' title='bbox 1467 3029 1882 3126; x_wconf 52' lang='lat' dir='ltr'>..ffifflufflnffi</span> <span class='ocrx_word' id='word_1_1051' title='bbox 1900 3029 2407 3110; x_wconf 50' lang='lat' dir='ltr'>&amp;gffifflfflfflffiffss</span> 
     </span>
     <span class='ocr_line' id='line_1_145' title="bbox 1325 3117 2406 3161; baseline -0.002 -6"><span class='ocrx_word' id='word_1_1052' title='bbox 1325 3119 1525 3161; x_wconf 88' lang='lat' dir='ltr'>habebitur,</span> <span class='ocrx_word' id='word_1_1053' title='bbox 1549 3118 1656 3154; x_wconf 89' lang='lat' dir='ltr'>veluti</span> <span class='ocrx_word' id='word_1_1054' title='bbox 1679 3129 1709 3154; x_wconf 76' lang='lat' dir='ltr'>si</span> <span class='ocrx_word' id='word_1_1055' title='bbox 1733 3119 1894 3154; x_wconf 88' lang='lat' dir='ltr'>dilexerit</span> <span class='ocrx_word' id='word_1_1056' title='bbox 1917 3129 1996 3154; x_wconf 91' lang='lat' dir='ltr'>eum</span> <span class='ocrx_word' id='word_1_1057' title='bbox 2020 3118 2181 3154; x_wconf 91' lang='lat' dir='ltr'>dominus</span> <span class='ocrx_word' id='word_1_1058' title='bbox 2205 3122 2268 3153; x_wconf 87' lang='lat' dir='ltr'>aut</span> <span class='ocrx_word' id='word_1_1059' title='bbox 2289 3118 2327 3153; x_wconf 91' lang='lat' dir='ltr'>in</span> <span class='ocrx_word' id='word_1_1060' title='bbox 2345 3117 2406 3153; x_wconf 88' lang='lat' dir='ltr'>de-</span> 
     </span>
     <span class='ocr_line' id='line_1_146' title="bbox 1327 3163 2407 3200; baseline -0.002 0"><span class='ocrx_word' id='word_1_1061' title='bbox 1327 3167 1346 3200; x_wconf 86' lang='lat'><strong>3</strong></span> <span class='ocrx_word' id='word_1_1062' title='bbox 1392 3164 1482 3200; x_wconf 87' lang='lat' dir='ltr'>liciis</span> <span class='ocrx_word' id='word_1_1063' title='bbox 1514 3163 1690 3199; x_wconf 76' lang='lat' dir='ltr'>habuerit.</span> <span class='ocrx_word' id='word_1_1064' title='bbox 1739 3163 1902 3199; x_wconf 90' lang='lat' dir='ltr'>Ceterum</span> <span class='ocrx_word' id='word_1_1065' title='bbox 1926 3163 2086 3199; x_wconf 88' lang='lat' dir='ltr'>deductis</span> <span class='ocrx_word' id='word_1_1066' title='bbox 2110 3163 2319 3198; x_wconf 89' lang='lat' dir='ltr'>necessariis</span> <span class='ocrx_word' id='word_1_1067' title='bbox 2342 3163 2407 3198; x_wconf 90' lang='lat' dir='ltr'>im-</span> 
     </span>
     <span class='ocr_line' id='line_1_147' title="bbox 1325 3208 1835 3255; baseline -0.004 -10"><span class='ocrx_word' id='word_1_1068' title='bbox 1325 3209 1444 3255; x_wconf 89' lang='lat' dir='ltr'>pensis</span> <span class='ocrx_word' id='word_1_1069' title='bbox 1467 3208 1529 3244; x_wconf 89' lang='lat' dir='ltr'>fiet</span> <span class='ocrx_word' id='word_1_1070' title='bbox 1552 3209 1763 3243; x_wconf 89' lang='lat' dir='ltr'>aestimatio.</span> <span class='ocrx_word' id='word_1_1071' title='bbox 1830 3220 1835 3224; x_wconf 89' lang='lat'>·</span> 
     </span>
    </p>
   </div>
   <div class='ocr_carea' id='block_1_12' title="bbox 1560 3300 2160 3398">
    <p class='ocr_par' dir='ltr' id='par_1_25' title="bbox 1560 3300 2160 3398">
     <span class='ocr_line' id='line_1_148' title="bbox 1787 3300 1931 3339; baseline 0 0"><span class='ocrx_word' id='word_1_1072' title='bbox 1787 3300 1931 3339; x_wconf 85' lang='lat' dir='ltr'>vm¹².</span> 
     </span>
     <span class='ocr_line' id='line_1_149' title="bbox 1560 3364 2160 3398; baseline -0.002 0"><span class='ocrx_word' id='word_1_1073' title='bbox 1560 3365 1621 3398; x_wconf 84' lang='lat' dir='ltr'>DE</span> <span class='ocrx_word' id='word_1_1074' title='bbox 1645 3365 1734 3398; x_wconf 85' lang='lat' dir='ltr'>USU</span> <span class='ocrx_word' id='word_1_1075' title='bbox 1756 3365 1816 3398; x_wconf 78' lang='lat' dir='ltr'>ET</span> <span class='ocrx_word' id='word_1_1076' title='bbox 1838 3364 2160 3398; x_wconf 83' lang='lat' dir='ltr'>HABITATIONE.</span> 
     </span>
    </p>
   </div>
   <div class='ocr_carea' id='block_1_13' title="bbox 1328 3430 2405 3513">
    <p class='ocr_par' dir='ltr' id='par_1_26' title="bbox 1328 3430 2405 3513">
     <span class='ocr_line' id='line_1_150' title="bbox 1373 3430 2405 3478; baseline -0.004 -9"><span class='ocrx_word' id='word_1_1077' title='bbox 1373 3431 1391 3469; x_wconf 92' lang='lat'>1</span> <span class='ocrx_word' id='word_1_1078' title='bbox 1423 3431 1546 3468; x_wconf 61' lang='grc' dir='ltr'>(ἔωσε</span> <span class='ocrx_word' id='word_1_1079' title='bbox 1554 3431 1644 3468; x_wconf 83' lang='lat' dir='ltr'>libro</span> <span class='ocrx_word' id='word_1_1080' title='bbox 1656 3432 1806 3478; x_wconf 78' lang='lat' dir='ltr'>septimo</span> <span class='ocrx_word' id='word_1_1081' title='bbox 1819 3431 1870 3466; x_wconf 82' lang='lat' dir='ltr'>ad</span> <span class='ocrx_word' id='word_1_1082' title='bbox 1879 3430 2031 3466; x_wconf 70' lang='lat' dir='ltr'>edictum</span> <span class='ocrx_word' id='word_1_1083' title='bbox 2037 3430 2265 3476; x_wconf 73' lang='lat' dir='ltr'>provinciale</span> <span class='ocrx_word' id='word_1_1084' title='bbox 2298 3430 2405 3466; x_wconf 86' lang='lat' dir='ltr'>Nunc</span> 
     </span>
     <span class='ocr_line' id='line_1_151' title="bbox 1328 3475 2404 3513; baseline 0.001 -1"><span class='ocrx_word' id='word_1_1085' title='bbox 1328 3480 1342 3512; x_wconf 84' lang='lat'>1</span> <span class='ocrx_word' id='word_1_1086' title='bbox 1391 3476 1579 3512; x_wconf 83' lang='lat' dir='ltr'>videndum</span> <span class='ocrx_word' id='word_1_1087' title='bbox 1598 3476 1643 3512; x_wconf 88' lang='lat' dir='ltr'>de</span> <span class='ocrx_word' id='word_1_1088' title='bbox 1654 3487 1722 3512; x_wconf 92' lang='lat' dir='ltr'>usu</span> <span class='ocrx_word' id='word_1_1089' title='bbox 1734 3480 1769 3511; x_wconf 90' lang='lat' dir='ltr'>et</span> <span class='ocrx_word' id='word_1_1090' title='bbox 1780 3475 2010 3511; x_wconf 84' lang='lat' dir='ltr'>habitatione.</span> <span class='ocrx_word' id='word_1_1091' title='bbox 2046 3475 2282 3511; x_wconf 82' lang='lat' dir='ltr'>constituitur</span> <span class='ocrx_word' id='word_1_1092' title='bbox 2300 3475 2404 3513; x_wconf 72' lang='lat' dir='ltr'>etiam</span> 
     </span>
    </p>
   </div>
   <div class='ocr_carea' id='block_1_14' title="bbox 2160 2366 2410 2402">
    <p class='ocr_par' dir='ltr' id='par_1_27' title="bbox 2160 2366 2410 2402">
     <span class='ocr_line' id='line_1_152' title="bbox 2160 2366 2410 2402; baseline 0 -10"><span class='ocrx_word' id='word_1_1093' title='bbox 2160 2366 2288 2402; x_wconf 88' lang='lat' dir='ltr'>operas</span> <span class='ocrx_word' id='word_1_1094' title='bbox 2318 2367 2410 2392; x_wconf 87' lang='lat' dir='ltr'>mer-</span> 
     </span>
    </p>
   </div>
   <div class='ocr_carea' id='block_1_15' title="bbox 1326 3586 2402 3720">
    <p class='ocr_par' dir='ltr' id='par_1_28' title="bbox 1326 3586 2402 3720">
     <span class='ocr_line' id='line_1_153' title="bbox 1373 3586 2402 3632; baseline -0.006 -8"><span class='ocrx_word' id='word_1_1095' title='bbox 1373 3592 1417 3628; x_wconf 79' lang='lat'>(9)</span> <span class='ocrx_word' id='word_1_1096' title='bbox 1441 3589 1506 3622; x_wconf 81' lang='lat' dir='ltr'>Ed.</span> <span class='ocrx_word' id='word_1_1097' title='bbox 1520 3606 1565 3613; x_wconf 95' lang='lat'>—</span> <span class='ocrx_word' id='word_1_1098' title='bbox 1578 3589 1824 3628; x_wconf 75' lang='grc' dir='ltr'><strong>Βω.16,τ.-</strong></span> <span class='ocrx_word' id='word_1_1099' title='bbox 1839 3588 1890 3632; x_wconf 81' lang='lat' dir='ltr'>Cj:</span> <span class='ocrx_word' id='word_1_1100' title='bbox 1911 3587 1989 3621; x_wconf 78' lang='lat' dir='ltr'>cod.</span> <span class='ocrx_word' id='word_1_1101' title='bbox 2003 3588 2034 3627; x_wconf 87' lang='lat'>3,</span> <span class='ocrx_word' id='word_1_1102' title='bbox 2047 3594 2083 3621; x_wconf 79' lang='lat'>33</span> <span class='ocrx_word' id='word_1_1103' title='bbox 2219 3588 2279 3628; x_wconf 81' lang='grc' dir='ltr'><strong>(ιο)</strong></span> <span class='ocrx_word' id='word_1_1104' title='bbox 2304 3586 2402 3619; x_wconf 77' lang='lat' dir='ltr'>urba-</span> 
     </span>
     <span class='ocr_line' id='line_1_154' title="bbox 1326 3631 2112 3675; baseline -0.003 -9"><span class='ocrx_word' id='word_1_1105' title='bbox 1326 3633 1442 3667; x_wconf 81' lang='lat' dir='ltr'>niciF&#39;</span> <span class='ocrx_word' id='word_1_1106' title='bbox 1450 3634 1459 3654; x_wconf 87' lang='lat'><strong>¹</strong></span> <span class='ocrx_word' id='word_1_1107' title='bbox 1551 3636 1607 3674; x_wconf 81' lang='grc' dir='ltr'><strong>(ιι)</strong></span> <span class='ocrx_word' id='word_1_1108' title='bbox 1631 3632 1789 3666; x_wconf 82' lang='lat' dir='ltr'>consistit</span> <span class='ocrx_word' id='word_1_1109' title='bbox 1798 3633 1892 3675; x_wconf 66' lang='lat' dir='ltr'>Hal„</span> <span class='ocrx_word' id='word_1_1110' title='bbox 1908 3631 2112 3667; x_wconf 85' lang='lat' dir='ltr'>constititF&#39;</span> 
     </span>
     <span class='ocr_line' id='line_1_155' title="bbox 1371 3676 2401 3720; baseline -0.003 -7"><span class='ocrx_word' id='word_1_1111' title='bbox 1371 3679 1430 3720; x_wconf 69' lang='grc' dir='ltr'>(η)</span> <span class='ocrx_word' id='word_1_1112' title='bbox 1455 3678 1680 3713; x_wconf 77' lang='lat' dir='ltr'>Sab.2.4...12.</span> <span class='ocrx_word' id='word_1_1113' title='bbox 1694 3685 1813 3717; x_wconf 77' lang='lat' dir='ltr'>u...1·1;</span> <span class='ocrx_word' id='word_1_1114' title='bbox 1832 3677 1899 3711; x_wconf 80' lang='lat' dir='ltr'>Ed.</span> <span class='ocrx_word' id='word_1_1115' title='bbox 1917 3683 2171 3716; x_wconf 75' lang='lat' dir='ltr'>1.³.1³.1s...2²;</span> <span class='ocrx_word' id='word_1_1116' title='bbox 2193 3676 2276 3720; x_wconf 84' lang='lat' dir='ltr'>Pap.</span> <span class='ocrx_word' id='word_1_1117' title='bbox 2296 3682 2401 3710; x_wconf 76' lang='lat'>2³.—</span> 
     </span>
    </p>
   </div>
   <div class='ocr_carea' id='block_1_16' title="bbox 1327 3722 1999 3761">
    <p class='ocr_par' dir='ltr' id='par_1_29' title="bbox 1327 3722 1999 3761">
     <span class='ocr_line' id='line_1_156' title="bbox 1327 3722 1999 3761; baseline -0.001 -5"><span class='ocrx_word' id='word_1_1118' title='bbox 1327 3723 1409 3757; x_wconf 74' lang='grc' dir='ltr'>Βω.</span> <span class='ocrx_word' id='word_1_1119' title='bbox 1423 3724 1474 3761; x_wconf 85' lang='grc'>16,</span> <span class='ocrx_word' id='word_1_1120' title='bbox 1488 3730 1569 3757; x_wconf 73' lang='grc'>8.-</span> <span class='ocrx_word' id='word_1_1121' title='bbox 1587 3723 1814 3759; x_wconf 53' lang='lat' dir='ltr'>&amp;lutumst</span> <span class='ocrx_word' id='word_1_1122' title='bbox 1834 3722 1910 3756; x_wconf 80' lang='lat' dir='ltr'>cod.</span> <span class='ocrx_word' id='word_1_1123' title='bbox 1924 3723 1999 3755; x_wconf 64' lang='lat' dir='ltr'>3.ae</span> 
     </span>
    </p>
   </div>
   <div class='ocr_carea' id='block_1_17' title="bbox 2507 557 2528 1748">
    <p class='ocr_par' dir='ltr' id='par_1_30' title="bbox 2507 557 2528 1748">
     <span class='ocr_line' id='line_1_157' title="bbox 2520 557 2528 579; baseline 0 0"><span class='ocrx_word' id='word_1_1124' title='bbox 2520 557 2528 579; x_wconf 69' lang='lat'><em>‚</em></span> 
     </span>
     <span class='ocr_line' id='line_1_158' title="bbox 2507 618 2528 867; baseline 0 0"><span class='ocrx_word' id='word_1_1125' title='bbox 2507 618 2528 867; x_wconf 62' lang='grc' dir='ltr'>ἲ</span> 
     </span>
     <span class='ocr_line' id='line_1_159' title="bbox 2508 878 2528 1132; baseline 0 -91"><span class='ocrx_word' id='word_1_1126' title='bbox 2508 878 2528 1132; x_wconf 60' lang='lat' dir='ltr'><strong><em>g</em></strong></span> 
     </span>
     <span class='ocr_line' id='line_1_160' title="bbox 2516 1133 2528 1179; baseline 0 0"><span class='ocrx_word' id='word_1_1127' title='bbox 2516 1133 2528 1179; x_wconf 60' lang='grc' dir='ltr'>ἔ</span> 
     </span>
     <span class='ocr_line' id='line_1_161' title="bbox 2515 1179 2528 1251; baseline 0 0"><span class='ocrx_word' id='word_1_1128' title='bbox 2515 1179 2528 1251; x_wconf 66' lang='grc' dir='ltr'>ἐ</span> 
     </span>
     <span class='ocr_line' id='line_1_162' title="bbox 2520 1292 2528 1314; baseline 0 0"><span class='ocrx_word' id='word_1_1129' title='bbox 2520 1292 2528 1314; x_wconf 82' lang='grc'><em>,</em></span> 
     </span>
     <span class='ocr_line' id='line_1_163' title="bbox 2513 1379 2528 1533; baseline 0 0"><span class='ocrx_word' id='word_1_1130' title='bbox 2513 1379 2528 1533; x_wconf 63' lang='lat'>3</span> 
     </span>
     <span class='ocr_line' id='line_1_164' title="bbox 2517 1569 2528 1613; baseline 0 0"><span class='ocrx_word' id='word_1_1131' title='bbox 2517 1569 2528 1613; x_wconf 64' lang='grc' dir='ltr'>ἔ</span> 
     </span>
     <span class='ocr_line' id='line_1_165' title="bbox 2516 1626 2528 1714; baseline 0 0"><span class='ocrx_word' id='word_1_1132' title='bbox 2516 1626 2528 1714; x_wconf 72' lang='lat'>3</span> 
     </span>
     <span class='ocr_line' id='line_1_166' title="bbox 2518 1718 2528 1748; baseline 0 0"><span class='ocrx_word' id='word_1_1133' title='bbox 2518 1718 2528 1748; x_wconf 74' lang='grc' dir='ltr'>ἱ</span> 
     </span>
    </p>
   </div>
   <div class='ocr_carea' id='block_1_18' title="bbox 1258 0 2528 242">
    <p class='ocr_par' dir='ltr' id='par_1_31' title="bbox 1258 0 2528 242">
     <span class='ocr_line' id='line_1_167' title="bbox 1258 0 2528 242; baseline 0.002 -77"><span class='ocrx_word' id='word_1_1134' title='bbox 1258 117 1335 166; x_wconf 82' lang='grc'>108</span> <span class='ocrx_word' id='word_1_1135' title='bbox 1459 132 1499 164; x_wconf 82' lang='lat' dir='ltr'>sl</span> <span class='ocrx_word' id='word_1_1136' title='bbox 1509 134 1573 165; x_wconf 84' lang='lat' dir='ltr'>us.</span> <span class='ocrx_word' id='word_1_1137' title='bbox 1585 133 1655 163; x_wconf 73' lang='lat' dir='ltr'>ra.</span> <span class='ocrx_word' id='word_1_1138' title='bbox 1665 133 1866 165; x_wconf 70' lang='lat' dir='ltr'>rms‘rmt</span> <span class='ocrx_word' id='word_1_1139' title='bbox 1877 132 1973 165; x_wconf 78' lang='lat' dir='ltr'>cm.</span> <span class='ocrx_word' id='word_1_1140' title='bbox 2003 133 2065 164; x_wconf 83' lang='lat' dir='ltr'>DE</span> <span class='ocrx_word' id='word_1_1141' title='bbox 2076 132 2206 165; x_wconf 72' lang='lat' dir='ltr'>orna.</span> <span class='ocrx_word' id='word_1_1142' title='bbox 2219 133 2394 167; x_wconf 68' lang='lat' dir='ltr'>suavos</span> <span class='ocrx_word' id='word_1_1143' title='bbox 2460 0 2528 242; x_wconf 53' lang='grc'>1</span> 
     </span>
    </p>
   </div>
   <div class='ocr_carea' id='block_1_19' title="bbox 2512 246 2528 354">
    <p class='ocr_par' dir='ltr' id='par_1_32' title="bbox 2512 246 2528 354">
     <span class='ocr_line' id='line_1_168' title="bbox 2512 246 2528 303; baseline 0 0"><span class='ocrx_word' id='word_1_1144' title='bbox 2512 246 2528 303; x_wconf 63' lang='lat'>&#39;5</span> 
     </span>
     <span class='ocr_line' id='line_1_169' title="bbox 2518 305 2528 354; baseline 0 -36"><span class='ocrx_word' id='word_1_1145' title='bbox 2518 305 2528 354; x_wconf 34' lang='grc' dir='ltr'>ξ</span> 
     </span>
    </p>
   </div>
  </div>
 </body>
</html>
