2528 3918
83 138 141 168 ΕΤ
172 137 511 168 DEFENS'ORIBUS

85 249 137 283 bit
156 259 229 284 non
248 257 370 284 omnes
391 247 551 281 actiones
571 255 636 290 per
654 249 925 290 procuratorem
945 257 1052 291 posse
1073 257 1178 292 quem

83 294 279 328 instituere.
306 293 455 337 denique
475 294 517 326 ut
533 290 645 332 liberi,
671 291 732 335 qui
755 291 792 325 in
815 294 995 335 potestate
1019 292 1177 327 absentis

84 339 262 380 dicuntur,
288 338 475 379 ducantur,
501 335 730 371 interdictum
753 346 827 371 non
847 347 955 388 posse
975 337 1179 373 desiderare

83 385 133 419 ait
157 384 243 426 nisi,
267 387 308 418 ut
331 382 491 417 Iulianus
517 381 595 427 ait,
619 391 730 416 causa
755 386 916 426 cognita,
948 382 985 417 id
1011 387 1065 419 est
1088 383 1118 418 si
1144 386 1179 417 et

82 428 289 465 nominatim
321 428 354 462 ei
384 426 593 462 mandatum
625 426 672 461 sit
705 429 740 461 et
798 430 875 462 ater
897 428 1101 463 valetudine
1124 428 1179 463 vel

84 478 98 509 1
150 474 221 509 alia
243 473 338 508 iusta
363 483 474 508 causa
496 471 721 517 impediatur.
798 472 810 507 i
834 473 1025 518 stipuletur
1047 485 1177 519 procu-

81 523 180 555 rator
204 518 324 554 damni
355 517 479 553 infecti
509 518 565 553 vel
596 517 814 562 legatorum,
847 518 991 554 debebit
1023 519 1067 554 de
1097 522 1176 554 rato

82 568 100 600 2
150 574 286 600 cavere.
336 563 406 599 Sed
441 567 477 598 et
510 563 562 605 is,
600 563 661 608 qui
696 563 799 608 quasi
834 563 1002 600 defensor
1035 565 1072 599 in
1103 575 1179 600 rem

81 610 223 645 actione
247 609 466 651 convenitur,
491 611 635 654 praeter
659 609 801 644 solitam
826 609 1099 645 satisdationem
1122 610 1176 645 iu-

80 655 239 691 dicatum
263 655 352 690 solvi
376 654 484 689 etiam
509 654 553 689 de
576 657 655 689 rato
681 653 788 689 debet
813 665 948 690 cavere.
987 655 1073 701 quid
1086 655 1178 690 enim

80 701 109 736 si
132 701 169 735 in
193 701 262 736 hoc
286 700 417 735 iudicio
442 710 517 734 rem
534 710 651 734 meam
672 710 751 735 esse
771 700 1034 745 pronuntietur,
1059 711 1177 736 rever-

80 757 140 782 sus
165 746 234 788 ille,
261 745 363 780 cuius
387 744 554 780 defensor
579 745 756 787 extiterat,
781 745 866 780 velit
888 745 1041 781 fundum
1064 746 1177 782 vindi-

80 801 182 827 care:
217 800 336 826 nonne
366 794 486 831 ratum
510 801 582 825 non
606 790 784 826 videbitur
808 791 941 826 habere
966 791 1062 837 quod
1085 792 1176 826 iudi-

80 841 200 872 catum
221 837 302 872 est?
326 836 479 882 denique
502 836 534 871 si
556 846 661 871 verus
685 840 900 881 procurator
925 837 1101 873 extitisset
1123 837 1178 873 vel

77 883 155 935 ipse
187 892 356 928 praesens
390 892 537 917 causam
569 891 671 916 suam
703 881 834 927 egisset
866 885 902 918 et
924 883 1041 918 victus
1065 886 1176 918 esset:

77 938 109 964 si
133 938 155 963 a
178 938 235 963 me
257 927 474 970 vindicaret,
508 927 718 972 exceptione
740 927 793 962 rei
815 927 996 964 iudicatae
1020 939 1176 964 summo-

77 976 230 1016 veretur,
255 976 291 1008 et
313 973 365 1008 ita
377 973 538 1008 Iulianus
561 973 652 1008 libro
678 972 996 1018 quinquagensimo
1022 974 1176 1019 digesto-

77 1030 157 1054 rum
180 1018 322 1054 scribit:
349 1029 432 1053 nam
457 1029 538 1053 cum
561 1018 743 1053 iudicatur
765 1029 841 1054 rem
865 1029 980 1054 meam
1005 1029 1104 1062 esse,
1130 1019 1176 1054 si-

79 1067 98 1100 3
147 1064 221 1099 mul
240 1063 420 1099 iudicatur
431 1063 525 1099 illius
539 1074 612 1099 non
627 1074 714 1098 esse.
763 1063 1043 1101 Ratihabitionis
1057 1068 1176 1100 autem

77 1109 263 1145 satisdatio
288 1113 373 1144 ante
394 1109 467 1144 litis
493 1109 790 1144 contestationem
815 1120 837 1145 a
856 1114 1094 1154 procuratore
1115 1120 1176 1146 ex-

76 1155 202 1201 igitur:
230 1158 386 1190 ceterum
411 1154 520 1190 semel
542 1154 605 1189 lite
626 1158 829 1190 contestata
849 1166 923 1191 non
944 1156 1177 1201 compelletur

76 1204 97 1235 4
146 1200 192 1235 ad
217 1201 430 1236 cautionem.
478 1200 520 1234 In
544 1200 599 1235 his
625 1203 745 1235 autem
768 1201 952 1245 personis,
984 1202 1022 1236 in
1047 1201 1176 1247 quibus

76 1245 287 1281 mandatum
309 1256 383 1281 non
407 1245 597 1290 exigimus,
624 1245 815 1281 dicendum
840 1250 905 1287 est,
931 1247 962 1281 si
985 1246 1079 1282 forte
1105 1247 1174 1282 evi-

77 1291 164 1327 dens
198 1291 246 1327 sit
277 1294 405 1326 contra
435 1291 657 1326 voluntatem
691 1301 751 1326 eos
786 1292 939 1337 experiri
964 1302 1086 1327 eorum
1110 1303 1174 1337 pro

77 1337 207 1383 quibus
241 1336 502 1379 interveniunt,
540 1336 669 1372 debere
704 1347 766 1372 eos
801 1337 933 1382 repelli.
982 1348 1065 1382 ergo
1102 1349 1175 1373 non

78 1382 250 1427 exigimus
274 1385 315 1417 ut
338 1381 497 1417 habeant
519 1382 741 1417 voluntatem
764 1382 820 1418 vel
850 1382 1079 1425 mandatum,
1113 1383 1176 1418 sed

77 1429 146 1463 ne¹
181 1428 362 1463 contraria
392 1427 558 1462 voluntas
590 1427 782 1472 probetur:
822 1428 982 1473 quamvis
1019 1428 1063 1464 de
1094 1432 1174 1463 rato

76 1473 231 1508 offerant
255 1473 469 1508 cautionem.

122 1517 172 1555 41
201 1517 362 1554 vaws
390 1518 481 1554 libro
513 1529 608 1553 nono
633 1518 683 1553 ad
705 1517 860 1554 edictum
907 1518 1075 1554 Feminas
1107 1530 1172 1563 pro

75 1564 285 1609 parentibus
310 1573 415 1608 agere
437 1563 617 1598 interdum
640 1563 866 1609 permittetur
886 1574 998 1599 causa
1019 1565 1173 1609 cognita,
1183 1598 1197 1602 ,,

77 1610 107 1645 si
130 1609 250 1644 forte²
272 1612 441 1654 parentes
465 1609 613 1644 morbus
647 1612 712 1644 aut
744 1612 844 1644 aetas
878 1609 1069 1654 impediat,
1106 1620 1173 1645 nec

76 1665 289 1701 quemquam
314 1654 375 1699 qui
399 1657 484 1699 agat
506 1654 674 1689 habeant.

122 1698 175 1737 42
201 1699 310 1735 IDEM
330 1700 420 1735 libro
445 1703 571 1735 octavo
596 1699 646 1735 ad
668 1699 822 1735 edictum
869 1699 973 1734 Licet
996 1699 1033 1734 in
1057 1711 1172 1745 popu-

74 1746 211 1782 laribus
231 1745 432 1780 actionibus
452 1748 668 1790 procurator
688 1744 766 1780 dari
786 1755 858 1780 non
878 1745 1003 1790 possit,
1028 1746 1174 1780 tamen³

76 1791 211 1827 dictum
242 1793 297 1826 est
328 1790 452 1825 merito
485 1800 566 1825 eum
598 1790 659 1835 qui
693 1790 737 1825 de
767 1790 824 1825 via
856 1790 1001 1835 publica
1033 1791 1107 1843 agit
1139 1794 1175 1826 et

77 1837 213 1883 privato
240 1836 369 1871 damno
396 1846 440 1871 ex
463 1836 727 1880 prohibitione⁴
751 1835 937 1878 adficitur,
972 1846 1076 1881 quasi
1099 1836 1171 1881 pri-

76 1885 178 1917 vatae
202 1881 354 1917 actionis
379 1881 465 1916 dare
488 1891 595 1926 posse
620 1884 901 1926 procuratorem.
936 1882 1047 1917 multo
1060 1881 1172 1926 magis

76 1927 177 1963 dabit
207 1927 255 1962 ad
286 1926 466 1972 sepulchri
496 1926 619 1961 violati
651 1926 828 1961 actionem
858 1927 889 1961 is
923 1927 969 1961 ad
1002 1937 1106 1972 quem
1131 1937 1174 1962 ea

78 1976 92 2007 1
143 1983 200 2008 res
235 1972 402 2018 pertinet.
462 1971 521 2006 Ad
557 1972 736 2007 actionem
770 1972 982 2007 iniuriarum
1018 1982 1062 2007 ex
1096 1973 1173 2018 lege

77 2018 242 2053 Cornelia
265 2020 480 2063 procurator
506 2016 583 2051 dari
607 2020 745 2062 potest:
772 2027 856 2052 nam
870 2017 936 2052 etsi
947 2028 1013 2063 pro
1026 2018 1173 2063 publica

76 2067 95 2098 2
144 2063 299 2098 utilitate
332 2066 536 2105 exercetur,
569 2063 710 2107 privata
733 2066 854 2098 tamen
879 2066 943 2098 est.
992 2063 1050 2098 Ea
1082 2063 1171 2098 obli-

75 2109 183 2154 gatio,
209 2118 301 2154 quae
320 2108 413 2143 inter
434 2108 616 2143 dominum
637 2111 672 2143 et
691 2111 962 2153 procuratorem
975 2108 1172 2144 consistere

76 2154 178 2196 solet,
203 2153 364 2189 mandati
389 2153 568 2188 actionem
591 2153 696 2198 parit.
735 2153 929 2199 aliquando
953 2157 1074 2189 tamen
1099 2165 1171 2189 non

76 2199 302 2235 contrahitur
326 2198 495 2244 obligatio
519 2198 698 2234 mandati:
734 2199 829 2234 sicut
852 2199 988 2242 evenit,
1022 2210 1104 2234 cum
1134 2199 1171 2234 in

75 2255 149 2280 rem
182 2254 284 2280 suam
315 2247 586 2289 procuratorem
621 2247 846 2289 praestamus
883 2254 996 2289 eoque
1029 2244 1172 2280 nomine

75 2290 273 2326 iudicatum
305 2290 394 2325 solvi
423 2289 683 2334 promittimus:
718 2300 802 2324 nam
826 2289 857 2325 si
881 2300 928 2325 ex
953 2300 995 2325 ea
1018 2290 1170 2335 promis-

75 2335 175 2371 sione
200 2334 334 2380 aliquid
366 2334 651 2379 praestiterimus
665 2361 673 2377 ,
709 2346 783 2370 non
814 2335 994 2378 mandati,
1032 2336 1096 2371 sed
1128 2347 1172 2371 ex

74 2381 217 2416 vendito
252 2380 295 2423 (si
325 2379 559 2415 hereditatem
594 2379 828 2423 vendidimus)
873 2381 928 2416 vel
952 2391 996 2416 ex
1045 2381 1172 2416 ristina

76 2436 188 2461 causa
210 2425 372 2461 mandati
395 2436 499 2470 agere
523 2425 712 2461 debemus:
746 2429 788 2460 ut
810 2425 852 2460 fit
877 2436 958 2461 cum
982 2426 1008 2460 fi
1035 2427 1172 2462 eiussor

76 2474 95 2507 3
143 2482 245 2507 reum
279 2474 552 2516 procuratorem
588 2471 696 2506 dedit.
745 2471 780 2506 Is
818 2471 877 2506 cui
910 2471 1091 2507 hereditas
1129 2482 1172 2507 ex

76 2516 302 2552 Trebelliano
336 2519 482 2552 senatus
519 2516 682 2552 consulto
717 2517 884 2552 restituta
920 2520 973 2552 est
1005 2517 1172 2552 heredem

17 2604 19 2606 ‚
75 2565 96 2597 4
143 2563 219 2597 iure
244 2562 343 2597 dabit
367 2565 648 2607 procuratorem.
687 2561 758 2596 Sed
782 2565 817 2597 et
840 2561 1023 2597 dominum
1042 2563 1170 2615 pigno-

75 2607 123 2643 ris
157 2607 312 2642 creditor
343 2610 441 2642 recte
466 2606 566 2642 dabit
588 2610 857 2652 procuratorem
883 2607 929 2642 ad
953 2607 1170 2643 Servianam.

76 2656 95 2687 5
142 2652 256 2688 Porro
289 2652 319 2687 si
351 2652 414 2687 uni
438 2663 482 2688 ex
505 2652 575 2687 reis
602 2652 769 2687 credendi
794 2653 1029 2688 constitutum
1053 2654 1100 2689 sit
1123 2654 1170 2688 is-

76 2708 144 2743 que
169 2697 278 2733 alium
300 2698 338 2732 in
363 2697 596 2733 constitutam
619 2698 809 2742 pecuniam
833 2697 904 2740 det,
929 2709 1003 2733 non
1026 2699 1169 2744 negabi-

75 2753 154 2778 mus
185 2753 293 2788 posse
325 2742 420 2778 dare.
458 2742 522 2778 sed
554 2746 590 2777 et
614 2753 657 2778 ex
682 2742 822 2778 duobus
846 2743 916 2778 reis
940 2744 1171 2788 promittendi

76 2788 168 2823 alter
199 2788 351 2823 alterum
382 2788 428 2823 ad
459 2787 723 2823 defendendum
779 2791 1025 2824 roeuratorem
1058 2789 1169 2824 dabit.

76 2837 96 2868 6
145 2833 183 2868 Si
205 2834 327 2878 plures
351 2833 500 2869 heredes
525 2833 596 2868 sint
621 2837 656 2868 et
674 2833 713 2868 fa
777 2833 831 2868 ’ae
852 2834 1087 2869 erciscundae
1108 2838 1172 2869 aut

77 2878 255 2915 communi
279 2878 470 2914 dividundo
496 2882 641 2923 agatur,
676 2879 839 2923 pluribus
864 2879 1015 2914 eundem
1038 2890 1170 2925 procu-

75 2927 231 2959 ratorem
253 2934 327 2959 non
351 2927 405 2959 est
428 2924 702 2969 permittendum
722 2924 817 2967 dare,
844 2924 1011 2970 quoniam
1030 2935 1088 2960 res
1110 2935 1170 2960 ex-

75 2969 190 3014 pediri
213 2979 286 3005 non
310 2972 431 3014 potest
456 2969 552 3005 circa
576 2969 859 3005 adjudicationes
885 2973 921 3005 et
956 2970 1170 3005 condemna-

75 3014 210 3050 tiones:
247 3014 354 3059 plane
415 3014 666 3050 ermittendum
701 3014 805 3058 dare,
842 3015 872 3050 si
907 3015 970 3050 uni
1005 3015 1172 3051 coheredi

78 3062 94 3093 7
143 3060 264 3105 plures
287 3059 373 3095 here
400 3070 437 3095 es
463 3060 628 3095 existant.
677 3059 754 3095 Reo
779 3060 945 3096 latitante
967 3064 1052 3106 post
1074 3061 1172 3096 litem

78 3107 315 3140 contestatam
344 3105 396 3140 ita
428 3105 569 3140 demum
604 3105 832 3141 fideiussores
868 3116 949 3141 eum
981 3105 1172 3142 defendere

75 3149 299 3192 videbuntur,
326 3150 356 3185 si
378 3150 434 3185 vel
457 3161 550 3185 unus
576 3160 619 3185 ex
641 3151 697 3186 his
722 3161 802 3186 eum
826 3162 892 3196 pro
913 3151 1027 3187 solido
1049 3151 1170 3187 defen-

78 3194 158 3237 dat,
194 3195 249 3230 vel
284 3205 407 3231 omnes
438 3196 493 3230 vel
525 3196 610 3241 qui5
642 3206 686 3231 ex
717 3195 772 3231 his
805 3207 916 3232 unum
949 3196 1111 3232 dederint
1134 3197 1171 3231 in

78 3250 182 3285 quem
204 3240 374 3275 iudicium
396 3240 634 3276 transferetur
644 3241 668 3276 ⁶.

122 3283 175 3322 43
200 3284 310 3320 IDEM
328 3285 418 3321 libro
442 3297 539 3322 nono
563 3286 614 3321 ad
635 3285 789 3321 edictum
836 3287 959 3322 Mutus
985 3290 1021 3322 et
1040 3287 1171 3322 surdus

77 3340 140 3409 ger
163 3340 244 3365 eum
267 3330 412 3366 modum
435 3330 496 3376 qui
526 3331 720 3376 procedere
750 3335 871 3377 potest
901 3336 1171 3384 procuratorem

103 3385 163 3410 are
194 3385 268 3410 non
299 3376 574 3420 prohibentur⁷:
606 3375 760 3412 forsitan
791 3380 827 3412 et
849 3377 919 3422 ipSi
943 3377 1075 3413 dantur
1098 3388 1171 3412 non

81 3423 96 3453 1
148 3419 289 3465 quidem
302 3420 349 3455 ad
361 3421 549 3466 agendum,
562 3421 626 3456 sed
639 3421 686 3456 ad
698 3421 1031 3457 administrandum.
1082 3422 1170 3457 Cum

80 3468 270 3508 quaeretur
279 3465 303 3507 Β,
329 3475 375 3500 an
398 3466 506 3501 alicui
528 3470 797 3511 procuratorem
819 3467 952 3503 habere
975 3467 1092 3510 liceat,
1116 3467 1169 3502 in-

81 3509 301 3554 spiciendum
334 3510 417 3553 erit,
451 3521 498 3546 an
530 3522 604 3547 non
634 3511 869 3556 prohibeatur
898 3516 1170 3564 procuratorem

81 3556 100 3588 2
150 3554 254 3596 dare,
290 3555 375 3599 quia
407 3556 477 3591 hoc
514 3556 669 3592 edictum
702 3557 978 3602 prohibitorium
1014 3561 1078 3593 est.
1127 3557 1170 3591 In

85 3668 122 3707 (1)
147 3667 256 3698 necF
343 3667 385 3709 (2)
411 3669 554 3710 porteF
625 3670 667 3710 (3)
693 3670 949 3713 possitamenF
1021 3671 1064 3711 (4)
1089 3680 1166 3713 pro-

83 3709 211 3743 bitione
223 3711 259 3743 F
345 3712 388 3753 (5)
412 3712 465 3744 vel
478 3713 614 3754 quidam
627 3715 699 3747 dett.
783 3715 827 3756 (6)
851 3714 1090 3748 transferretur
1101 3727 1166 3750 scr.

83 3758 112 3794 7)
145 3754 392 3796 prohibeturF'
502 3758 546 3799 (8)
573 3761 733 3799 queratur
744 3759 822 3792 F⁶S
936 3761 980 3800 (9)
1006 3759 1089 3791 satis
1103 3760 1162 3792 ins.

1184 120 1236 168 41

1236 3669 1318 3702 Hal.

1235 3772 1302 3793 cum
1315 3760 1351 3792 Β

2230 126 2351 169 ΙΠ3

1249 245 1485 291 popularibus
1520 246 1742 289 actionibus,
1777 247 1839 282 ubi
1864 247 1943 293 quis
1969 247 2073 293 quasi
2097 258 2191 283 unus
2218 259 2262 284 ex
2286 259 2351 294 po-

1248 292 1333 337 pulo
1367 302 1389 327 a
1415 291 1459 334 't,
1493 290 1736 326 defensionem
1768 297 1809 327 ut
1831 297 2048 338 procurator
2070 296 2258 338 praestare
2291 304 2352 330 co-

1250 340 1269 372 3
1316 347 1385 382 gen
1411 347 1453 371 us
1486 347 1560 372 non
1593 340 1657 371 est.
1706 338 1760 380 Is,
1795 339 1856 382 qui
1891 343 2093 374 curatorem
2117 339 2224 374 alicui
2247 349 2351 384 prae-

1249 382 1341 418 senti
1371 385 1492 427 petat,
1527 392 1600 417 non
1633 382 1736 417 aliter
1761 383 1927 418 audietur
1951 384 2020 419 nisi
2045 384 2170 419 adulto
2197 395 2351 420 consen-

1247 427 1376 462 tiente:
1410 427 1507 472 quod
1538 427 1569 462 si
1600 427 1758 470 absenti,
1791 432 1908 463 ratam
1939 440 2015 464 rem
2040 440 2120 465 eum
2144 430 2351 465 habiturum

1249 476 1269 507 4
1317 483 1464 508 necesse
1487 472 1622 508 habet⁹
1646 473 1743 508 dare.
1782 474 1906 508 Poena
1926 486 1998 509 non
2021 475 2245 511 defendentis
2266 486 2351 521 pro-

1248 521 1267 552 5
1317 518 1496 553 curatoris
1520 518 1611 553 haec
1637 521 1702 561 est,
1727 522 1768 553 ut
1793 518 1987 564 denegetur
2012 521 2044 555 ei
2068 520 2174 556 actio.
2215 520 2253 556 Si
2265 531 2350 566 pro-

1249 567 1396 599 curator
1419 567 1505 609 agat
1530 568 1565 598 et
1588 574 1760 610 praesens
1785 564 1832 599 sit
1856 565 2014 600 absentis
2041 576 2183 609 servus,
2208 566 2349 601 Atilici-

1249 613 1268 644 6
1317 620 1384 644 nus
1417 609 1468 644 ait
1502 619 1603 645 servo
1639 609 1857 652 cavendum,
1890 620 1962 644 non
1994 612 2232 655 procuratori.
2283 611 2352 656 Qui

1247 665 1320 689 non
1345 655 1484 700 cogitur
1509 653 1700 690 defendere
1724 655 1928 698 absentem,
1953 659 2074 691 tamen
2098 658 2128 691 si
2152 657 2351 693 iudicatum

1248 700 1336 735 solvi
1360 700 1550 735 satisdedit
1574 699 1791 735 defendendi
1815 700 1973 736 absentis
1995 702 2121 746 gratia,
2150 703 2351 747 cogendum

1247 750 1519 790 procuratorem
1533 747 1561 767 ¹⁰
1583 745 1755 781 iudicium
1792 747 1976 791 accipere,
2010 757 2055 781 ne
2089 747 2289 792 decipiatur
2319 749 2351 784 is

1247 791 1309 871 qui
1333 791 1421 826 satis
1447 791 1606 836 accepit:
1640 801 1724 826 nam
1759 801 1840 834 eos,
1874 792 1935 836 qui
1968 803 2040 827 non
2074 797 2251 838 coguntur
2274 803 2350 829 rem

1273 835 1449 878 efendere,
1473 840 1557 881 post
1581 836 1852 872 satisdationem
1877 837 1966 882 cogi.
2003 837 2127 873 Labeo
2141 849 2251 874 causa
2267 850 2349 884 cog-

1247 882 1323 917 nita
1347 882 1639 927 temperandum,
1673 886 1708 917 et
1731 882 1763 918 si
1786 882 1905 928 captio
1932 883 2066 918 actoris
2090 883 2177 919 sit¹¹
2203 888 2351 929 propter

1245 927 1418 972 temporis
1442 931 1610 970 tractum,
1635 927 1808 963 iudicium
1834 939 1915 963 eum
1939 929 2105 974 accipere
2130 930 2348 981 cogendum:

1247 973 1345 1018 quod
1380 973 1411 1008 si
1447 977 1511 1008 aut
1546 973 1714 1008 adfinitas
1739 973 1927 1019 ‘dirempta
1961 974 2008 1009 sit
2042 977 2108 1009 aut
2139 974 2351 1011 immicitiae

1246 1019 1515 1054 intercesserint
1538 1023 1602 1053 aut
1626 1019 1722 1054 bona
1746 1019 1905 1054 absentis
1929 1019 2106 1064 possideri
2131 1021 2316 1065 coeperint

1292 1062 1347 1100 44
1380 1063 1576 1100 ULPIANUS
1597 1065 1689 1100 libro
1714 1065 1865 1111 septimo
1891 1065 2183 1111 disputationum
2230 1066 2287 1101 vel
2320 1066 2350 1101 si

1245 1109 1439 1155 longinquo
1477 1110 1524 1145 sit
1559 1109 1727 1145 afuturus
1764 1110 1819 1145 vel
1855 1110 1926 1145 alia
1961 1111 2058 1146 iusta
2094 1121 2206 1146 causa
2239 1111 2348 1146 inter-

1245 1155 1382 1190 venerit

1292 1199 1345 1237 45
1371 1182 1532 1236 I'Eiozvs
1553 1201 1645 1236 libro
1670 1212 1766 1236 nono
1792 1201 1843 1236 ad
1861 1201 2015 1237 edictum
2051 1213 2124 1238 non
2138 1202 2347 1248 cogendum.

1246 1245 1401 1281 Sabinus
1434 1249 1555 1281 autem
1588 1246 1704 1281 nullas
1728 1247 1905 1292 praetoris
1929 1250 2051 1292 partes
2077 1258 2156 1283 esse
2180 1248 2226 1283 ad
2252 1258 2349 1284 com-

1245 1292 1452 1337 pellendum
1485 1291 1696 1334 defendere,
1730 1292 1793 1327 sed
1826 1303 1870 1327 ex
1903 1292 2077 1337 stipulatu
2103 1293 2149 1329 ob
2175 1304 2251 1329 rem
2275 1304 2348 1328 non

1247 1337 1431 1372 defensam
1465 1336 1522 1382 agi
1553 1347 1678 1382 posse:
1713 1341 1752 1372 at
1765 1338 1792 1358 ¹2
1824 1337 1855 1373 si
1887 1337 2002 1373 iustas
2039 1349 2170 1374 causas
2204 1339 2348 1381 habeat,

1247 1393 1311 1418 cur
1333 1382 1506 1418 iudicium
1530 1383 1694 1427 accipere
1718 1383 1826 1425 nolit,
1860 1382 2090 1419 fideiussores
2125 1395 2198 1419 non
2221 1385 2348 1426 teneri,

1245 1429 1329 1473 quia
1352 1428 1406 1463 vir
1429 1428 1546 1463 bonus
1571 1428 1814 1463 arbitraturus
1835 1439 1909 1464 non
1928 1428 2048 1472 fuerit,
2074 1432 2115 1463 ut
2137 1429 2197 1474 qui
2217 1429 2349 1465 iustam

1245 1474 1514 1509 excusationem
1547 1473 1722 1515 adferret,
1757 1473 1949 1510 defendere
1983 1478 2179 1519 cogeretur.
2217 1475 2281 1510 sed
2315 1478 2350 1510 et

1245 1519 1275 1554 si
1298 1519 1387 1554 satis
1411 1529 1484 1554 non
1510 1518 1626 1562 dedit,
1653 1519 1716 1554 sed
1739 1520 2001 1564 repromittenti
2027 1519 2059 1555 ei
2083 1519 2260 1555 creditum
2282 1524 2347 1563 est,

1247 1567 1262 1599 1
1312 1564 1406 1599 idem
1438 1564 1669 1599 statuendum
1702 1568 1767 1599 est.
1817 1564 1885 1608 Qui
1909 1565 1960 1599 ita
1985 1564 2029 1600 de
2052 1565 2197 1610 publico
2224 1569 2349 1614 agunt,

1243 1612 1285 1644 ut
1309 1613 1345 1645 et
1368 1609 1546 1654 privatum
1572 1609 1798 1645 commodum
1824 1609 2038 1652 defendant,
2066 1620 2178 1646 causa
2204 1611 2348 1656 cognita

1243 1655 1501 1699 permittuntur
1512 1658 1782 1700 procuratorem
1803 1654 1900 1697 dare,
1922 1659 1957 1690 et
1976 1659 2105 1700 postea
2126 1656 2218 1692 alius
2239 1666 2348 1701 agens

1245 1703 1264 1734 2
1313 1700 1522 1745 exceptione
1546 1700 1749 1745 repelletur.
1788 1700 1826 1735 Si
1849 1701 2077 1745 procuratori
2102 1712 2192 1746 opus
2218 1712 2348 1737 novum

1244 1746 1449 1780 nuntiatum
1474 1746 1520 1780 sit
1543 1746 1643 1790 isque
1667 1745 1857 1781 interdicto
1883 1749 2007 1781 utatur
2032 1749 2088 1781 ‘ne
2114 1747 2145 1781 ei
2166 1747 2217 1782 vis
2233 1747 2261 1768 ¹³
2283 1746 2348 1782 fiat

1244 1790 1485 1833 ‘aedificanti'‚
1509 1790 1706 1826 defensoris
1728 1794 1850 1836 partes
1873 1801 1954 1826 eum
1975 1791 2153 1827 sustinere
2166 1803 2233 1828 nec
2248 1802 2345 1827 com-

1244 1836 1329 1880 pelli
1354 1846 1480 1871 cavere
1504 1840 1620 1871 ratam
1645 1847 1720 1871 rem
1746 1836 1929 1871 dominum
1953 1836 2161 1872 habiturum
2184 1837 2347 1873 Iulianus

1243 1882 1304 1923 ait,
1330 1885 1368 1917 et
1391 1882 1422 1917 si
1446 1881 1685 1924 satisdederit,
1711 1892 1783 1917 non
1808 1881 2052 1918 animadverto
2066 1909 2074 1925 ,
2098 1882 2215 1928 inquit
2239 1883 2345 1918 Iulia-

1242 1937 1322 1968 nus,
1348 1938 1418 1972 quo
1446 1937 1533 1962 casu
1558 1927 1742 1972 stipulatio
1770 1927 2026 1962 committatur.

1289 1970 1342 2009 46
1371 1973 1496 2008 GAIUs
1516 1972 1607 2008 libro
1634 1973 1739 2007 tertio
1765 1972 1816 2007 ad
1838 1972 1994 2008 edictum
2010 1973 2243 2020 provinciale
2279 1973 2347 2018 Qui

1241 2018 1387 2063 proprio
1413 2018 1557 2053 nomine
1579 2017 1750 2053 iudicium
1775 2017 1995 2063 accepisset,
2029 2018 2060 2054 si
2083 2018 2189 2054 vellet
2212 2029 2345 2063 procu-

1241 2067 1398 2099 ratorem
1423 2063 1520 2105 dare,
1545 2063 1583 2098 in
1604 2073 1709 2115 quem
1730 2066 1834 2098 actor
1853 2063 2052 2099 transferat
2070 2063 2255 2106 iudicium,
2282 2074 2346 2099 au-

1242 2108 1308 2144 diri
1334 2108 1440 2143 debet
1464 2108 1682 2144 sollemniter
1707 2119 1753 2144 ue
1776 2119 1841 2161 pro
1857 2109 1884 2129 ¹⁴
1907 2108 2106 2144 iudicatum
2130 2109 2219 2145 solvi
2240 2110 2345 2145 satis-

1245 2157 1259 2188 1
1310 2154 1455 2189 datione
1479 2164 1615 2189 cavere.
1700 2165 1711 2188 1
1736 2165 1796 2198 qui
1821 2153 1979 2189 defendit
2010 2165 2110 2197 eum,
2144 2155 2245 2190 cuius
2277 2166 2342 2190 no-

1242 2200 1335 2234 mine
1366 2199 1444 2244 ipse
1475 2210 1549 2235 non
1581 2203 1683 2244 agat,
1717 2199 1869 2234 liberum
1901 2203 1956 2234 est
1986 2200 2041 2235 vel
2072 2200 2110 2234 in
2133 2210 2243 2235 unam
2267 2211 2343 2235 rem

1242 2247 1261 2279 2
1310 2244 1510 2280 defendere.
1560 2244 1629 2289 Qui
1652 2245 1762 2279 alium
1786 2244 1957 2287 defendit,
1983 2245 2160 2280 satisdare
2185 2245 2343 2290 cogitur:

1242 2301 1345 2326 nemo
1379 2290 1471 2325 enim
1505 2290 1643 2326 alienae
1674 2290 1746 2325 litis
1770 2290 1921 2326 idoneus
1946 2290 2114 2326 defensor
2138 2291 2214 2326 sine
2239 2291 2343 2326 satis-

1242 2339 1261 2371 3
1311 2335 1456 2371 datione
1491 2335 1718 2380 intellegitur.
1767 2336 1857 2370 Item
1882 2336 2085 2381 quaeritur,
2120 2337 2150 2370 si
2173 2336 2344 2370 iudicium

1242 2381 1422 2426 acceperit
1448 2380 1615 2416 defensor
1640 2385 1674 2416 et
1699 2384 1801 2416 actor
1820 2381 1858 2415 in
1876 2381 2054 2425 integrum
2074 2382 2263 2416 restitutus
2285 2381 2343 2423 sit,

1242 2437 1289 2461 an
1314 2426 1496 2471 cogendus
1521 2426 1568 2461 sit
1591 2426 1854 2462 restitutorium
1886 2426 2056 2461 iudicium
2089 2426 2273 2471 accipere:
2309 2429 2344 2461 et

1241 2474 1263 2506 4
1309 2472 1422 2517 magis
1445 2472 1566 2516 placet
1592 2471 1801 2516 cogendum.
1843 2472 2065 2507 Procurator
2089 2475 2130 2506 ut
2152 2471 2190 2506 in
2215 2471 2343 2507 ceteris

1265 2528 1385 2562 uoque
1416 2517 1567 2562 negotiis
1624 2517 1783 2559 erendis,
1815 2517 1867 2551 ita
1899 2520 1937 2551 et
1969 2517 2007 2551 in
2030 2517 2152 2551 litibus
2178 2527 2222 2551 ex
2246 2517 2343 2552 bona

1241 2528 1312 2597 fide
1336 2562 1511 2597 rationem
1530 2562 1593 2597 red
1620 2573 1679 2597 ere
1700 2562 1816 2597 debet.
1849 2562 1973 2606 itaque
1993 2561 2090 2607 quod
2112 2572 2156 2597 ex
2171 2561 2234 2597 lite
2255 2572 2341 2597 con-

1241 2612 1388 2643 secutus
1421 2607 1488 2642 erit
1519 2607 1594 2643 sive
1616 2607 1863 2652 principaliter
1886 2606 2000 2651 ipsius
2024 2607 2078 2642 rei
2101 2606 2245 2643 nomine
2269 2607 2342 2643 sive

1243 2653 1465 2689 extrinsecus
1490 2653 1536 2688 ob
1563 2663 1642 2688 eam
1665 2663 1759 2695 rem,
1793 2651 1899 2687 debet
1933 2651 2095 2687 mandati
2126 2652 2259 2688 iudicio
2283 2663 2339 2687 re-

1241 2699 1389 2735 stituere
1401 2708 1515 2743 usque
1536 2698 1638 2740 adeo,
1663 2701 1704 2732 ut
1724 2700 1760 2732 et
1780 2697 1810 2732 si
1827 2707 1892 2742 per
1913 2707 2070 2733 errorem
2091 2701 2156 2733 aut
2174 2697 2341 2733 iniuriam

1240 2744 1368 2779 iudicis
1393 2754 1465 2778 non
1491 2743 1649 2778 debitum
1675 2746 1889 2778 consecutus
1910 2742 2032 2786 fuerit,
2056 2742 2094 2778 id
2106 2754 2176 2789 quo
2202 2753 2248 2779 ue
2260 2743 2340 2779 red-

1242 2793 1261 2823 5
1312 2789 1396 2824 dere
1410 2789 1549 2824 debeat.
1586 2788 1676 2823 Item
1701 2791 1828 2823 contra
1852 2788 1949 2833 quod
1973 2788 2020 2823 ob
2045 2798 2120 2823 rem
2143 2789 2180 2824 iu
2210 2789 2340 2824 'catam

1241 2837 1456 2879 procurator
1487 2833 1649 2876 solverit,
1684 2833 1864 2869 contrario
1889 2833 2051 2869 mandati
2082 2833 2215 2870 iudicio
2248 2834 2339 2869 reci-

1240 2890 1368 2924 perare
1393 2878 1517 2914 debet:
1550 2888 1704 2923 poenam
1727 2881 1866 2921 autem,
1923 2890 2008 2914 uam
2039 2889 2084 2914 ex
2117 2890 2182 2915 suo
2209 2879 2339 2914 delicto

1241 2928 1261 2960 6
1308 2924 1509 2969 praestitit,
1540 2924 1743 2968 reciperare
1766 2934 1839 2959 non
1864 2923 1908 2960 de
1935 2928 1980 2959 et.
2029 2924 2120 2960 Litis
2157 2925 2205 2959 im
2234 2924 2339 2959 endia

1240 2970 1337 3004 bona
1367 2969 1438 3004 fide
1468 2968 1569 3004 facta
1592 2969 1648 3004 vel
1672 2969 1717 3004 ab
1742 2969 1875 3005 actoris
1898 2974 2137 3015 procuratore
2160 2980 2202 3005 ve
2241 2980 2263 3004 a
2286 2969 2339 3004 rei

1242 3018 1260 3049 7
1309 3014 1438 3050 debere
1474 3014 1506 3049 ei
1539 3014 1680 3049 restitui
1715 3014 1877 3060 aequitas
1913 3015 2052 3050 suadet.
2115 3014 2153 3050 Si
2197 3015 2337 3050 duobus

1241 3060 1412 3094 mandata
1436 3059 1482 3095 sit
1506 3059 1767 3096 administratio
1791 3060 2034 3105 negotiorum,
2068 3071 2221 3105 quorum
2245 3060 2338 3094 alter

1241 3106 1382 3141 debitor
1395 3105 1442 3139 sit
1453 3105 1683 3148 mandatoris,
1709 3116 1755 3141 an
1780 3105 1870 3140 alter
1894 3116 1975 3141 cum
2000 3115 2041 3140 eo
2066 3108 2164 3141 recte
2189 3108 2336 3140 acturus

1241 3151 1312 3186 sit?
1336 3154 1371 3185 et
1395 3150 1518 3202 utique
1541 3153 1655 3186 recte:
1681 3161 1754 3186 non
1779 3150 1872 3186 enim
1897 3151 1943 3186 ob
1967 3150 2004 3185 id
2024 3150 2140 3186 minus
2162 3159 2336 3195 procura—

1239 3200 1297 3231 tor
1318 3195 1544 3240 intellegitur,
1570 3196 1666 3241 quod
1689 3196 1726 3232 is'
1744 3206 1886 3241 quoque
1911 3206 1990 3230 cum
2016 3206 2086 3239 quo
2111 3196 2228 3240 agitur
2251 3205 2334 3239 pro-

1242 3244 1387 3276 curator
1411 3240 1468 3275 sit.

1286 3284 1339 3322 47
1372 3285 1567 3321 IULIANUS
1594 3285 1686 3321 libro
1718 3290 1850 3332 quarto
1883 3286 1933 3321 ad
1972 3285 2131 3322 Urseium
2163 3285 2334 3319 Ferocem

1241 3331 1308 3375 Qui
1340 3330 1429 3366 duos
1458 3334 1712 3382 procuratores
1745 3331 1901 3367 omnium
1932 3341 2051 3366 rerum
2082 3340 2229 3366 suarum
2253 3328 2333 3363 reli-

1240 3376 1316 3422 quit
1329 3377 1366 3418 ¹⁵,
1399 3375 1468 3410 nisi
1501 3376 1709 3411 nominatim
1765 3376 1924 3421 raecepit
1954 3379 1995 3411 ut
2026 3376 2116 3410 alter
2148 3375 2193 3409 ab
2219 3374 2332 3408 altero

1239 3420 1429 3466 pecuniam
1452 3424 1570 3465 petat,
1596 3432 1669 3457 non
1693 3422 1726 3456 vi
1754 3425 1834 3457 etur
1856 3421 2065 3456 mandatum
2089 3419 2248 3454 utrilibet
2272 3428 2332 3453 eo-

1238 3477 1318 3501 rum
1342 3465 1493 3501 dedisse.
2161 3508 2169 3516 ‚

1285 3508 1338 3547 48
1367 3510 1491 3547 GAIUS
1510 3511 1601 3547 libro
1626 3512 1730 3547 tertio
1755 3511 1805 3546 ad
1826 3511 1981 3547 edictum
1995 3507 2224 3559 provinczale
2240 3507 2332 3559 ‚Ita-

1239 3566 1319 3601 que,
1344 3556 1375 3591 si
1397 3555 1467 3591 hoc
1487 3556 1689 3601 specialiter
1707 3556 1916 3591 mandatum
1938 3559 2002 3597 est,
2027 3559 2114 3589 tunc
2134 3555 2333 3598 excipiente

1413 3669 1474 3711 (1ο)
1499 3673 1753 3712 procuratorem
1767 3669 1830 3702 del.
1924 3669 1978 3708 (11)
2005 3668 2034 3699 si
2046 3667 2081 3699 F
2157 3667 2215 3708 (12)
2239 3668 2288 3700 sic
2300 3666 2330 3700 S

1237 3726 1305 3747 cum
1317 3715 1363 3756 B,
1379 3724 1417 3746 ac
1431 3714 1466 3747 F
1553 3716 1611 3756 (13)
1637 3715 1668 3747 ei
1680 3715 1731 3746 vis
1746 3715 1821 3756 SB,
1837 3714 1908 3746 eius
1922 3713 1956 3744 F
2044 3713 2100 3754 (14)
2126 3722 2188 3754 pro
2201 3722 2239 3744 eo
2253 3713 2328 3745 dett.

1444 3760 1502 3801 (15)
1528 3759 1693 3801 relinquit
1705 3759 1741 3791 F

2035 3816 2055 3846 6
