2528 3918
99 2938 105 2947 ¹
165 2933 339 2971 indebiti⁸
369 2945 409 2971 re

174 97 362 142 XXXVI
393 100 414 140 1

171 220 392 257 intellectum
407 218 643 256 restitutionis
655 219 812 256 indebito
829 219 1103 257 fideicommisso
1126 221 1260 257 consti-

173 269 264 302 tuto.
318 265 426 312 plane
462 265 493 300 si
526 263 839 302 fideicommissum
873 267 920 302 ab
954 276 995 302 eo
1028 276 1170 312 quoque
1201 266 1262 312 qui

173 315 301 357 postea
329 310 416 346 vicit
443 309 610 346 relictum
641 314 713 346 est:
749 311 833 356 quia
854 321 1041 357 possessor
1063 311 1100 347 in
1123 311 1262 347 ratione

172 354 375 392 reddendae
396 354 605 392 hereditatis
629 358 779 401 partem,
827 366 911 392 uam
935 355 1261 392 fideicommissario

172 400 339 443 restitnit,
363 400 488 437 heredi
507 403 663 446 reputat,
687 399 794 437 defen
853 404 974 447 potest
995 402 1155 437 actiones
1173 401 1261 437 Tre-

173 445 317 482 belliani
339 444 482 482 durare.

218 487 273 529 58
298 487 380 535 (56)
403 490 513 526 Ιυιι(
537 490 629 527 libro
658 493 808 538 septimo
831 502 1088 538 responsorum
1134 490 1263 526 Filiam

172 535 347 572 fratribus
371 535 479 572 certis
501 536 611 573 rebus
635 537 793 582 acceptis
817 535 1051 572 hereditatem
1074 535 1264 572 restituere

172 585 276 627 pater
305 580 434 617 voluit:
471 584 556 618 ante
577 582 779 618 restitutam
802 582 1037 617 hereditatem
1059 582 1097 617 in
1119 592 1262 627 posses-

175 626 311 663 sionem
333 626 542 663 hereditatis
565 625 676 663 filiam
706 637 847 672 quoque
870 627 962 662 mitti
1009 627 1132 663 lacuit.
1181 637 1263 662 oum

172 675 293 707 autem
312 671 452 708 interea
474 671 538 707 filii
559 682 618 708 res
642 672 818 708 bonorum
840 672 878 707 in
901 672 967 708 soli
991 683 1052 708 uin
1075 671 1261 708 distraxis-

172 721 270 759 sent,
299 716 386 753 item
409 716 499 754 alias
521 716 662 763 pignori
684 717 884 760 dedissent,
915 717 1114 754 hereditate
1136 721 1263 763 postea

172 762 339 798 restituta
352 762 515 798 constitit
531 772 576 798 ex
599 773 642 799 eo
665 762 764 798 facto
788 766 989 798 ceterarum
1012 773 1154 809 quoque
1177 773 1261 808 por-

172 807 310 843 tionum
332 806 566 851 venditiones,
588 808 674 843 item
695 807 847 853 pignora
871 807 1087 844 confirmari.

218 850 273 891 59
298 850 364 894 (57
402 851 512 889 loru
530 852 622 889 libro
646 859 773 889 octavo
796 863 1054 900 responsorum
1091 853 1261 889 ‘Heredes

173 898 264 941 ‘mei,
288 897 351 951 qui
367 897 461 978 guid
479 897 527 934 ad
544 908 606 934 eos
628 908 673 934 ex
693 897 889 934 hereditate
906 898 1054 951 bonisve
1072 898 1159 934 meis
1179 908 1261 951 per-

173 947 330 987 ‘venerit,
353 943 367 978 i
408 953 513 979 omne
527 947 612 989 post
627 947 776 979 mortem
793 954 894 979 suam
909 947 1101 980 restituant
1123 948 1263 989 patriae

173 992 284 1025 ‘meae
308 987 469 1025 coloniae
491 989 835 1025 Beneventanorum'
850 990 879 1025 ¹:
903 989 991 1025 nihil
1016 988 1060 1026 de
1082 988 1262 1024 fructibus

171 1033 350 1079 pendente
365 1033 575 1070 condicione
589 1033 769 1080 perceptis
783 1034 934 1080 petitum
955 1034 1065 1070 videri
1090 1033 1260 1070 constitit.

175 1083 189 1114 1
240 1079 331 1116 Cum
359 1078 413 1115 ita
443 1079 563 1115 fuerat
585 1079 775 1125 scriptum:
807 1079 902 1115 ‘fidei
924 1079 1079 1115 filiorum
1102 1089 1263 1115 meorum

171 1125 379 1168 ‘committo,
415 1128 472 1168 ut,
495 1124 529 1161 si
551 1124 631 1170 quis
656 1134 779 1161 eorum
803 1124 879 1160 sine
902 1124 1023 1161 liberis
1042 1125 1146 1177 prior
1169 1124 1262 1160 diem

172 1171 287 1206 ‘suum
304 1170 444 1213 obierit,
468 1172 607 1215 partem
623 1180 726 1206 suain
746 1180 791 1206 su
816 1169 931 1206 erstiti
948 1169 1053 1205 fratri
1075 1170 1260 1206 restituat:

172 1214 281 1260 ‘quod
305 1215 337 1251 si
361 1218 513 1260 uterque
530 1215 608 1251 sine
630 1214 753 1251 liberis
803 1214 870 1251 'em
894 1225 999 1251 suum
1023 1215 1162 1260 obierit,
1186 1226 1261 1251 om-

171 1264 263 1296 ·nem
298 1259 532 1296 hereditatem
554 1260 602 1296 ad
624 1263 767 1306 neptem
789 1270 904 1296 meam
927 1259 1114 1296 Claudiam
1137 1270 1261 1313 perve-

171 1305 261 1341 ‘nire
274 1305 385 1341 volo':
413 1304 585 1342 defuncto
608 1305 721 1341 altero
746 1305 939 1351 superstite
960 1305 1046 1348 filio,
1071 1306 1261 1342 novissimo

170 1356 290 1387 autem
310 1350 387 1386 sine
407 1350 531 1387 liberis
554 1350 671 1396 neptis
720 1349 810 1386 rima
833 1350 974 1396 quidem
996 1350 1091 1388 facie
1111 1355 1261 1397 propter

172 1395 392 1432 condicionis
424 1395 535 1432 verba
562 1406 637 1432 non
667 1361 807 1431 agmitti
834 1395 1042 1432 videbatur:
1079 1396 1144 1433 sed
1180 1407 1261 1433 cum

168 1441 207 1477 in
237 1440 520 1478 fideicommissis
543 1441 761 1477 voluntatem
785 1442 942 1487 spectari
966 1441 1170 1485 conveniat,
1196 1443 1260 1477 ab·

170 1486 319 1523 surdum
349 1496 431 1522 esse
458 1486 629 1541 respondi
660 1490 824 1523 cessante
854 1487 972 1532 prima
1007 1487 1262 1524 substitutione

169 1531 281 1577 partis
301 1531 402 1577 nepti
423 1531 633 1578 petitionem
656 1531 726 1568 den
813 1531 834 1575 ‘,
860 1542 967 1578 quam
990 1535 1105 1568 totum
1129 1533 1261 1569 habere

169 1576 281 1612 voluit
313 1587 420 1620 avus,
455 1576 487 1613 si
509 1576 723 1614 novissimus
781 1577 869 1613 atris
893 1588 1036 1623 quoque
1058 1578 1260 1623 portionem

170 1625 190 1659 2
236 1622 466 1668 suscepisset.
510 1622 609 1659 ‘Peto
627 1622 671 1659 de
684 1626 734 1666 te,
758 1633 851 1659 uxor
866 1623 1052 1659 carissima
1062 1625 1087 1666 ²,
1112 1623 1260 1659 uticum

169 1667 343 1704 ‘morieris
374 1667 610 1704 hereditatem
641 1678 758 1704 meam
786 1668 956 1704 restituas
987 1668 1069 1705 filiis
1094 1668 1182 1705 meis
1206 1669 1262 1705 vel

170 1712 245 1749 ‘uni
271 1723 397 1749 eorum
426 1712 483 1750 vel
516 1714 708 1759 nepotibus
731 1713 820 1750 meis
842 1714 923 1750 vel³
947 1714 1005 1750 cui
1027 1713 1182 1750 volueris
1205 1714 1262 1750 vel

169 1758 344 1804 ‘cognatis
360 1758 448 1795 meis
468 1758 522 1795 si⁴
547 1758 606 1795 cui
629 1759 728 1795 voles
752 1769 796 1795 ex
818 1763 897 1795 tota
921 1759 1133 1813 cognatione
1157 1760 1260 1795 mea'.

168 1804 262 1840 inter
274 1803 368 1840 filios
391 1804 562 1850 respondi
584 1804 877 1840 substitutionem
899 1804 1165 1841 fideicommissi
1183 1804 1260 1841 fac-

167 1853 243 1884 tam
258 1848 379 1893 videri,
404 1849 503 1885 circa
526 1860 571 1885 ne
598 1853 675 1886 otes
699 1853 819 1885 autem
843 1851 902 1886 et⁶
926 1854 1065 1887 ceteros
1089 1854 1260 1896 cognatos

169 1894 378 1930 facultatem
394 1894 547 1940 eligendi
608 1898 700 1931 tam:
726 1905 771 1931 ex
788 1895 917 1931 ceteris
941 1899 1062 1931 autem
1087 1896 1259 1941 cognatis,

168 1940 200 1976 si
215 1943 364 1985 nepotes
384 1943 626 1985 superessent,
651 1951 724 1976 non
739 1944 838 1976 recte
855 1940 1039 1977 mulierem
1064 1941 1261 1977 electuram

168 1989 317 2031 propter
329 1985 462 2066 {radus
477 1985 743 2022 fideicommissi
753 1987 767 2008 ⁰
780 1986 1043 2038 praescriptos:
1069 1986 1258 2022 deficiente

168 2041 252 2084 vero
265 2040 331 2076 gra
357 2041 381 2065 u
395 2034 568 2076 nepotum
583 2041 627 2066 ex
646 2034 808 2076 cognatis
831 2041 939 2077 quam
962 2031 1047 2067 velit
1070 2042 1260 2077 personam

296 2085 388 2112 osse.

168 2075 376 2164 ὼὲΟΡῶΒ)
401 2119 508 2156 Imm
535 2120 627 2157 libro
659 2132 756 2157 nono
784 2131 1042 2168 responsorum
1095 2121 1261 2158 Deducta

167 2169 270 2212 parte
307 2169 438 2212 quarta
472 2166 662 2202 restituere
690 2169 838 2220 rogatus
869 2166 1124 2210 hereditatem,
1160 2168 1259 2213 prius

169 2221 276 2257 quain
306 2211 531 2254 restitueret,
560 2211 777 2248 hereditario
810 2211 965 2247 debitori
995 2212 1100 2248 heres
1129 2212 1258 2248 extitit.

168 2257 337 2302 quoniam
360 2256 455 2293 actio
479 2266 523 2293 eo
547 2256 699 2292 confusa
720 2267 786 2302 per
810 2257 1077 2293 Trebellianum
1103 2257 1258 2294 redinte-

166 2302 263 2347 grari
278 2312 351 2338 non
365 2305 496 2348 potest,
510 2301 688 2355 pecuniae
703 2312 846 2348 quoque
868 2302 1010 2338 debitae
1033 2302 1191 2339 dodrans
1216 2314 1259 2339 ex

167 2357 279 2383 causa
309 2346 573 2383 fideicommissi
602 2350 757 2393 petetur.
800 2347 869 2391 sed
891 2348 930 2383 in
953 2358 1034 2384 eum
1058 2347 1161 2391 diem,
1187 2359 1258 2394 quo

167 2392 262 2428 actio
294 2392 448 2429 confusa
478 2396 552 2435 est,
586 2403 718 2430 usurae
747 2392 935 2439 praeteriti
957 2393 1140 2439 temporis,
1166 2404 1258 2439 quae

166 2438 205 2473 in
220 2437 439 2483 obligatione
452 2437 508 2474 vel
530 2437 568 2473 in
591 2437 711 2474 officio
734 2438 864 2474 iudicis
887 2438 1045 2483 fuerunt,
1071 2443 1256 2485 computa-

167 2483 319 2519 buntur:
344 2482 554 2529 posterioris
566 2483 619 2519 ita
634 2482 787 2527 demum,
812 2483 844 2520 si
862 2494 963 2520 mora
979 2483 1256 2521 -fideicommisso

170 2531 185 2564 1
234 2528 334 2564 facta
363 2528 422 2565 sit.
471 2527 561 2565 Cum
584 2528 765 2565 hereditas
790 2539 835 2565 ex
860 2539 971 2565 causa
994 2529 1257 2566 fideicommissi

166 2573 203 2609 in
239 2577 381 2620 tempus
417 2573 640 2610 restituenda
677 2578 749 2617 est,
788 2585 861 2611 nou
899 2574 1034 2611 idcirco
1074 2575 1256 2611 nominum

165 2617 365 2664 periculum
387 2618 435 2655 ad
457 2618 625 2655 heredem
648 2619 859 2665 pertinebit,
886 2619 983 2673 quod
1005 2620 1110 2656 heres
1134 2630 1157 2656 a
1180 2620 1256 2701 ‹zui-

167 2668 187 2699 2
233 2664 386 2700 busdam
404 2665 594 2710 pecuniam
617 2664 785 2710 exegerit.
833 2664 902 2710 Qui
924 2668 1008 2710 post
1029 2669 1171 2718 tempus
1220 2676 1256 2702 e-

166 2708 354 2745 reditatem
389 2709 579 2746 restituere
617 2710 789 2755 rogatui-⁷
817 2720 947 2747 usuras
982 2720 1005 2746 a
1036 2710 1256 2748 debitoribus

165 2754 389 2790 hereditariis
404 2758 604 2808 perceptas,
629 2765 781 2801 quarum
802 2755 878 2792 dies
901 2759 985 2801 post
1006 2759 1156 2792 mortem
1179 2767 1256 2793 cre-

167 2797 293 2853 ditoris
327 2803 453 2842 cessit,
490 2800 680 2837 restituere
713 2811 786 2836 non
822 2801 978 2846 cogitur:
1019 2801 1148 2847 quibus
1183 2812 1256 2838 non

166 2848 304 2881 exactis
320 2844 477 2880 omnium
500 2855 693 2882 usurarum
715 2846 811 2882 actio
835 2852 932 2887 (nam
954 2846 1169 2883 hereditaria
1192 2847 1254 2884 sti-

166 2888 302 2943 pulatio
327 2888 407 2932 fuit)
433 2900 477 2926 ex
501 2890 728 2942 {Trebelliano
752 2891 1000 2935 transferetur,
1027 2895 1064 2928 et
1084 2892 1165 2928 ideo
1189 2903 1256 2929 nec

455 2935 534 2971 titio
559 2936 637 2972 erit.
686 2946 729 2973 ac
752 2936 915 2974 similiter
936 2936 1153 2974 hereditario
1178 2948 1255 2974 cre-

166 2979 275 3016 ditori
296 2979 328 3016 si
350 2990 386 3015 m
434 2979 455 2989 ''
479 2983 551 3016 tem
579 2981 650 3018 oris
672 2992 746 3018 non
769 2981 955 3018 solvantur
977 2993 1126 3027 usurae,
1155 2982 1255 3020 fidei-

166 3025 449 3063 commissarium
487 3025 525 3061 in
589 3027 618 3062 's
648 3037 790 3073 quoque
819 3027 1083 3064 Trebellianum
1121 3029 1257 3064 tenebit

166 3081 232 3107 nec
248 3069 330 3107 ideo
344 3069 524 3116 querellae
538 3071 641 3107 locus
662 3072 739 3116 erit,
764 3072 860 3118 quod
879 3072 924 3109 de
937 3072 1115 3109 fructibus
1138 3073 1254 3117 heres,

166 3126 256 3162 quos
271 3115 351 3152 iure
365 3125 432 3152 suo
446 3116 702 3162 percipiebat⁹‚
726 3117 853 3154 faenus
871 3129 943 3155 nou
962 3118 1123 3155 solverit.
1159 3119 1255 3164 quod

167 3161 198 3197 si
228 3160 356 3198 faenus
387 3161 492 3197 lieres
522 3161 630 3197 medii
657 3163 830 3208 temporis
853 3163 1015 3207 solverit,
1047 3174 1090 3200 eo
1114 3164 1255 3200 nomine

164 3217 239 3243 non
272 3206 342 3242 erit
374 3205 527 3243 retentio
585 3216 666 3242 cum
721 3208 881 3253 roprium
916 3220 941 3244 n
985 3208 1097 3245 otium
1130 3209 1254 3254 gessit,

165 3233 608 3334 assumtam..
609 3252 1253 3345 sai‘tissssffiapfitsfflffi

165 3341 280 3388 ceptis
311 3345 455 3378 centum
484 3341 718 3379 hereditatem
746 3347 894 3388 rogatus
923 3344 1113 3380 restituere
1141 3348 1253 3381 totam

232 3387 354 3423 uniam
389 3387 469 3424 iure
501 3386 683 3424 Falcidiae
715 3388 902 3440 percipere
932 3389 1090 3433 videtur,
1128 3393 1166 3426 et
1201 3390 1253 3426 ita

190 3432 199 3440 ’
224 3432 232 3440 ⁰
264 3431 440 3468 Hadriani
470 3432 684 3500 rescriptum
715 3433 934 3469 intellectum
966 3439 1039 3478 est,
1070 3438 1251 3481 tamquam

164 3476 196 3513 si
217 3487 263 3514 ex
286 3477 391 3514 bonis
413 3488 578 3515 nummos
606 3479 617 3501 ¹
640 3481 846 3514 retenturus
868 3478 1006 3516 fuisset.
1046 3480 1143 3526 quod
1164 3484 1252 3516 tunc

164 3593 203 3632 (ι)
226 3590 621 3626 beneventavonorumF'
675 3595 719 3632 (2)
741 3589 926 3625 elai-issima
939 3593 974 3625 F
1017 3594 1061 3634 (3)
1085 3592 1138 3627 vel
1151 3593 1253 3628 dats

164 3638 207 3678 (4)
232 3637 590 3679 cognatismeinidel.
694 3638 740 3680 (ὁ)
763 3637 915 3672 etom.F
1015 3639 1059 3680 (ο)
1083 3637 1250 3672 fideicom-

164 3681 337 3715 mi-oser.
408 3684 452 3723 (τ)
475 3682 701 3725 rogatum-F
763 3683 809 3723 (s)
832 3681 1047 3715 indebitusF'
1109 3684 1152 3723 (e)
1176 3693 1251 3726 pes·-

163 3726 319 3759 ciebat?
378 3731 437 3770 (ιο)
462 3727 707 3770 imputabimF
767 3729 825 3770 (u)
849 3727 1032 3761 nummos
1094 3733 1151 3770 (12)
1175 3738 1252 3762 oum

1250 94 1335 143 530
1574 73 1578 107 ⁶
1604 132 1627 139 u

1515 5 1585 67 Ἣ

1831 113 1895 145 ΔΙ)
1923 114 2119 148 smu'rus
2148 115 2412 149 consumma

1330 230 1470 266 quoque
1492 222 1779 268 respondendum
1801 228 1875 268 est,
1907 235 1988 260 cum
2018 234 2084 270 pro
2108 228 2213 272 parte
2235 226 2413 263 heredita·

1329 269 1400 301 tem
1432 266 1601 321 coheredl
1631 279 1697 305 suo
1726 270 1914 306 restituere
1936 274 2095 315 rogatur.
2142 270 2282 308 diversa
2303 282 2414 308 causa

1330 314 1386 347 est
1420 312 1649 356 praediorum
1683 325 1750 360 pro
1786 315 2000 351 hereditaria
2038 319 2142 361 parte
2177 320 2412 353 retentorum:

1331 356 1414 401 quip
1441 367 1461 409 e
1499 359 1652 403 pecunia
1686 359 1800 396 omnis
1837 360 1880 395 de
1913 361 2078 413 portione
2108 361 2252 398 retineri
2282 366 2412 408 potest,

1329 411 1397 446 pra
1456 412 1557 438 orum
1587 407 1705 440 autem
1736 404 1808 440 alia
1835 410 1952 450 portio
1985 416 2057 441 non
2088 406 2157 441 nisi
2180 416 2203 442 a
2227 407 2411 450 coherede,

1331 445 1399 499 qui·
1415 446 1611 484 dominium
1632 448 1760 492 habet,
1787 451 1972 496 accipitur.
2021 461 2101 486 cum
2125 454 2246 487 autem
2266 452 2414 498 praedia

1330 492 1473 527 maioris
1512 493 1619 539 pretii
1655 504 1763 548 quam
1800 496 1916 540 portio
1957 495 2163 532 hereditatis
2201 501 2321 533 essent
2377 498 2413 532 in

1331 546 1373 590 su
1391 535 1513 590 ‘erfluo
1546 538 1780 593 praediorum·
1807 541 1942 585 petenti
1972 541 2298 578 fideicommissario
2328 525 2413 577 hal-

1331 592 1365 617 ci
1402 592 1460 618 am
1497 587 1709 620 intervenire
1747 595 1860 620 visum
1896 590 1967 622 est:
2011 590 2281 622 concurrentem
2320 587 2412 623 enim

1331 629 1351 662 4
1397 628 1586 672 pecuniam
1619 630 1830 674 conpensari
1859 630 2005 675 placuit.
2060 631 2302 668 Hereditatem
2332 636 2414 677 post

1331 677 1480 708 mortem
1517 683 1618 709 suam
1655 674 1813 720 exceptis
1844 676 2018 712 reditibus
2049 677 2237 713 restituere
2267 682 2413 722 rogatus

1330 718 1539 754 ancillarum
1571 722 1696 764 partus
1726 730 1799 756 non
1828 721 1995 757 retinebit
2025 732 2090 758 nec
2115 721 2209 758 fetus
2233 732 2413 767 pecorum,

1330 766 1350 797 5
1398 764 1460 808 qui
1490 764 1669 800 summissi
1697 774 1837 810 gregem
1867 766 2033 802 retinent.
2079 767 2174 803 Ante
2199 767 2291 803 diem
2313 766 2412 802 fidei-

1330 808 1509 846 commissi
1533 808 1715 846 cedentem
1739 810 1878 846 fructus
1902 815 1939 846 et
1960 822 2103 855 usurae,
2129 822 2220 857 quas
2235 811 2413 848 debitores

1328 853 1534 890 hereditarii
1552 864 1634 890 cum
1648 858 1778 907 postea
1792 865 1836 891 ac
1855 860 1972 892 cesset
1986 858 2012 877 ¹²
2028 856 2103 893 dies
2117 857 2310 900 solverunt,
2330 858 2413 893 item

1330 898 1509 935 mercedes
1533 899 1761 945 praediorum
1784 901 1829 935 ab
1844 901 1871 922 ¹³
1894 901 2023 937 herede
2046 906 2238 948 perceptae
2259 903 2414 948 portioni

1330 947 1350 980 6
1398 944 1607 990 quadrantis
1620 945 1900 991 imputabuntur.
1931 946 2019 982 Cum
2035 951 2152 982 autem
2169 951 2252 992 post
2265 951 2412 983 mortem

1330 999 1432 1025 suam
1456 993 1603 1035 rogatus
1626 990 1858 1026 hereditatem
1888 991 2076 1027 restituere
2099 1002 2156 1027 res
2180 992 2413 1028 hereditarias

1330 1034 1528 1071 distrahere
1544 1045 1616 1071 non
1636 1039 1785 1080 cogatur
1804 1036 1918 1078 heres,
1939 1037 2097 1081 sortium,
2118 1046 2212 1082 quae
2230 1036 2273 1073 de
2291 1037 2413 1083 pretiis

1330 1090 1452 1115 earum
1475 1080 1588 1125 redigi
1610 1084 1821 1126 potuerunt,
1854 1091 1985 1117 usurae
2012 1092 2078 1127 pro
2105 1086 2159 1117 ter
2182 1092 2286 1118 usum
2310 1082 2414 1118 medii

1328 1125 1500 1171 temporis
1516 1129 1709 1171 perceptae
1722 1136 1796 1162 non
1812 1126 2043 1162 videbuntur:
2092 1128 2148 1163 eiii
2174 1137 2220 1163 ue
2238 1138 2303 1163 nec
2320 1128 2410 1173 peri-

1330 1170 1450 1206 culum
1470 1171 1729 1216 mancipiorum
1748 1175 1813 1206 aut
1829 1171 2047 1207 urbanorum
2064 1182 2131 1218 pra
2178 1171 2291 1208 ‘orum
2311 1183 2412 1218 prae-

1329 1219 1427 1252 stare
1451 1216 1608 1261 cogitur:
1633 1216 1698 1252 sed
1720 1216 1830 1252 nihilo
1854 1216 1969 1252 minus
1994 1227 2080 1254 usus
2104 1221 2140 1254 et
2162 1227 2268 1254 casus
2293 1228 2412 1254 eorum

1330 1265 1348 1295 Ἰ
1397 1261 1631 1307 quadrantem
1654 1271 1796 1307 quoque
1820 1262 2000 1298 deminuit.
2039 1262 2142 1308 Quod
2157 1273 2201 1298 ex
2219 1262 2415 1299 hereditate

1328 1306 1713 1398 ffliffssissfikerissffi
1749 1311 1947 1389 322955235
1960 1308 2230 1389 tresis&
2255 1313 2413 1406 1233?

1981 1398 2098 1434 uidem
2120 1398 2326 1434 hereditatis
2351 1398 2413 1434 ad·

1972 1443 2205 1480 ditamentum
2229 1454 2301 1480 non
2323 1444 2413 1480 reci-

1328 1408 1410 1433 cum
1441 1407 1485 1433 ea
1515 1398 1625 1433 verba
1655 1397 1929 1434 deminutionem

1329 1443 1491 1486 mittant,
1524 1442 1707 1478 fructuum
1720 1444 1748 1465 ¹⁵
1776 1447 1895 1479 autem

1330 1491 1349 1523 8
1397 1488 1508 1534 piant.
1555 1487 1669 1524 Heres
1694 1488 1781 1532 eius,
1806 1489 1866 1534 qui
1890 1489 2066 1525 bonorum
2088 1487 2308 1535 superfluum
2331 1494 2415 1535 post

1328 1537 1478 1570 mortem
1510 1543 1612 1569 suam
1638 1533 1827 1570 restituere
1850 1532 1970 1570 fuerat
1991 1545 2031 1570 ro
2057 1538 2155 1577 atus,
2186 1534 2326 1580 pignori
2355 1545 2413 1570 res

1327 1578 1562 1615 hereditarias
1590 1578 1711 1622 datas,
1743 1579 1773 1614 si
1796 1590 1868 1614 non
1891 1579 1928 1615 in
1951 1580 2033 1615 frau
2058 1590 2114 1616 em
2135 1579 2175 1615 id
2195 1579 2333 1616 factum
2356 1580 2413 1621 sit,

1328 1624 1481 1660 liberare
1504 1634 1577 1660 non
1602 1624 1749 1669 cogitur.

1374 1667 1424 1707 61
1454 1666 1538 1713 (59)
1562 1668 1722 1705 Panes
1742 1669 1833 1706 libro
1858 1673 1988 1715 quarto
2013 1670 2261 1716 quaestionum
2303 1669 2413 1706 Debi-

1328 1718 1386 1750 tor
1409 1714 1477 1750 sub
1500 1714 1649 1760 pignore
1673 1714 1883 1750 creditorem
1905 1714 2072 1750 heredem
2091 1714 2246 1750 instituit
2262 1726 2414 1761 euinque

1327 1759 1466 1805 rogavit
1484 1760 1674 1796 restituere
1693 1759 1926 1796 hereditatem
1942 1759 2038 1796 filiae
2055 1770 2154 1803 suae,
2173 1759 2212 1796 id
2230 1765 2285 1797 est
2302 1764 2413 1797 testa-

1327 1806 1434 1841 toris:
1465 1816 1547 1841 cum
1570 1804 1681 1840 nollet
1704 1805 1804 1841 adire
1827 1809 1867 1840 ut
1890 1810 2112 1850 suspectam,
2142 1810 2289 1842 coactus
2311 1806 2412 1842 iussu

1327 1850 1503 1896 praetoris
1535 1849 1612 1886 adit
1644 1854 1680 1886 et
1710 1850 1879 1886 restituit:
1918 1860 1999 1886 cum
2032 1854 2227 1904 emptorem
2256 1852 2412 1897 pignoris

1328 1907 1401 1932 non
1428 1896 1619 1939 inveniret,
1651 1895 1877 1932 desiderabat
1900 1895 2055 1948 permitti
2078 1896 2146 1932 sibi
2168 1896 2247 1932 iure
2269 1896 2413 1932 dominii

1327 1940 1365 1977 id
1386 1941 1583 1987 possidere.
1629 1940 1817 1987 respondi:
1851 1941 2007 1977 aditione
2037 1940 2178 1987 quidem
2206 1941 2411 1978 hereditatis

1329 1986 1480 2023 confusa
1503 1986 1672 2040 obligatio
1697 1990 1767 2022 est:
1793 1985 1972 2022 videamus
1995 1991 2133 2030 autem,
2156 1997 2202 2023 ne
2226 1992 2261 2022 et
2283 1987 2410 2033 pignus

1326 2031 1518 2068 liberatum
1557 2036 1605 2068 sit
1641 2031 1785 2067 sublata
1823 2031 1979 2067 naturali
2014 2031 2239 2077 obligatione.
2287 2033 2411 2079 atquin

1327 2077 1402 2113 sive
1424 2076 1585 2123 possidet
1607 2077 1762 2113 creditor
1784 2081 1888 2113 actor
1909 2076 2072 2122 idemque
2101 2078 2206 2114 heres
2235 2088 2311 2114 rem
2340 2078 2412 2114 sive

1328 2122 1592 2203 naphposgden
1615 2121 1798 2204 vigelagliius
1822 2122 1867 2175 de
1885 2122 2020 2203 seffectu
2041 2122 2104 2158 rei.
2137 2126 2178 2176 ‘et
2195 2122 2225 2158 si
2243 2122 2412 2211 pgstsidet,

1327 2179 1352 2203 n
1449 2178 1492 2203 ac
1523 2177 1591 2204 one
1614 2178 1637 2203 a
1739 2178 1883 2203 commis
1904 2178 1980 2204 ario
1999 2178 2178 2204 convemri
2222 2178 2242 2203 0
2281 2178 2298 2204 s
2349 2178 2411 2204 ne-

1351 2223 1397 2249 ue
1412 2212 1659 2259 pigneraticia,
1683 2213 1851 2259 quoniam
1866 2212 2082 2249 hereditaria
2097 2217 2152 2249 est
2167 2179 2274 2257 agtio,
2297 2224 2412 2259 neque

1354 2258 1650 2301 deicommissum‚
1665 2258 1769 2304 quasi
1783 2259 1899 2294 minus
1915 2258 2119 2302 restituerit,
2136 2262 2234 2295 recte
2249 2262 2408 2305 petetur:

1326 2303 1424 2384 guod
1447 2303 1613 2347 eveniret,
1638 2304 1667 2340 si
1691 2303 1827 2339 nullum
1846 2304 1974 2349 pignus
1993 2303 2271 2340 intercessisset:
2295 2305 2410 2357 possi-

1351 2352 1388 2384 et
1400 2348 1494 2384 enim
1510 2359 1588 2384 eam
1609 2359 1685 2385 rem
1708 2349 1811 2394 quasi
1834 2348 2000 2384 creditor.
2048 2349 2111 2385 sed
2129 2352 2167 2384 et
2182 2349 2214 2385 si
2231 2348 2410 2386 fideicom-
2459 2378 2463 2383 .

1325 2394 1509 2430 missarius
1532 2403 1607 2430 rem
1630 2398 1768 2437 teneat,
1799 2398 1836 2430 et
1863 2394 1923 2429 hic
1946 2393 2117 2430 Serviana
2139 2394 2235 2430 actio
2259 2395 2409 2431 tenebit:

1326 2449 1448 2475 verum
1475 2443 1534 2485 est
1561 2439 1654 2475 enim
1677 2450 1750 2475 non
1772 2449 1852 2475 esse
1874 2438 2028 2475 solutam
2050 2439 2256 2484 pecuniam,
2289 2450 2409 2485 quem-

1325 2483 1516 2520 admodum
1539 2483 1699 2527 dicimus,
1725 2495 1805 2520 cum
1828 2484 1960 2520 amissa
1983 2488 2038 2520 est
2061 2484 2156 2520 actio
2179 2495 2244 2530 pro
2270 2489 2325 2521 ter
2347 2495 2409 2521 ex·

1326 2530 1538 2575 ceptionem.
1590 2529 1700 2583 igitur
1729 2540 1802 2565 non
1831 2533 1973 2566 tantum
1995 2529 2166 2574 retentio,
2206 2540 2223 2565 s
2301 2530 2409 2566 etiam

1325 2575 1448 2622 petitio
1487 2575 1646 2621 pignoris
1686 2575 1827 2611 nomine
1849 2575 2035 2622 ,competit
2071 2578 2108 2611 et
2143 2574 2300 2611 solutum
2336 2587 2408 2612 non

1325 2623 1518 2711 gatar·
1555 2619 2409 2711 sesssszeffatsraffttsfflff

1324 2711 1526 2757 pellendum
1550 2711 1666 2754 adire,
1697 2710 1768 2748 nisi
1796 2711 1896 2757 prius
1928 2710 1973 2747 de
2002 2709 2232 2747 indemnitate
2259 2715 2354 2748 esset
2376 2711 2409 2747 ei

1326 2760 1470 2793 cautum
1499 2756 1555 2793 vel
1587 2756 1705 2793 soluta
1734 2756 1888 2802 pecunia
1917 2760 2029 2793 esset:
2069 2766 2152 2791 nain
2186 2760 2222 2792 et
2253 2766 2334 2792 cum
2365 2756 2408 2793 de

1323 2801 1425 2838 lucro
1448 2802 1553 2838 heres
1577 2801 1733 2848 scriptus
1757 2811 1780 2839 a
1803 2801 1850 2838 sit
1860 2802 1899 2844 ¹⁶,
1930 2800 2026 2847 quod
2049 2800 2144 2837 forte
2166 2800 2322 2847 legatum
2346 2811 2406 2837 ac-

1326 2847 1430 2894 cepit,
1455 2847 1486 2883 si
1508 2847 1612 2884 heres
1635 2857 1708 2883 non
1726 2846 1912 2891 extitisset,
1936 2856 2147 2892 responsum
2165 2850 2221 2883 est
2238 2857 2311 2883 non
2329 2856 2408 2883 esse

1325 2891 1523 2938 cogendum
1552 2891 1652 2929 adire
1682 2892 1751 2928 nisi
1781 2891 1899 2937 legato
1930 2891 2115 2938 praestito.
2170 2891 2231 2928 ubi
2265 2892 2406 2937 quidem

1323 2937 1441 3018 potuit
1464 2937 1535 2974 dici
1563 2947 1628 2974 nec
1658 2948 1700 2973 co
1769 2936 1854 2973 dum
1883 2947 1962 2974 esse
1990 2935 2157 2973 heredem
2187 2935 2285 2972 adire
2315 2948 2402 2983 quo-

1349 2982 1514 3020 ammodo
1529 2986 1656 3019 contra
1671 2993 1715 3019 vo
1728 2986 1888 3019 untatem
1903 2981 2071 3025 defuncti,
2092 2981 2153 3027 qui
2171 2981 2321 3027 legando
2342 2982 2404 3018 he-

1323 3027 1418 3071 redi,
1450 3028 1482 3064 si
1505 3039 1579 3064 non
1604 3027 1756 3071 adisset,
1787 3027 1825 3063 in
1847 3027 1960 3074 ipsius
1982 3026 2165 3062 voluntate
2214 3027 2307 3062 osuit
2330 3027 2404 3063 adi-

1322 3073 1473 3110 tionem:
1513 3073 1577 3110 sed
1607 3083 1687 3109 cum
1718 3076 1871 3110 testator
1900 3072 2111 3109 alterutrum
2146 3070 2169 3107 d
2215 3072 2299 3115 erit,
2339 3083 2404 3109 nos

1327 3122 1342 3154 1
1391 3122 1582 3164 utrumque
1604 3118 1638 3155 ei
1659 3122 1894 3164 praestamus.
1940 3117 1999 3153 Ea
2028 3126 2121 3163 quae
2149 3116 2268 3152 dotem
2297 3117 2405 3153 dabat

1347 3168 1431 3200 acta
1453 3167 1532 3200 erat
1554 3174 1635 3200 cum
1659 3164 1803 3208 marito,
1833 3167 1875 3200 ut
1897 3166 2038 3199 mortua
2060 3171 2099 3199 se
2121 3161 2159 3197 in
2181 3163 2404 3198 matrimonio

1347 3208 1416 3245 otis
1447 3219 1531 3254 pars
1562 3209 1670 3244 matri
1701 3209 1778 3245 eius
1809 3207 2038 3250 redderetur,
2078 3216 2145 3243 nec
2182 3217 2224 3243 eo
2263 3207 2404 3244 nomine

1322 3253 1505 3299 stipulatio
1539 3263 1562 3289 a
1592 3257 1704 3290 matre
1732 3253 1944 3300 interposita
1974 3255 2045 3288 est:
2085 3252 2239 3289 moriens
2277 3252 2402 3289 deinde

1321 3302 1470 3335 matrem
1493 3302 1530 3335 et
1548 3298 1715 3335 maritum
1735 3310 1838 3335 suum
1858 3297 2024 3335 heredem
2043 3297 2178 3334 fecerat
2196 3301 2232 3333 et
2249 3308 2272 3333 a
2291 3301 2403 3334 matre

1347 3343 1490 3386 etierat,
1521 3347 1563 3379 ut
1584 3343 1817 3380 hereditatem
1840 3343 1934 3379 Titio
1957 3343 2177 3379 restitueret:
2210 3341 2316 3379 iudex
2339 3342 2401 3378 ad-

1346 3389 1438 3424 ‘ctus
1461 3388 1507 3424 de
1529 3389 1724 3426 hereditate
1748 3387 1935 3426 dividenda
1956 3392 2096 3434 partem
2120 3387 2213 3424 dotis
2237 3388 2340 3433 quasi
2359 3398 2401 3424 ex

1319 3434 1397 3470 utili
1426 3438 1533 3479 pacto
1566 3445 1633 3480 pro
1663 3439 1768 3480 parte
1779 3434 1807 3457 ¹⁷
1837 3433 1942 3469 matri
1973 3432 2256 3469 adiudicaverat:
2293 3443 2400 3479 quae·

1319 3479 1485 3522 rebatur,
1522 3490 1570 3515 an
1603 3483 1640 3516 et
1677 3490 1720 3516 ea
1754 3479 1870 3525 portio
1911 3489 1955 3514 ex
1992 3488 2103 3515 eausa
2141 3477 2401 3514 fideicommissi

1413 3602 1434 3625 a
1445 3602 1484 3625 ac
1496 3593 1608 3636 cesset]
1621 3603 1696 3627 cnm
1706 3592 1931 3636 praeteriisset
1940 3604 2001 3625 scr.
2051 3594 2109 3633 (1³)
2122 3591 2164 3624 ed
2176 3592 2213 3625 F'
2257 3592 2316 3634 (1⁴)
2330 3601 2399 3624 ino-

1319 3640 1451 3671 raretur
1464 3637 1497 3670 F'
1583 3645 1641 3676 (ιω
1666 3637 1848 3671 admittunt
1860 3638 2006 3670 fructum
2019 3637 2055 3670 F
2145 3640 2203 3677 (ιο)
2225 3635 2368 3680 scriptus
2379 3645 2401 3671 a

1319 3682 1374 3725 sit]
1385 3681 1549 3716 sollicitus
1560 3683 1605 3717 sit
1615 3696 1677 3718 scr.
1728 3724 1737 3730 .
1773 3686 1829 3722 (ιτ)
1854 3693 1914 3726 pro
1927 3684 2021 3726 parte
2033 3682 2093 3715 del.
