<?xml version="1.0" encoding="UTF-8"?>
<!DOCTYPE html PUBLIC "-//W3C//DTD XHTML 1.0 Transitional//EN"
    "http://www.w3.org/TR/xhtml1/DTD/xhtml1-transitional.dtd">
<html xmlns="http://www.w3.org/1999/xhtml" xml:lang="en" lang="en">
 <head>
  <title>
</title>
<meta http-equiv="Content-Type" content="text/html;charset=utf-8" />
  <meta name='ocr-system' content='tesseract 3.04.00' />
  <meta name='ocr-capabilities' content='ocr_page ocr_carea ocr_par ocr_line ocrx_word'/>
</head>
<body>
  <div class='ocr_page' id='page_1' title='image "./corpusjuriscivil01krueuoft_0187.png"; bbox 0 0 2528 3918; ppageno 0'>
   <div class='ocr_carea' id='block_1_1' title="bbox 147 88 705 122">
    <p class='ocr_par' dir='ltr' id='par_1_1' title="bbox 147 88 705 122">
     <span class='ocr_line' id='line_1_1' title="bbox 147 88 705 122; baseline -0.007 0"><span class='ocrx_word' id='word_1_1' title='bbox 147 89 396 122; x_wconf 70' lang='lat' dir='ltr'><strong>ARBITRIUM</strong></span> <span class='ocrx_word' id='word_1_2' title='bbox 424 88 705 120; x_wconf 73' lang='lat' dir='ltr'>RECEPEBINT</span> 
     </span>
    </p>
   </div>
   <div class='ocr_carea' id='block_1_2' title="bbox 137 195 1241 3323">
    <p class='ocr_par' dir='ltr' id='par_1_2' title="bbox 149 195 1240 326">
     <span class='ocr_line' id='line_1_2' title="bbox 149 195 1239 244; baseline -0.003 -9"><span class='ocrx_word' id='word_1_3' title='bbox 149 210 194 235; x_wconf 83' lang='lat' dir='ltr'><strong>ex</strong></span> <span class='ocrx_word' id='word_1_4' title='bbox 218 198 473 244; x_wconf 88' lang='lat' dir='ltr'><strong>compromisso</strong></span> <span class='ocrx_word' id='word_1_5' title='bbox 496 197 649 243; x_wconf 85' lang='lat' dir='ltr'><strong>petitur,</strong></span> <span class='ocrx_word' id='word_1_6' title='bbox 673 196 704 232; x_wconf 89' lang='lat' dir='ltr'><strong>is</strong></span> <span class='ocrx_word' id='word_1_7' title='bbox 729 196 790 242; x_wconf 89' lang='lat' dir='ltr'><strong>qui</strong></span> <span class='ocrx_word' id='word_1_8' title='bbox 814 196 991 232; x_wconf 79' lang='lat' dir='ltr'><strong>commisit</strong></span> <span class='ocrx_word' id='word_1_9' title='bbox 1015 195 1239 233; x_wconf 87' lang='lat' dir='ltr'><strong>damnandus</strong></span> 
     </span>
     <span class='ocr_line' id='line_1_3' title="bbox 149 241 1240 287; baseline -0.005 -6"><span class='ocrx_word' id='word_1_10' title='bbox 149 249 224 287; x_wconf 85' lang='lat' dir='ltr'><strong>est,</strong></span> <span class='ocrx_word' id='word_1_11' title='bbox 249 255 315 280; x_wconf 91' lang='grc'><strong>1100</strong></span> <span class='ocrx_word' id='word_1_12' title='bbox 337 245 505 284; x_wconf 90' lang='lat' dir='ltr'><strong>interest,</strong></span> <span class='ocrx_word' id='word_1_13' title='bbox 530 252 580 277; x_wconf 88' lang='lat' dir='ltr'><strong>an</strong></span> <span class='ocrx_word' id='word_1_14' title='bbox 603 241 800 277; x_wconf 80' lang='lat' dir='ltr'><strong>adversarii</strong></span> <span class='ocrx_word' id='word_1_15' title='bbox 823 241 900 277; x_wconf 83' lang='lat' dir='ltr'><strong>eius</strong></span> <span class='ocrx_word' id='word_1_16' title='bbox 924 242 1089 278; x_wconf 76' lang='lat' dir='ltr'><strong>interfuit</strong></span> <span class='ocrx_word' id='word_1_17' title='bbox 1111 241 1240 278; x_wconf 78' lang='lat' dir='ltr'>arbitri</span> 
     </span>
     <span class='ocr_line' id='line_1_4' title="bbox 149 288 608 326; baseline -0.011 0"><span class='ocrx_word' id='word_1_18' title='bbox 149 290 327 326; x_wconf 80' lang='lat' dir='ltr'><strong>sententia</strong></span> <span class='ocrx_word' id='word_1_19' title='bbox 350 288 438 324; x_wconf 87' lang='lat' dir='ltr'><strong>stari</strong></span> <span class='ocrx_word' id='word_1_20' title='bbox 460 297 528 323; x_wconf 90' lang='grc'><strong>1100</strong></span> <span class='ocrx_word' id='word_1_21' title='bbox 552 296 608 322; x_wconf 89' lang='grc'><strong>110.</strong></span> 
     </span>
    </p>

    <p class='ocr_par' dir='ltr' id='par_1_3' title="bbox 144 331 1241 832">
     <span class='ocr_line' id='line_1_5' title="bbox 195 331 1239 373; baseline -0.006 0"><span class='ocrx_word' id='word_1_22' title='bbox 195 332 249 373; x_wconf 88' lang='lat'><strong>39</strong></span> <span class='ocrx_word' id='word_1_23' title='bbox 273 334 321 370; x_wconf 70' lang='lat' dir='ltr'><strong>IA</strong></span> <span class='ocrx_word' id='word_1_24' title='bbox 329 341 500 370; x_wconf 68' lang='lat' dir='ltr'><strong>rorfflws</strong></span> <span class='ocrx_word' id='word_1_25' title='bbox 530 332 628 370; x_wconf 25' lang='lat' dir='ltr'><strong>libro&gt;</strong></span> <span class='ocrx_word' id='word_1_26' title='bbox 657 331 847 367; x_wconf 74' lang='lat' dir='ltr'><strong>undecimo</strong></span> <span class='ocrx_word' id='word_1_27' title='bbox 884 343 934 368; x_wconf 76' lang='lat' dir='ltr'><strong>ex</strong></span> <span class='ocrx_word' id='word_1_28' title='bbox 972 332 1095 370; x_wconf 75' lang='lat' dir='ltr'><strong>Cassio</strong></span> <span class='ocrx_word' id='word_1_29' title='bbox 1155 331 1239 368; x_wconf 83' lang='lat' dir='ltr'><strong>Non</strong></span> 
     </span>
     <span class='ocr_line' id='line_1_6' title="bbox 148 376 1238 424; baseline -0.004 -8"><span class='ocrx_word' id='word_1_30' title='bbox 148 390 194 416; x_wconf 85' lang='lat' dir='ltr'><strong>ex</strong></span> <span class='ocrx_word' id='word_1_31' title='bbox 217 379 380 416; x_wconf 89' lang='lat' dir='ltr'><strong>omnibus</strong></span> <span class='ocrx_word' id='word_1_32' title='bbox 414 377 552 420; x_wconf 88' lang='lat' dir='ltr'><strong>causis,</strong></span> <span class='ocrx_word' id='word_1_33' title='bbox 585 387 629 413; x_wconf 86' lang='lat' dir='ltr'><strong>ex</strong></span> <span class='ocrx_word' id='word_1_34' title='bbox 662 376 792 422; x_wconf 88' lang='lat' dir='ltr'><strong>quibus</strong></span> <span class='ocrx_word' id='word_1_35' title='bbox 826 377 953 413; x_wconf 79' lang='lat' dir='ltr'>arbitri</span> <span class='ocrx_word' id='word_1_36' title='bbox 975 378 1134 424; x_wconf 87' lang='lat' dir='ltr'><strong>paritum</strong></span> <span class='ocrx_word' id='word_1_37' title='bbox 1158 387 1238 413; x_wconf 90' lang='lat' dir='ltr'><strong>sen-</strong></span> 
     </span>
     <span class='ocr_line' id='line_1_7' title="bbox 147 423 1239 468; baseline -0.005 -6"><span class='ocrx_word' id='word_1_38' title='bbox 147 425 281 462; x_wconf 80' lang='lat' dir='ltr'><strong>tentiae</strong></span> <span class='ocrx_word' id='word_1_39' title='bbox 303 434 377 459; x_wconf 92' lang='lat' dir='ltr'><strong>non</strong></span> <span class='ocrx_word' id='word_1_40' title='bbox 401 426 466 466; x_wconf 88' lang='lat' dir='ltr'><strong>est,</strong></span> <span class='ocrx_word' id='word_1_41' title='bbox 496 432 615 468; x_wconf 89' lang='lat' dir='ltr'><strong>poena</strong></span> <span class='ocrx_word' id='word_1_42' title='bbox 638 432 683 458; x_wconf 82' lang='lat' dir='ltr'><strong>ex</strong></span> <span class='ocrx_word' id='word_1_43' title='bbox 707 432 786 458; x_wconf 88' lang='lat' dir='ltr'><strong>com</strong></span> <span class='ocrx_word' id='word_1_44' title='bbox 812 423 963 459; x_wconf 87' lang='lat' dir='ltr'><strong>romisso</strong></span> <span class='ocrx_word' id='word_1_45' title='bbox 997 423 1239 465; x_wconf 81' lang='lat' dir='ltr'><strong>committitur,</strong></span> 
     </span>
     <span class='ocr_line' id='line_1_8' title="bbox 149 467 1240 514; baseline -0.004 -7"><span class='ocrx_word' id='word_1_46' title='bbox 149 471 213 507; x_wconf 89' lang='lat' dir='ltr'><strong>sed</strong></span> <span class='ocrx_word' id='word_1_47' title='bbox 238 480 282 505; x_wconf 80' lang='lat' dir='ltr'><strong>ex</strong></span> <span class='ocrx_word' id='word_1_48' title='bbox 303 468 360 504; x_wconf 92' lang='lat' dir='ltr'><strong>his</strong></span> <span class='ocrx_word' id='word_1_49' title='bbox 385 467 590 510; x_wconf 85' lang='lat' dir='ltr'><strong>dumtaxat,</strong></span> <span class='ocrx_word' id='word_1_50' title='bbox 623 478 716 513; x_wconf 91' lang='lat' dir='ltr'><strong>quae</strong></span> <span class='ocrx_word' id='word_1_51' title='bbox 748 478 770 503; x_wconf 87' lang='lat' dir='ltr'><strong>a</strong></span> <span class='ocrx_word' id='word_1_52' title='bbox 826 468 1041 505; x_wconf 84' lang='lat' dir='ltr'><strong>solutionem</strong></span> <span class='ocrx_word' id='word_1_53' title='bbox 1064 468 1240 514; x_wconf 89' lang='lat' dir='ltr'><strong>pecuniae</strong></span> 
     </span>
     <span class='ocr_line' id='line_1_9' title="bbox 147 512 1241 560; baseline -0.003 -9"><span class='ocrx_word' id='word_1_54' title='bbox 147 520 212 551; x_wconf 91' lang='lat' dir='ltr'><strong>aut</strong></span> <span class='ocrx_word' id='word_1_55' title='bbox 223 524 369 560; x_wconf 85' lang='lat' dir='ltr'><strong>operam</strong></span> <span class='ocrx_word' id='word_1_56' title='bbox 380 513 622 559; x_wconf 78' lang='lat' dir='ltr'><strong>praebendam</strong></span> <span class='ocrx_word' id='word_1_57' title='bbox 633 512 828 559; x_wconf 85' lang='lat' dir='ltr'><strong>pertinent.</strong></span> <span class='ocrx_word' id='word_1_58' title='bbox 844 513 954 549; x_wconf 72' lang='lat' dir='ltr'><strong>IDEM</strong></span> <span class='ocrx_word' id='word_1_59' title='bbox 976 513 1241 550; x_wconf 83' lang='lat' dir='ltr'><strong>contumaciam</strong></span> 
     </span>
     <span class='ocr_line' id='line_1_10' title="bbox 145 558 1239 606; baseline -0.002 -10"><span class='ocrx_word' id='word_1_60' title='bbox 145 559 335 606; x_wconf 82' lang='lat' dir='ltr'><strong>litigatoris</strong></span> <span class='ocrx_word' id='word_1_61' title='bbox 368 559 503 594; x_wconf 83' lang='lat' dir='ltr'><strong>arbiter</strong></span> <span class='ocrx_word' id='word_1_62' title='bbox 533 558 662 603; x_wconf 86' lang='lat' dir='ltr'><strong>punire</strong></span> <span class='ocrx_word' id='word_1_63' title='bbox 693 559 827 603; x_wconf 89' lang='lat' dir='ltr'><strong>poterit</strong></span> <span class='ocrx_word' id='word_1_64' title='bbox 849 560 1039 604; x_wconf 90' lang='lat' dir='ltr'><strong>pecuniam</strong></span> <span class='ocrx_word' id='word_1_65' title='bbox 1072 570 1152 595; x_wconf 90' lang='grc'><strong>011111</strong></span> <span class='ocrx_word' id='word_1_66' title='bbox 1176 559 1239 594; x_wconf 90' lang='lat' dir='ltr'><strong>ad-</strong></span> 
     </span>
     <span class='ocr_line' id='line_1_11' title="bbox 145 603 1241 649; baseline -0.002 -8"><span class='ocrx_word' id='word_1_67' title='bbox 145 605 304 642; x_wconf 79' lang='lat' dir='ltr'><strong>versario</strong></span> <span class='ocrx_word' id='word_1_68' title='bbox 337 604 424 640; x_wconf 88' lang='lat' dir='ltr'><strong>dare</strong></span> <span class='ocrx_word' id='word_1_69' title='bbox 437 605 448 626; x_wconf 91' lang='lat'><strong>¹</strong></span> <span class='ocrx_word' id='word_1_70' title='bbox 478 603 656 639; x_wconf 85' lang='lat' dir='ltr'><strong>iubendo:</strong></span> <span class='ocrx_word' id='word_1_71' title='bbox 690 614 760 649; x_wconf 87' lang='lat' dir='ltr'><strong>quo</strong></span> <span class='ocrx_word' id='word_1_72' title='bbox 784 603 824 639; x_wconf 91' lang='lat' dir='ltr'><strong>in</strong></span> <span class='ocrx_word' id='word_1_73' title='bbox 846 615 994 640; x_wconf 91' lang='lat' dir='ltr'><strong>numero</strong></span> <span class='ocrx_word' id='word_1_74' title='bbox 1019 605 1145 641; x_wconf 89' lang='lat' dir='ltr'><strong>haberi</strong></span> <span class='ocrx_word' id='word_1_75' title='bbox 1167 614 1241 640; x_wconf 93' lang='lat' dir='ltr'><strong>non</strong></span> 
     </span>
     <span class='ocr_line' id='line_1_12' title="bbox 145 649 1239 697; baseline -0.001 -11"><span class='ocrx_word' id='word_1_76' title='bbox 145 653 308 697; x_wconf 85' lang='lat' dir='ltr'><strong>oportet,</strong></span> <span class='ocrx_word' id='word_1_77' title='bbox 341 650 373 686; x_wconf 92' lang='lat' dir='ltr'><strong>si</strong></span> <span class='ocrx_word' id='word_1_78' title='bbox 401 649 546 685; x_wconf 89' lang='lat' dir='ltr'><strong>testium</strong></span> <span class='ocrx_word' id='word_1_79' title='bbox 578 649 725 684; x_wconf 88' lang='lat' dir='ltr'><strong>nomina</strong></span> <span class='ocrx_word' id='word_1_80' title='bbox 756 660 801 684; x_wconf 84' lang='lat' dir='ltr'><strong>ex</strong></span> <span class='ocrx_word' id='word_1_81' title='bbox 824 651 1003 686; x_wconf 88' lang='lat' dir='ltr'><strong>sententia</strong></span> <span class='ocrx_word' id='word_1_82' title='bbox 1027 650 1155 686; x_wconf 79' lang='lat' dir='ltr'><strong>arbitri</strong></span> <span class='ocrx_word' id='word_1_83' title='bbox 1178 660 1239 685; x_wconf 82' lang='lat' dir='ltr'><strong>ex-</strong></span> 
     </span>
     <span class='ocr_line' id='line_1_13' title="bbox 149 694 1241 741; baseline 0 -11"><span class='ocrx_word' id='word_1_84' title='bbox 149 700 164 731; x_wconf 88' lang='lat'><em>1</em></span> <span class='ocrx_word' id='word_1_85' title='bbox 214 695 329 730; x_wconf 87' lang='lat' dir='ltr'><strong>hibita</strong></span> <span class='ocrx_word' id='word_1_86' title='bbox 352 706 425 731; x_wconf 90' lang='lat' dir='ltr'><strong>non</strong></span> <span class='ocrx_word' id='word_1_87' title='bbox 449 698 543 730; x_wconf 89' lang='lat' dir='ltr'><strong>sunt.</strong></span> <span class='ocrx_word' id='word_1_88' title='bbox 593 694 682 730; x_wconf 84' lang='lat' dir='ltr'><strong>Cum</strong></span> <span class='ocrx_word' id='word_1_89' title='bbox 706 695 841 730; x_wconf 86' lang='lat' dir='ltr'><strong>arbiter</strong></span> <span class='ocrx_word' id='word_1_90' title='bbox 876 695 968 731; x_wconf 92' lang='lat' dir='ltr'><strong>diem</strong></span> <span class='ocrx_word' id='word_1_91' title='bbox 994 694 1241 741; x_wconf 84' lang='lat' dir='ltr'><strong>compromissi</strong></span> 
     </span>
     <span class='ocr_line' id='line_1_14' title="bbox 144 740 1239 787; baseline 0 -11"><span class='ocrx_word' id='word_1_92' title='bbox 144 740 324 787; x_wconf 66' lang='grc'><strong>111-0101112</strong></span> <span class='ocrx_word' id='word_1_93' title='bbox 355 740 471 783; x_wconf 91' lang='lat' dir='ltr'><strong>iussit,</strong></span> <span class='ocrx_word' id='word_1_94' title='bbox 498 751 580 775; x_wconf 90' lang='lat' dir='ltr'><strong>cum</strong></span> <span class='ocrx_word' id='word_1_95' title='bbox 603 741 674 776; x_wconf 91' lang='lat' dir='ltr'><strong>hoc</strong></span> <span class='ocrx_word' id='word_1_96' title='bbox 698 740 730 775; x_wconf 94' lang='lat' dir='ltr'><strong>ei</strong></span> <span class='ocrx_word' id='word_1_97' title='bbox 753 740 968 785; x_wconf 90' lang='lat' dir='ltr'><strong>permissum</strong></span> <span class='ocrx_word' id='word_1_98' title='bbox 993 745 1059 784; x_wconf 92' lang='lat' dir='ltr'><strong>est,</strong></span> <span class='ocrx_word' id='word_1_99' title='bbox 1092 740 1239 776; x_wconf 89' lang='lat' dir='ltr'><strong>alterius</strong></span> 
     </span>
     <span class='ocr_line' id='line_1_15' title="bbox 144 785 1168 832; baseline 0 -10"><span class='ocrx_word' id='word_1_100' title='bbox 144 797 246 822; x_wconf 89' lang='lat' dir='ltr'><strong>mora</strong></span> <span class='ocrx_word' id='word_1_101' title='bbox 269 786 397 821; x_wconf 82' lang='lat' dir='ltr'><strong>alteri³</strong></span> <span class='ocrx_word' id='word_1_102' title='bbox 421 785 468 821; x_wconf 90' lang='lat' dir='ltr'><strong>ad</strong></span> <span class='ocrx_word' id='word_1_103' title='bbox 490 795 644 830; x_wconf 90' lang='lat' dir='ltr'><strong>poenam</strong></span> <span class='ocrx_word' id='word_1_104' title='bbox 669 786 982 822; x_wconf 80' lang='lat' dir='ltr'><strong>committendam⁴</strong></span> <span class='ocrx_word' id='word_1_105' title='bbox 1007 786 1168 832; x_wconf 89' lang='lat' dir='ltr'><strong>prodest.</strong></span> 
     </span>
    </p>

    <p class='ocr_par' dir='ltr' id='par_1_4' title="bbox 142 830 1241 1194">
     <span class='ocr_line' id='line_1_16' title="bbox 191 830 1241 870; baseline -0.004 0"><span class='ocrx_word' id='word_1_106' title='bbox 191 830 244 870; x_wconf 90' lang='grc'><strong>40</strong></span> <span class='ocrx_word' id='word_1_107' title='bbox 269 831 502 867; x_wconf 73' lang='lat' dir='ltr'><em>POMPONIUS</em></span> <span class='ocrx_word' id='word_1_108' title='bbox 519 831 610 867; x_wconf 80' lang='lat' dir='ltr'><strong>libro</strong></span> <span class='ocrx_word' id='word_1_109' title='bbox 630 831 820 867; x_wconf 76' lang='lat' dir='ltr'><strong>undecimo</strong></span> <span class='ocrx_word' id='word_1_110' title='bbox 841 842 891 867; x_wconf 76' lang='lat' dir='ltr'><strong>ex</strong></span> <span class='ocrx_word' id='word_1_111' title='bbox 904 833 1017 867; x_wconf 82' lang='lat' dir='ltr'><strong>variis</strong></span> <span class='ocrx_word' id='word_1_112' title='bbox 1029 831 1241 868; x_wconf 79' lang='lat' dir='ltr'><strong>lectionibus</strong></span> 
     </span>
     <span class='ocr_line' id='line_1_17' title="bbox 143 876 1240 913; baseline 0 -1"><span class='ocrx_word' id='word_1_113' title='bbox 143 877 290 912; x_wconf 86' lang='lat' dir='ltr'><strong>Arbiter</strong></span> <span class='ocrx_word' id='word_1_114' title='bbox 313 876 472 912; x_wconf 89' lang='lat' dir='ltr'><strong>calendis</strong></span> <span class='ocrx_word' id='word_1_115' title='bbox 495 876 673 912; x_wconf 82' lang='lat' dir='ltr'><strong>Ianuariis</strong></span> <span class='ocrx_word' id='word_1_116' title='bbox 698 876 825 912; x_wconf 85' lang='lat' dir='ltr'><strong>adesse</strong></span> <span class='ocrx_word' id='word_1_117' title='bbox 856 877 961 913; x_wconf 88' lang='lat' dir='ltr'><strong>iussit</strong></span> <span class='ocrx_word' id='word_1_118' title='bbox 985 881 1020 913; x_wconf 90' lang='lat' dir='ltr'><strong>et</strong></span> <span class='ocrx_word' id='word_1_119' title='bbox 1044 881 1130 913; x_wconf 89' lang='lat' dir='ltr'><strong>ante</strong></span> <span class='ocrx_word' id='word_1_120' title='bbox 1159 886 1240 912; x_wconf 87' lang='lat' dir='ltr'><strong>eum</strong></span> 
     </span>
     <span class='ocr_line' id='line_1_18' title="bbox 144 921 1239 967; baseline 0.001 -10"><span class='ocrx_word' id='word_1_121' title='bbox 144 922 237 958; x_wconf 91' lang='lat' dir='ltr'><strong>diem</strong></span> <span class='ocrx_word' id='word_1_122' title='bbox 261 922 432 958; x_wconf 81' lang='lat' dir='ltr'><strong>decessit:</strong></span> <span class='ocrx_word' id='word_1_123' title='bbox 459 921 550 957; x_wconf 90' lang='lat' dir='ltr'><strong>alter</strong></span> <span class='ocrx_word' id='word_1_124' title='bbox 575 931 619 956; x_wconf 89' lang='lat' dir='ltr'><strong>ex</strong></span> <span class='ocrx_word' id='word_1_125' title='bbox 640 921 880 967; x_wconf 81' lang='lat' dir='ltr'><strong>litigatoribus</strong></span> <span class='ocrx_word' id='word_1_126' title='bbox 905 933 978 958; x_wconf 88' lang='lat' dir='ltr'><strong>non</strong></span> <span class='ocrx_word' id='word_1_127' title='bbox 1002 922 1128 958; x_wconf 82' lang='lat' dir='ltr'><strong>adfuit.</strong></span> <span class='ocrx_word' id='word_1_128' title='bbox 1179 932 1239 958; x_wconf 90' lang='lat' dir='ltr'><strong>ro-</strong></span> 
     </span>
     <span class='ocr_line' id='line_1_19' title="bbox 144 966 1238 1012; baseline 0 -9"><span class='ocrx_word' id='word_1_129' title='bbox 144 967 202 1003; x_wconf 89' lang='lat' dir='ltr'><strong>cul</strong></span> <span class='ocrx_word' id='word_1_130' title='bbox 227 967 335 1003; x_wconf 91' lang='lat' dir='ltr'><strong>dubio</strong></span> <span class='ocrx_word' id='word_1_131' title='bbox 359 977 478 1012; x_wconf 89' lang='lat' dir='ltr'><strong>poena</strong></span> <span class='ocrx_word' id='word_1_132' title='bbox 500 966 644 1003; x_wconf 90' lang='lat' dir='ltr'><strong>minime</strong></span> <span class='ocrx_word' id='word_1_133' title='bbox 669 967 859 1003; x_wconf 90' lang='lat' dir='ltr'><strong>commissa</strong></span> <span class='ocrx_word' id='word_1_134' title='bbox 883 972 956 1003; x_wconf 89' lang='lat' dir='ltr'><strong>est:</strong></span> <span class='ocrx_word' id='word_1_135' title='bbox 982 978 1066 1003; x_wconf 90' lang='lat' dir='ltr'><strong>nam</strong></span> <span class='ocrx_word' id='word_1_136' title='bbox 1091 971 1127 1004; x_wconf 89' lang='lat' dir='ltr'><strong>et</strong></span> <span class='ocrx_word' id='word_1_137' title='bbox 1180 977 1238 1003; x_wconf 87' lang='lat' dir='ltr'><strong>as-</strong></span> 
     </span>
     <span class='ocr_line' id='line_1_20' title="bbox 143 1012 1238 1055; baseline -0.001 -6"><span class='ocrx_word' id='word_1_138' title='bbox 143 1013 235 1049; x_wconf 87' lang='lat' dir='ltr'><strong>sium</strong></span> <span class='ocrx_word' id='word_1_139' title='bbox 271 1012 414 1048; x_wconf 87' lang='lat' dir='ltr'><strong>audisse</strong></span> <span class='ocrx_word' id='word_1_140' title='bbox 445 1023 484 1048; x_wconf 93' lang='lat' dir='ltr'><strong>se</strong></span> <span class='ocrx_word' id='word_1_141' title='bbox 515 1012 693 1048; x_wconf 86' lang='lat' dir='ltr'><strong>dicentem</strong></span> <span class='ocrx_word' id='word_1_142' title='bbox 715 1013 837 1048; x_wconf 87' lang='lat' dir='ltr'><strong>Aristo</strong></span> <span class='ocrx_word' id='word_1_143' title='bbox 871 1013 922 1048; x_wconf 89' lang='lat' dir='ltr'><strong>ait</strong></span> <span class='ocrx_word' id='word_1_144' title='bbox 952 1013 990 1048; x_wconf 93' lang='lat' dir='ltr'><strong>in</strong></span> <span class='ocrx_word' id='word_1_145' title='bbox 1015 1024 1056 1049; x_wconf 92' lang='lat' dir='ltr'><strong>eo</strong></span> <span class='ocrx_word' id='word_1_146' title='bbox 1089 1013 1238 1055; x_wconf 88' lang='lat' dir='ltr'><strong>arbitro,</strong></span> 
     </span>
     <span class='ocr_line' id='line_1_21' title="bbox 143 1058 1238 1104; baseline 0.001 -11"><span class='ocrx_word' id='word_1_147' title='bbox 143 1058 204 1104; x_wconf 88' lang='lat' dir='ltr'><strong>qui</strong></span> <span class='ocrx_word' id='word_1_148' title='bbox 226 1058 304 1103; x_wconf 90' lang='lat' dir='ltr'><strong>ipse</strong></span> <span class='ocrx_word' id='word_1_149' title='bbox 327 1068 401 1093; x_wconf 91' lang='lat' dir='ltr'><strong>non</strong></span> <span class='ocrx_word' id='word_1_150' title='bbox 424 1058 589 1100; x_wconf 88' lang='lat' dir='ltr'><strong>venisset,</strong></span> <span class='ocrx_word' id='word_1_151' title='bbox 621 1068 694 1093; x_wconf 91' lang='lat' dir='ltr'><strong>non</strong></span> <span class='ocrx_word' id='word_1_152' title='bbox 728 1068 807 1093; x_wconf 90' lang='lat' dir='ltr'><strong>esse</strong></span> <span class='ocrx_word' id='word_1_153' title='bbox 840 1060 1084 1094; x_wconf 84' lang='lat' dir='ltr'><strong>commissam:</strong></span> <span class='ocrx_word' id='word_1_154' title='bbox 1116 1069 1238 1104; x_wconf 89' lang='lat' dir='ltr'><strong>quem-</strong></span> 
     </span>
     <span class='ocr_line' id='line_1_22' title="bbox 142 1102 1237 1149; baseline 0 -10"><span class='ocrx_word' id='word_1_155' title='bbox 142 1103 336 1139; x_wconf 88' lang='lat' dir='ltr'><strong>admodum</strong></span> <span class='ocrx_word' id='word_1_156' title='bbox 362 1102 503 1138; x_wconf 89' lang='lat' dir='ltr'><strong>Servius</strong></span> <span class='ocrx_word' id='word_1_157' title='bbox 528 1103 598 1146; x_wconf 91' lang='lat' dir='ltr'><strong>ait,</strong></span> <span class='ocrx_word' id='word_1_158' title='bbox 632 1103 662 1138; x_wconf 92' lang='lat' dir='ltr'><strong>si</strong></span> <span class='ocrx_word' id='word_1_159' title='bbox 685 1113 751 1148; x_wconf 90' lang='lat' dir='ltr'><strong>per</strong></span> <span class='ocrx_word' id='word_1_160' title='bbox 774 1103 1023 1149; x_wconf 85' lang='lat' dir='ltr'><strong>stipulatorem</strong></span> <span class='ocrx_word' id='word_1_161' title='bbox 1047 1108 1134 1146; x_wconf 90' lang='lat' dir='ltr'><strong>stet,</strong></span> <span class='ocrx_word' id='word_1_162' title='bbox 1167 1114 1237 1149; x_wconf 86' lang='lat' dir='ltr'><strong>quo</strong></span> 
     </span>
     <span class='ocr_line' id='line_1_23' title="bbox 145 1148 941 1194; baseline 0 -10"><span class='ocrx_word' id='word_1_163' title='bbox 145 1149 262 1184; x_wconf 88' lang='lat' dir='ltr'><strong>minus</strong></span> <span class='ocrx_word' id='word_1_164' title='bbox 288 1148 454 1194; x_wconf 88' lang='lat' dir='ltr'><strong>accipiat,</strong></span> <span class='ocrx_word' id='word_1_165' title='bbox 479 1159 553 1183; x_wconf 90' lang='lat' dir='ltr'><strong>non</strong></span> <span class='ocrx_word' id='word_1_166' title='bbox 578 1148 752 1183; x_wconf 87' lang='lat' dir='ltr'><strong>committi</strong></span> <span class='ocrx_word' id='word_1_167' title='bbox 774 1159 941 1194; x_wconf 89' lang='lat' dir='ltr'><strong>poenam.</strong></span> 
     </span>
    </p>

    <p class='ocr_par' dir='ltr' id='par_1_5' title="bbox 140 1193 1239 1553">
     <span class='ocr_line' id='line_1_24' title="bbox 189 1193 1239 1241; baseline -0.002 -10"><span class='ocrx_word' id='word_1_168' title='bbox 189 1193 240 1231; x_wconf 88' lang='lat'><strong>41</strong></span> <span class='ocrx_word' id='word_1_169' title='bbox 274 1193 564 1230; x_wconf 70' lang='lat' dir='ltr'><strong>CALLISTRATUS</strong></span> <span class='ocrx_word' id='word_1_170' title='bbox 572 1193 664 1229; x_wconf 76' lang='lat' dir='ltr'><strong>libro</strong></span> <span class='ocrx_word' id='word_1_171' title='bbox 671 1194 796 1241; x_wconf 84' lang='lat' dir='ltr'><strong>primo</strong></span> <span class='ocrx_word' id='word_1_172' title='bbox 808 1194 920 1230; x_wconf 78' lang='lat' dir='ltr'><strong>edicti</strong></span> <span class='ocrx_word' id='word_1_173' title='bbox 929 1195 1116 1230; x_wconf 83' lang='lat' dir='ltr'><strong>monitorii</strong></span> <span class='ocrx_word' id='word_1_174' title='bbox 1149 1193 1239 1229; x_wconf 85' lang='lat' dir='ltr'><strong>Cum</strong></span> 
     </span>
     <span class='ocr_line' id='line_1_25' title="bbox 141 1239 1239 1285; baseline 0 -10"><span class='ocrx_word' id='word_1_175' title='bbox 141 1239 219 1285; x_wconf 86' lang='lat' dir='ltr'><strong>lege</strong></span> <span class='ocrx_word' id='word_1_176' title='bbox 242 1239 334 1274; x_wconf 90' lang='lat' dir='ltr'><strong>Iulia</strong></span> <span class='ocrx_word' id='word_1_177' title='bbox 358 1242 504 1274; x_wconf 90' lang='lat' dir='ltr'><strong>cautum</strong></span> <span class='ocrx_word' id='word_1_178' title='bbox 528 1239 585 1281; x_wconf 91' lang='lat' dir='ltr'><strong>sit,</strong></span> <span class='ocrx_word' id='word_1_179' title='bbox 609 1249 656 1274; x_wconf 91' lang='lat' dir='ltr'><strong>ne</strong></span> <span class='ocrx_word' id='word_1_180' title='bbox 679 1239 797 1275; x_wconf 92' lang='lat' dir='ltr'><strong>minor</strong></span> <span class='ocrx_word' id='word_1_181' title='bbox 813 1239 937 1284; x_wconf 87' lang='lat' dir='ltr'><strong>viginti</strong></span> <span class='ocrx_word' id='word_1_182' title='bbox 956 1239 1059 1275; x_wconf 88' lang='lat' dir='ltr'><strong>annis</strong></span> <span class='ocrx_word' id='word_1_183' title='bbox 1078 1239 1239 1275; x_wconf 86' lang='lat' dir='ltr'><strong>iudicare</strong></span> 
     </span>
     <span class='ocr_line' id='line_1_26' title="bbox 142 1284 1236 1330; baseline -0.001 -9"><span class='ocrx_word' id='word_1_184' title='bbox 142 1288 303 1330; x_wconf 86' lang='lat' dir='ltr'><strong>cogatur,</strong></span> <span class='ocrx_word' id='word_1_185' title='bbox 327 1284 461 1320; x_wconf 88' lang='lat' dir='ltr'><strong>nemini</strong></span> <span class='ocrx_word' id='word_1_186' title='bbox 482 1284 591 1320; x_wconf 88' lang='lat' dir='ltr'><strong>licere</strong></span> <span class='ocrx_word' id='word_1_187' title='bbox 610 1284 783 1319; x_wconf 89' lang='lat' dir='ltr'><strong>minorem</strong></span> <span class='ocrx_word' id='word_1_188' title='bbox 805 1285 929 1330; x_wconf 86' lang='lat' dir='ltr'><strong>viginti</strong></span> <span class='ocrx_word' id='word_1_189' title='bbox 947 1285 1051 1320; x_wconf 88' lang='lat' dir='ltr'><strong>annis</strong></span> <span class='ocrx_word' id='word_1_190' title='bbox 1074 1294 1236 1330; x_wconf 89' lang='lat' dir='ltr'><strong>compro-</strong></span> 
     </span>
     <span class='ocr_line' id='line_1_27' title="bbox 140 1329 1237 1382; baseline -0.001 -16"><span class='ocrx_word' id='word_1_191' title='bbox 140 1330 344 1366; x_wconf 86' lang='lat' dir='ltr'><strong>missarium</strong></span> <span class='ocrx_word' id='word_1_192' title='bbox 375 1329 530 1365; x_wconf 91' lang='lat' dir='ltr'><strong>iudicem</strong></span> <span class='ocrx_word' id='word_1_193' title='bbox 562 1329 708 1375; x_wconf 85' lang='lat' dir='ltr'><strong>eligere:</strong></span> <span class='ocrx_word' id='word_1_194' title='bbox 741 1329 895 1382; x_wconf 82' lang='lat' dir='ltr'><strong>ideoque</strong></span> <span class='ocrx_word' id='word_1_195' title='bbox 926 1341 1045 1376; x_wconf 89' lang='lat' dir='ltr'><strong>poena</strong></span> <span class='ocrx_word' id='word_1_196' title='bbox 1077 1340 1120 1365; x_wconf 87' lang='lat' dir='ltr'><strong>ex</strong></span> <span class='ocrx_word' id='word_1_197' title='bbox 1156 1340 1237 1366; x_wconf 88' lang='lat' dir='ltr'><strong>sen-</strong></span> 
     </span>
     <span class='ocr_line' id='line_1_28' title="bbox 140 1375 1238 1411; baseline 0 -1"><span class='ocrx_word' id='word_1_198' title='bbox 140 1375 255 1411; x_wconf 88' lang='lat' dir='ltr'><strong>tentia</strong></span> <span class='ocrx_word' id='word_1_199' title='bbox 286 1375 362 1410; x_wconf 91' lang='lat' dir='ltr'><strong>eius</strong></span> <span class='ocrx_word' id='word_1_200' title='bbox 394 1375 492 1410; x_wconf 91' lang='lat' dir='ltr'><strong>nullo</strong></span> <span class='ocrx_word' id='word_1_201' title='bbox 528 1375 634 1410; x_wconf 90' lang='lat' dir='ltr'><strong>modo</strong></span> <span class='ocrx_word' id='word_1_202' title='bbox 672 1375 917 1411; x_wconf 77' lang='lat' dir='ltr'><strong>committltur.</strong></span> <span class='ocrx_word' id='word_1_203' title='bbox 955 1376 1083 1411; x_wconf 88' lang='lat' dir='ltr'><strong>maiori</strong></span> <span class='ocrx_word' id='word_1_204' title='bbox 1117 1379 1238 1411; x_wconf 88' lang='lat' dir='ltr'><strong>tamen</strong></span> 
     </span>
     <span class='ocr_line' id='line_1_29' title="bbox 141 1420 1236 1466; baseline -0.002 -9"><span class='ocrx_word' id='word_1_205' title='bbox 141 1420 265 1466; x_wconf 83' lang='lat' dir='ltr'><strong>viginti</strong></span> <span class='ocrx_word' id='word_1_206' title='bbox 300 1420 426 1463; x_wconf 89' lang='lat' dir='ltr'><strong>annis,</strong></span> <span class='ocrx_word' id='word_1_207' title='bbox 462 1420 493 1456; x_wconf 93' lang='lat' dir='ltr'><strong>si</strong></span> <span class='ocrx_word' id='word_1_208' title='bbox 527 1420 643 1455; x_wconf 88' lang='lat' dir='ltr'><strong>minor</strong></span> <span class='ocrx_word' id='word_1_209' title='bbox 681 1420 804 1466; x_wconf 88' lang='lat' dir='ltr'><strong>viginti</strong></span> <span class='ocrx_word' id='word_1_210' title='bbox 839 1420 997 1466; x_wconf 88' lang='lat' dir='ltr'><strong>quinque</strong></span> <span class='ocrx_word' id='word_1_211' title='bbox 1039 1421 1144 1456; x_wconf 85' lang='lat' dir='ltr'><strong>annis</strong></span> <span class='ocrx_word' id='word_1_212' title='bbox 1180 1420 1236 1463; x_wconf 92' lang='lat' dir='ltr'><strong>sit,</strong></span> 
     </span>
     <span class='ocr_line' id='line_1_30' title="bbox 142 1466 1235 1509; baseline -0.002 -7"><span class='ocrx_word' id='word_1_213' title='bbox 142 1477 186 1502; x_wconf 82' lang='lat' dir='ltr'><strong>ex</strong></span> <span class='ocrx_word' id='word_1_214' title='bbox 218 1466 288 1501; x_wconf 89' lang='lat' dir='ltr'><strong>hac</strong></span> <span class='ocrx_word' id='word_1_215' title='bbox 321 1476 432 1501; x_wconf 90' lang='lat' dir='ltr'><strong>causa</strong></span> <span class='ocrx_word' id='word_1_216' title='bbox 463 1466 765 1509; x_wconf 88' lang='lat' dir='ltr'><strong>succurrendum,</strong></span> <span class='ocrx_word' id='word_1_217' title='bbox 803 1466 834 1502; x_wconf 90' lang='lat' dir='ltr'><strong>si</strong></span> <span class='ocrx_word' id='word_1_218' title='bbox 857 1469 992 1502; x_wconf 91' lang='lat' dir='ltr'><strong>temere</strong></span> <span class='ocrx_word' id='word_1_219' title='bbox 1015 1466 1235 1502; x_wconf 87' lang='lat' dir='ltr'><strong>auditorium</strong></span> 
     </span>
     <span class='ocr_line' id='line_1_31' title="bbox 142 1511 658 1553; baseline -0.002 -6"><span class='ocrx_word' id='word_1_220' title='bbox 142 1521 224 1547; x_wconf 89' lang='lat' dir='ltr'><strong>rece</strong></span> <span class='ocrx_word' id='word_1_221' title='bbox 252 1511 329 1553; x_wconf 88' lang='lat' dir='ltr'><strong>erit,</strong></span> <span class='ocrx_word' id='word_1_222' title='bbox 354 1511 457 1546; x_wconf 85' lang='lat' dir='ltr'><strong>multi</strong></span> <span class='ocrx_word' id='word_1_223' title='bbox 481 1511 658 1546; x_wconf 85' lang='lat' dir='ltr'><strong>dixerunt.</strong></span> 
     </span>
    </p>

    <p class='ocr_par' dir='ltr' id='par_1_6' title="bbox 139 1556 1238 1866">
     <span class='ocr_line' id='line_1_32' title="bbox 187 1556 1238 1603; baseline -0.003 -9"><span class='ocrx_word' id='word_1_224' title='bbox 187 1556 213 1594; x_wconf 87' lang='lat'>4</span> <span class='ocrx_word' id='word_1_225' title='bbox 267 1556 515 1592; x_wconf 54' lang='lat' dir='ltr'><strong>Pspmmvffs</strong></span> <span class='ocrx_word' id='word_1_226' title='bbox 524 1557 616 1592; x_wconf 79' lang='lat' dir='ltr'><strong>libro</strong></span> <span class='ocrx_word' id='word_1_227' title='bbox 628 1556 785 1593; x_wconf 79' lang='lat' dir='ltr'><strong>secundo</strong></span> <span class='ocrx_word' id='word_1_228' title='bbox 797 1567 1055 1603; x_wconf 81' lang='lat' dir='ltr'><strong>responsorum</strong></span> <span class='ocrx_word' id='word_1_229' title='bbox 1092 1556 1238 1591; x_wconf 87' lang='lat' dir='ltr'><strong>Arbiter</strong></span> 
     </span>
     <span class='ocr_line' id='line_1_33' title="bbox 142 1602 1236 1648; baseline -0.001 -11"><span class='ocrx_word' id='word_1_230' title='bbox 142 1603 238 1638; x_wconf 88' lang='lat' dir='ltr'><strong>intra</strong></span> <span class='ocrx_word' id='word_1_231' title='bbox 264 1606 401 1637; x_wconf 89' lang='lat' dir='ltr'><strong>certum</strong></span> <span class='ocrx_word' id='word_1_232' title='bbox 425 1602 519 1637; x_wconf 91' lang='lat' dir='ltr'><strong>diem</strong></span> <span class='ocrx_word' id='word_1_233' title='bbox 542 1612 664 1638; x_wconf 90' lang='lat' dir='ltr'><strong>servos</strong></span> <span class='ocrx_word' id='word_1_234' title='bbox 687 1602 829 1638; x_wconf 86' lang='lat' dir='ltr'><strong>restitui</strong></span> <span class='ocrx_word' id='word_1_235' title='bbox 852 1602 975 1645; x_wconf 89' lang='lat' dir='ltr'><strong>iussit,</strong></span> <span class='ocrx_word' id='word_1_236' title='bbox 1008 1602 1139 1648; x_wconf 90' lang='lat' dir='ltr'><strong>quibus</strong></span> <span class='ocrx_word' id='word_1_237' title='bbox 1163 1613 1236 1637; x_wconf 90' lang='lat' dir='ltr'><strong>non</strong></span> 
     </span>
     <span class='ocr_line' id='line_1_34' title="bbox 142 1647 1235 1693; baseline -0.001 -10"><span class='ocrx_word' id='word_1_238' title='bbox 142 1648 318 1684; x_wconf 88' lang='lat' dir='ltr'><strong>restitutis</strong></span> <span class='ocrx_word' id='word_1_239' title='bbox 334 1657 474 1693; x_wconf 88' lang='lat' dir='ltr'><strong>poenae</strong></span> <span class='ocrx_word' id='word_1_240' title='bbox 492 1657 603 1683; x_wconf 87' lang='lat' dir='ltr'><strong>causa</strong></span> <span class='ocrx_word' id='word_1_241' title='bbox 626 1647 715 1683; x_wconf 90' lang='lat' dir='ltr'><strong>fisco</strong></span> <span class='ocrx_word' id='word_1_242' title='bbox 741 1648 939 1683; x_wconf 89' lang='lat' dir='ltr'><strong>secundum</strong></span> <span class='ocrx_word' id='word_1_243' title='bbox 961 1647 1114 1683; x_wconf 87' lang='lat' dir='ltr'><strong>formam</strong></span> <span class='ocrx_word' id='word_1_244' title='bbox 1139 1658 1235 1683; x_wconf 91' lang='lat' dir='ltr'><strong>com-</strong></span> 
     </span>
     <span class='ocr_line' id='line_1_35' title="bbox 141 1693 1236 1739; baseline -0.001 -11"><span class='ocrx_word' id='word_1_245' title='bbox 141 1693 307 1739; x_wconf 84' lang='lat' dir='ltr'><strong>promissi</strong></span> <span class='ocrx_word' id='word_1_246' title='bbox 331 1693 597 1728; x_wconf 82' lang='lat' dir='ltr'><strong>condemnavit:</strong></span> <span class='ocrx_word' id='word_1_247' title='bbox 624 1693 670 1728; x_wconf 92' lang='lat' dir='ltr'><strong>ob</strong></span> <span class='ocrx_word' id='word_1_248' title='bbox 696 1703 776 1728; x_wconf 90' lang='lat' dir='ltr'><strong>eam</strong></span> <span class='ocrx_word' id='word_1_249' title='bbox 799 1693 1014 1729; x_wconf 89' lang='lat' dir='ltr'><strong>sententiam</strong></span> <span class='ocrx_word' id='word_1_250' title='bbox 1038 1693 1127 1728; x_wconf 92' lang='lat' dir='ltr'><strong>fisco</strong></span> <span class='ocrx_word' id='word_1_251' title='bbox 1149 1693 1236 1727; x_wconf 88' lang='lat' dir='ltr'><strong>nihil</strong></span> 
     </span>
     <span class='ocr_line' id='line_1_36' title="bbox 141 1738 1235 1791; baseline 0 -18"><span class='ocrx_word' id='word_1_252' title='bbox 141 1738 351 1784; x_wconf 86' lang='lat' dir='ltr'><strong>adquiritur,</strong></span> <span class='ocrx_word' id='word_1_253' title='bbox 377 1738 441 1773; x_wconf 88' lang='lat' dir='ltr'><strong>sed</strong></span> <span class='ocrx_word' id='word_1_254' title='bbox 463 1738 573 1773; x_wconf 88' lang='lat' dir='ltr'><strong>nihilo</strong></span> <span class='ocrx_word' id='word_1_255' title='bbox 598 1739 715 1774; x_wconf 90' lang='lat' dir='ltr'><strong>minus</strong></span> <span class='ocrx_word' id='word_1_256' title='bbox 735 1739 978 1784; x_wconf 85' lang='lat' dir='ltr'><strong>stipulationis</strong></span> <span class='ocrx_word' id='word_1_257' title='bbox 998 1748 1117 1791; x_wconf 86' lang='lat' dir='ltr'><strong>poena</strong></span> <span class='ocrx_word' id='word_1_258' title='bbox 1138 1749 1235 1773; x_wconf 93' lang='lat' dir='ltr'><strong>com-</strong></span> 
     </span>
     <span class='ocr_line' id='line_1_37' title="bbox 140 1783 1235 1829; baseline 0 -10"><span class='ocrx_word' id='word_1_259' title='bbox 140 1784 312 1826; x_wconf 87' lang='lat' dir='ltr'><strong>mittitur,</strong></span> <span class='ocrx_word' id='word_1_260' title='bbox 346 1783 443 1829; x_wconf 89' lang='lat' dir='ltr'><strong>quod</strong></span> <span class='ocrx_word' id='word_1_261' title='bbox 475 1784 520 1819; x_wconf 89' lang='lat' dir='ltr'><strong>ab</strong></span> <span class='ocrx_word' id='word_1_262' title='bbox 552 1784 688 1819; x_wconf 89' lang='lat' dir='ltr'><strong>arbitro</strong></span> <span class='ocrx_word' id='word_1_263' title='bbox 721 1787 858 1820; x_wconf 91' lang='lat' dir='ltr'><strong>statuto</strong></span> <span class='ocrx_word' id='word_1_264' title='bbox 882 1794 956 1820; x_wconf 91' lang='lat' dir='ltr'><strong>non</strong></span> <span class='ocrx_word' id='word_1_265' title='bbox 980 1788 1028 1819; x_wconf 78' lang='lat' dir='ltr'><strong>sit</strong></span> <span class='ocrx_word' id='word_1_266' title='bbox 1051 1784 1235 1829; x_wconf 85' lang='lat' dir='ltr'><strong>obtempe-</strong></span> 
     </span>
     <span class='ocr_line' id='line_1_38' title="bbox 139 1831 296 1866; baseline -0.006 -1"><span class='ocrx_word' id='word_1_267' title='bbox 139 1833 260 1866; x_wconf 85' lang='lat' dir='ltr'><strong>ratum</strong></span> <span class='ocrx_word' id='word_1_268' title='bbox 272 1831 296 1864; x_wconf 84' lang='lat'><strong>⁵.</strong></span> 
     </span>
    </p>

    <p class='ocr_par' dir='ltr' id='par_1_7' title="bbox 139 1872 1237 2283">
     <span class='ocr_line' id='line_1_39' title="bbox 186 1872 1235 1921; baseline -0.002 -9"><span class='ocrx_word' id='word_1_269' title='bbox 186 1872 239 1912; x_wconf 85' lang='lat'><strong>43</strong></span> <span class='ocrx_word' id='word_1_270' title='bbox 265 1874 470 1910; x_wconf 78' lang='lat' dir='ltr'><strong>SGAEVOLA</strong></span> <span class='ocrx_word' id='word_1_271' title='bbox 496 1874 587 1910; x_wconf 81' lang='lat' dir='ltr'><strong>libro</strong></span> <span class='ocrx_word' id='word_1_272' title='bbox 605 1876 730 1921; x_wconf 83' lang='lat' dir='ltr'><strong>primo</strong></span> <span class='ocrx_word' id='word_1_273' title='bbox 754 1885 1012 1921; x_wconf 81' lang='lat' dir='ltr'><strong>responsorum</strong></span> <span class='ocrx_word' id='word_1_274' title='bbox 1047 1874 1104 1910; x_wconf 90' lang='lat' dir='ltr'><strong>De</strong></span> <span class='ocrx_word' id='word_1_275' title='bbox 1126 1875 1235 1910; x_wconf 89' lang='lat' dir='ltr'><strong>rebus</strong></span> 
     </span>
     <span class='ocr_line' id='line_1_40' title="bbox 141 1920 1237 1966; baseline -0.002 -9"><span class='ocrx_word' id='word_1_276' title='bbox 141 1920 464 1965; x_wconf 86' lang='lat' dir='ltr'><strong>controversiisque</strong></span> <span class='ocrx_word' id='word_1_277' title='bbox 488 1920 653 1955; x_wconf 87' lang='lat' dir='ltr'><strong>omnibus</strong></span> <span class='ocrx_word' id='word_1_278' title='bbox 679 1920 977 1966; x_wconf 90' lang='lat' dir='ltr'><strong>compromissum</strong></span> <span class='ocrx_word' id='word_1_279' title='bbox 999 1920 1038 1955; x_wconf 90' lang='lat' dir='ltr'><strong>in</strong></span> <span class='ocrx_word' id='word_1_280' title='bbox 1062 1920 1237 1955; x_wconf 87' lang='lat' dir='ltr'><strong>arbitrum</strong></span> 
     </span>
     <span class='ocr_line' id='line_1_41' title="bbox 139 1965 1236 2010; baseline -0.002 -8"><span class='ocrx_word' id='word_1_281' title='bbox 139 1976 163 2002; x_wconf 85' lang='lat' dir='ltr'><strong>a</strong></span> <span class='ocrx_word' id='word_1_282' title='bbox 185 1966 299 2001; x_wconf 91' lang='lat' dir='ltr'><strong>Lucio</strong></span> <span class='ocrx_word' id='word_1_283' title='bbox 325 1965 420 2000; x_wconf 89' lang='lat' dir='ltr'><strong>Titio</strong></span> <span class='ocrx_word' id='word_1_284' title='bbox 446 1969 483 2000; x_wconf 86' lang='lat' dir='ltr'><strong>et</strong></span> <span class='ocrx_word' id='word_1_285' title='bbox 504 1965 646 2000; x_wconf 89' lang='lat' dir='ltr'><strong>Maevio</strong></span> <span class='ocrx_word' id='word_1_286' title='bbox 672 1965 880 2010; x_wconf 89' lang='lat' dir='ltr'><strong>Sempronio</strong></span> <span class='ocrx_word' id='word_1_287' title='bbox 911 1965 1050 2001; x_wconf 85' lang='lat' dir='ltr'><strong>factum</strong></span> <span class='ocrx_word' id='word_1_288' title='bbox 1074 1969 1140 2008; x_wconf 89' lang='lat' dir='ltr'><strong>est,</strong></span> <span class='ocrx_word' id='word_1_289' title='bbox 1173 1965 1236 2001; x_wconf 89' lang='lat' dir='ltr'><strong>sed</strong></span> 
     </span>
     <span class='ocr_line' id='line_1_42' title="bbox 141 2010 1234 2056; baseline 0 -10"><span class='ocrx_word' id='word_1_290' title='bbox 141 2021 261 2046; x_wconf 89' lang='lat' dir='ltr'><strong>errore</strong></span> <span class='ocrx_word' id='word_1_291' title='bbox 286 2010 462 2056; x_wconf 88' lang='lat' dir='ltr'><strong>quaedam</strong></span> <span class='ocrx_word' id='word_1_292' title='bbox 487 2010 627 2055; x_wconf 88' lang='lat' dir='ltr'><strong>species</strong></span> <span class='ocrx_word' id='word_1_293' title='bbox 659 2011 696 2044; x_wconf 91' lang='lat' dir='ltr'><strong>in</strong></span> <span class='ocrx_word' id='word_1_294' title='bbox 720 2011 930 2055; x_wconf 88' lang='lat' dir='ltr'><strong>petitionem</strong></span> <span class='ocrx_word' id='word_1_295' title='bbox 954 2021 977 2045; x_wconf 91' lang='lat' dir='ltr'><strong>a</strong></span> <span class='ocrx_word' id='word_1_296' title='bbox 999 2011 1114 2046; x_wconf 89' lang='lat' dir='ltr'><strong>Lucio</strong></span> <span class='ocrx_word' id='word_1_297' title='bbox 1140 2011 1234 2046; x_wconf 89' lang='lat' dir='ltr'><strong>Titio</strong></span> 
     </span>
     <span class='ocr_line' id='line_1_43' title="bbox 140 2055 1234 2108; baseline -0.001 -16"><span class='ocrx_word' id='word_1_298' title='bbox 140 2056 315 2092; x_wconf 88' lang='lat' dir='ltr'><strong>deductae</strong></span> <span class='ocrx_word' id='word_1_299' title='bbox 339 2066 411 2091; x_wconf 91' lang='lat' dir='ltr'><strong>non</strong></span> <span class='ocrx_word' id='word_1_300' title='bbox 436 2059 520 2090; x_wconf 90' lang='lat' dir='ltr'><strong>sunt</strong></span> <span class='ocrx_word' id='word_1_301' title='bbox 543 2065 610 2090; x_wconf 90' lang='lat' dir='ltr'><strong>nec</strong></span> <span class='ocrx_word' id='word_1_302' title='bbox 634 2055 769 2091; x_wconf 83' lang='lat' dir='ltr'><strong>arbiter</strong></span> <span class='ocrx_word' id='word_1_303' title='bbox 792 2055 837 2090; x_wconf 91' lang='grc'><strong>(10</strong></span> <span class='ocrx_word' id='word_1_304' title='bbox 859 2056 915 2091; x_wconf 98' lang='grc'><strong>1113</strong></span> <span class='ocrx_word' id='word_1_305' title='bbox 941 2056 1133 2108; x_wconf 81' lang='lat' dir='ltr'><strong>quicquam</strong></span> <span class='ocrx_word' id='word_1_306' title='bbox 1151 2066 1234 2101; x_wconf 88' lang='lat' dir='ltr'><strong>pro-</strong></span> 
     </span>
     <span class='ocr_line' id='line_1_44' title="bbox 140 2101 1236 2146; baseline -0.002 -9"><span class='ocrx_word' id='word_1_307' title='bbox 140 2101 337 2137; x_wconf 78' lang='lat' dir='ltr'><strong>nuntiavit:</strong></span> <span class='ocrx_word' id='word_1_308' title='bbox 385 2101 587 2145; x_wconf 88' lang='lat' dir='ltr'><strong>quaesitum</strong></span> <span class='ocrx_word' id='word_1_309' title='bbox 623 2104 678 2136; x_wconf 88' lang='lat' dir='ltr'><strong>est</strong></span> <span class='ocrx_word' id='word_1_310' title='bbox 712 2111 759 2135; x_wconf 90' lang='lat' dir='ltr'><strong>an</strong></span> <span class='ocrx_word' id='word_1_311' title='bbox 795 2101 935 2146; x_wconf 91' lang='lat' dir='ltr'><strong>species</strong></span> <span class='ocrx_word' id='word_1_312' title='bbox 971 2111 1127 2137; x_wconf 79' lang='lat' dir='ltr'><strong>omissae</strong></span> <span class='ocrx_word' id='word_1_313' title='bbox 1161 2101 1236 2146; x_wconf 90' lang='lat' dir='ltr'><strong>peti</strong></span> 
     </span>
     <span class='ocr_line' id='line_1_45' title="bbox 139 2145 1234 2192; baseline -0.001 -10"><span class='ocrx_word' id='word_1_314' title='bbox 139 2146 290 2192; x_wconf 90' lang='lat' dir='ltr'><strong>possint.</strong></span> <span class='ocrx_word' id='word_1_315' title='bbox 315 2146 500 2191; x_wconf 89' lang='lat' dir='ltr'><strong>respondit</strong></span> <span class='ocrx_word' id='word_1_316' title='bbox 522 2145 598 2190; x_wconf 88' lang='lat' dir='ltr'><strong>peti</strong></span> <span class='ocrx_word' id='word_1_317' title='bbox 621 2156 727 2191; x_wconf 86' lang='lat' dir='ltr'><strong>posse</strong></span> <span class='ocrx_word' id='word_1_318' title='bbox 747 2155 813 2182; x_wconf 88' lang='lat' dir='ltr'><strong>nec</strong></span> <span class='ocrx_word' id='word_1_319' title='bbox 832 2156 985 2191; x_wconf 90' lang='lat' dir='ltr'><strong>poenam</strong></span> <span class='ocrx_word' id='word_1_320' title='bbox 1006 2157 1050 2181; x_wconf 88' lang='lat' dir='ltr'><strong>ex</strong></span> <span class='ocrx_word' id='word_1_321' title='bbox 1071 2156 1234 2191; x_wconf 91' lang='lat' dir='ltr'><strong>compro-</strong></span> 
     </span>
     <span class='ocr_line' id='line_1_46' title="bbox 141 2191 1236 2237; baseline 0 -10"><span class='ocrx_word' id='word_1_322' title='bbox 141 2192 249 2227; x_wconf 89' lang='lat' dir='ltr'><strong>misso</strong></span> <span class='ocrx_word' id='word_1_323' title='bbox 263 2193 276 2213; x_wconf 79' lang='lat'>⁰</span> <span class='ocrx_word' id='word_1_324' title='bbox 301 2191 484 2227; x_wconf 89' lang='lat' dir='ltr'><strong>committi.</strong></span> <span class='ocrx_word' id='word_1_325' title='bbox 523 2191 619 2236; x_wconf 90' lang='lat' dir='ltr'><strong>quod</strong></span> <span class='ocrx_word' id='word_1_326' title='bbox 642 2191 674 2226; x_wconf 90' lang='lat' dir='ltr'><strong>si</strong></span> <span class='ocrx_word' id='word_1_327' title='bbox 697 2191 850 2236; x_wconf 86' lang='lat' dir='ltr'><strong>maligne</strong></span> <span class='ocrx_word' id='word_1_328' title='bbox 880 2191 950 2227; x_wconf 91' lang='lat' dir='ltr'><strong>hoc</strong></span> <span class='ocrx_word' id='word_1_329' title='bbox 973 2191 1080 2234; x_wconf 85' lang='lat' dir='ltr'><strong>fecit,</strong></span> <span class='ocrx_word' id='word_1_330' title='bbox 1113 2195 1236 2237; x_wconf 90' lang='lat' dir='ltr'><strong>petere</strong></span> 
     </span>
     <span class='ocr_line' id='line_1_47' title="bbox 140 2235 969 2283; baseline 0.001 -12"><span class='ocrx_word' id='word_1_331' title='bbox 140 2237 281 2283; x_wconf 88' lang='lat' dir='ltr'><strong>quidem</strong></span> <span class='ocrx_word' id='word_1_332' title='bbox 304 2240 433 2282; x_wconf 89' lang='lat' dir='ltr'><strong>potest,</strong></span> <span class='ocrx_word' id='word_1_333' title='bbox 459 2235 523 2271; x_wconf 87' lang='lat' dir='ltr'><strong>sed</strong></span> <span class='ocrx_word' id='word_1_334' title='bbox 546 2247 685 2282; x_wconf 89' lang='lat' dir='ltr'><strong>poenae</strong></span> <span class='ocrx_word' id='word_1_335' title='bbox 709 2237 969 2282; x_wconf 83' lang='lat' dir='ltr'><strong>subiugabitur.</strong></span> 
     </span>
    </p>

    <p class='ocr_par' dir='ltr' id='par_1_8' title="bbox 137 2281 1235 2545">
     <span class='ocr_line' id='line_1_48' title="bbox 185 2281 1234 2328; baseline -0.001 -9"><span class='ocrx_word' id='word_1_336' title='bbox 185 2281 240 2319; x_wconf 87' lang='grc'><strong>44</strong></span> <span class='ocrx_word' id='word_1_337' title='bbox 265 2282 374 2317; x_wconf 71' lang='lat' dir='ltr'><strong>IDEM</strong></span> <span class='ocrx_word' id='word_1_338' title='bbox 400 2282 491 2317; x_wconf 85' lang='lat' dir='ltr'><strong>libro</strong></span> <span class='ocrx_word' id='word_1_339' title='bbox 522 2282 680 2318; x_wconf 80' lang='lat' dir='ltr'><strong>secundo</strong></span> <span class='ocrx_word' id='word_1_340' title='bbox 705 2281 928 2328; x_wconf 74' lang='lat' dir='ltr'><strong>diqestorum</strong></span> <span class='ocrx_word' id='word_1_341' title='bbox 974 2282 1074 2318; x_wconf 87' lang='lat' dir='ltr'><strong>Inter</strong></span> <span class='ocrx_word' id='word_1_342' title='bbox 1098 2282 1234 2318; x_wconf 86' lang='lat' dir='ltr'><strong>Castel-</strong></span> 
     </span>
     <span class='ocr_line' id='line_1_49' title="bbox 139 2326 1235 2364; baseline 0 -1"><span class='ocrx_word' id='word_1_343' title='bbox 139 2327 274 2363; x_wconf 89' lang='lat' dir='ltr'><strong>lianum</strong></span> <span class='ocrx_word' id='word_1_344' title='bbox 299 2331 336 2362; x_wconf 90' lang='lat' dir='ltr'><strong>et</strong></span> <span class='ocrx_word' id='word_1_345' title='bbox 359 2326 481 2362; x_wconf 88' lang='lat' dir='ltr'><strong>Seium</strong></span> <span class='ocrx_word' id='word_1_346' title='bbox 506 2327 749 2363; x_wconf 87' lang='lat' dir='ltr'><strong>controversia</strong></span> <span class='ocrx_word' id='word_1_347' title='bbox 781 2327 825 2362; x_wconf 88' lang='lat' dir='ltr'><strong>de</strong></span> <span class='ocrx_word' id='word_1_348' title='bbox 848 2328 980 2363; x_wconf 87' lang='lat' dir='ltr'><strong>finibus</strong></span> <span class='ocrx_word' id='word_1_349' title='bbox 1014 2331 1095 2364; x_wconf 90' lang='lat' dir='ltr'><strong>orta</strong></span> <span class='ocrx_word' id='word_1_350' title='bbox 1119 2326 1177 2363; x_wconf 73' lang='lat' dir='ltr'><strong>est*</strong></span> <span class='ocrx_word' id='word_1_351' title='bbox 1199 2331 1235 2363; x_wconf 90' lang='lat' dir='ltr'><strong>et</strong></span> 
     </span>
     <span class='ocr_line' id='line_1_50' title="bbox 139 2373 1231 2415; baseline -0.001 -6"><span class='ocrx_word' id='word_1_352' title='bbox 139 2373 275 2409; x_wconf 87' lang='lat' dir='ltr'><strong>arbiter</strong></span> <span class='ocrx_word' id='word_1_353' title='bbox 300 2373 434 2408; x_wconf 89' lang='lat' dir='ltr'><strong>electus</strong></span> <span class='ocrx_word' id='word_1_354' title='bbox 460 2376 526 2415; x_wconf 91' lang='lat' dir='ltr'><strong>est,</strong></span> <span class='ocrx_word' id='word_1_355' title='bbox 550 2376 591 2408; x_wconf 92' lang='lat' dir='ltr'><strong>ut</strong></span> <span class='ocrx_word' id='word_1_356' title='bbox 615 2373 794 2408; x_wconf 86' lang='lat' dir='ltr'><strong>arbitratu</strong></span> <span class='ocrx_word' id='word_1_357' title='bbox 819 2373 895 2408; x_wconf 91' lang='lat' dir='ltr'><strong>eius</strong></span> <span class='ocrx_word' id='word_1_358' title='bbox 919 2383 977 2408; x_wconf 89' lang='lat' dir='ltr'><strong>res</strong></span> <span class='ocrx_word' id='word_1_359' title='bbox 1001 2373 1231 2408; x_wconf 86' lang='lat' dir='ltr'><strong>terminetur:</strong></span> 
     </span>
     <span class='ocr_line' id='line_1_51' title="bbox 137 2417 1232 2464; baseline -0.001 -10"><span class='ocrx_word' id='word_1_360' title='bbox 137 2420 216 2464; x_wconf 87' lang='lat' dir='ltr'><strong>ipse</strong></span> <span class='ocrx_word' id='word_1_361' title='bbox 228 2418 441 2454; x_wconf 86' lang='lat' dir='ltr'><strong>sententiam</strong></span> <span class='ocrx_word' id='word_1_362' title='bbox 460 2417 549 2452; x_wconf 79' lang='lat' dir='ltr'><strong>dixit</strong></span> <span class='ocrx_word' id='word_1_363' title='bbox 568 2419 819 2463; x_wconf 86' lang='lat' dir='ltr'><strong>praesentibus</strong></span> <span class='ocrx_word' id='word_1_364' title='bbox 839 2419 1001 2464; x_wconf 90' lang='lat' dir='ltr'><strong>partibus</strong></span> <span class='ocrx_word' id='word_1_365' title='bbox 1015 2423 1051 2454; x_wconf 90' lang='lat' dir='ltr'><strong>et</strong></span> <span class='ocrx_word' id='word_1_366' title='bbox 1060 2419 1232 2454; x_wconf 90' lang='lat' dir='ltr'><strong>terminos</strong></span> 
     </span>
     <span class='ocr_line' id='line_1_52' title="bbox 137 2463 1232 2545; baseline 0 -46"><span class='ocrx_word' id='word_1_367' title='bbox 137 2465 277 2545; x_wconf 65' lang='lat' dir='ltr'><strong>posuit:</strong></span> <span class='ocrx_word' id='word_1_368' title='bbox 303 2463 505 2516; x_wconf 77' lang='lat' dir='ltr'><strong>quaesitum</strong></span> <span class='ocrx_word' id='word_1_369' title='bbox 529 2468 594 2505; x_wconf 89' lang='lat' dir='ltr'><strong>est,</strong></span> <span class='ocrx_word' id='word_1_370' title='bbox 620 2474 678 2506; x_wconf 91' lang='lat' dir='ltr'><strong>an,</strong></span> <span class='ocrx_word' id='word_1_371' title='bbox 703 2463 734 2498; x_wconf 94' lang='lat' dir='ltr'><strong>si</strong></span> <span class='ocrx_word' id='word_1_372' title='bbox 755 2474 799 2499; x_wconf 83' lang='lat' dir='ltr'><strong>ex</strong></span> <span class='ocrx_word' id='word_1_373' title='bbox 814 2468 918 2509; x_wconf 88' lang='lat' dir='ltr'><strong>parte</strong></span> <span class='ocrx_word' id='word_1_374' title='bbox 942 2463 1151 2499; x_wconf 87' lang='lat' dir='ltr'><strong>Castelliani</strong></span> <span class='ocrx_word' id='word_1_375' title='bbox 1175 2474 1232 2499; x_wconf 89' lang='lat' dir='ltr'><strong>ar-</strong></span> 
     </span>
    </p>

    <p class='ocr_par' dir='ltr' id='par_1_9' title="bbox 163 2510 1231 2555">
     <span class='ocr_line' id='line_1_53' title="bbox 163 2510 1231 2555; baseline 0 -10"><span class='ocrx_word' id='word_1_376' title='bbox 163 2510 232 2545; x_wconf 88' lang='lat' dir='ltr'><strong>itro</strong></span> <span class='ocrx_word' id='word_1_377' title='bbox 249 2513 406 2555; x_wconf 80' lang='lat' dir='ltr'><strong>paritum</strong></span> <span class='ocrx_word' id='word_1_378' title='bbox 421 2519 494 2544; x_wconf 92' lang='lat' dir='ltr'><strong>non</strong></span> <span class='ocrx_word' id='word_1_379' title='bbox 518 2512 622 2551; x_wconf 90' lang='lat' dir='ltr'><strong>esset,</strong></span> <span class='ocrx_word' id='word_1_380' title='bbox 648 2519 766 2553; x_wconf 86' lang='lat' dir='ltr'><strong>poena</strong></span> <span class='ocrx_word' id='word_1_381' title='bbox 790 2519 835 2544; x_wconf 82' lang='lat' dir='ltr'><strong>ex</strong></span> <span class='ocrx_word' id='word_1_382' title='bbox 859 2510 1116 2554; x_wconf 90' lang='lat' dir='ltr'><strong>compromisso</strong></span> <span class='ocrx_word' id='word_1_383' title='bbox 1135 2520 1231 2545; x_wconf 88' lang='lat' dir='ltr'><strong>com-</strong></span> 
     </span>
    </p>

    <p class='ocr_par' dir='ltr' id='par_1_10' title="bbox 140 2554 1232 2680">
     <span class='ocr_line' id='line_1_54' title="bbox 140 2554 1232 2599; baseline 0 -9"><span class='ocrx_word' id='word_1_384' title='bbox 140 2555 250 2590; x_wconf 87' lang='lat' dir='ltr'><strong>missa</strong></span> <span class='ocrx_word' id='word_1_385' title='bbox 275 2558 337 2590; x_wconf 89' lang='lat' dir='ltr'><strong>est.</strong></span> <span class='ocrx_word' id='word_1_386' title='bbox 370 2554 558 2599; x_wconf 87' lang='lat' dir='ltr'><strong>respondi,</strong></span> <span class='ocrx_word' id='word_1_387' title='bbox 584 2554 615 2588; x_wconf 93' lang='lat' dir='ltr'><strong>si</strong></span> <span class='ocrx_word' id='word_1_388' title='bbox 638 2554 774 2589; x_wconf 89' lang='lat' dir='ltr'><strong>arbitro</strong></span> <span class='ocrx_word' id='word_1_389' title='bbox 826 2555 957 2589; x_wconf 88' lang='lat' dir='ltr'><strong>aritum</strong></span> <span class='ocrx_word' id='word_1_390' title='bbox 980 2565 1054 2590; x_wconf 90' lang='lat' dir='ltr'><strong>non</strong></span> <span class='ocrx_word' id='word_1_391' title='bbox 1077 2559 1173 2590; x_wconf 88' lang='lat' dir='ltr'><strong>esset</strong></span> <span class='ocrx_word' id='word_1_392' title='bbox 1195 2555 1232 2590; x_wconf 93' lang='lat' dir='ltr'><strong>in</strong></span> 
     </span>
     <span class='ocr_line' id='line_1_55' title="bbox 141 2599 1231 2645; baseline 0 -9"><span class='ocrx_word' id='word_1_393' title='bbox 141 2610 194 2642; x_wconf 89' lang='lat' dir='ltr'><strong>eo,</strong></span> <span class='ocrx_word' id='word_1_394' title='bbox 219 2600 316 2644; x_wconf 88' lang='lat' dir='ltr'><strong>quod</strong></span> <span class='ocrx_word' id='word_1_395' title='bbox 339 2604 493 2644; x_wconf 87' lang='lat' dir='ltr'><strong>utroque</strong></span> <span class='ocrx_word' id='word_1_396' title='bbox 527 2603 717 2645; x_wconf 86' lang='lat' dir='ltr'><strong>praesente</strong></span> <span class='ocrx_word' id='word_1_397' title='bbox 753 2609 794 2634; x_wconf 86' lang='lat' dir='ltr'><strong>ar</strong></span> <span class='ocrx_word' id='word_1_398' title='bbox 819 2599 949 2635; x_wconf 87' lang='lat' dir='ltr'><strong>itratus</strong></span> <span class='ocrx_word' id='word_1_399' title='bbox 987 2604 1100 2643; x_wconf 89' lang='lat' dir='ltr'><strong>esset,</strong></span> <span class='ocrx_word' id='word_1_400' title='bbox 1144 2610 1231 2645; x_wconf 92' lang='lat' dir='ltr'><strong>poe-</strong></span> 
     </span>
     <span class='ocr_line' id='line_1_56' title="bbox 140 2645 500 2680; baseline -0.003 0"><span class='ocrx_word' id='word_1_401' title='bbox 140 2646 238 2680; x_wconf 83' lang='lat' dir='ltr'><strong>nam⁷</strong></span> <span class='ocrx_word' id='word_1_402' title='bbox 265 2645 500 2680; x_wconf 88' lang='lat' dir='ltr'><strong>commissam.</strong></span> 
     </span>
    </p>

    <p class='ocr_par' dir='ltr' id='par_1_11' title="bbox 140 2688 1232 2825">
     <span class='ocr_line' id='line_1_57' title="bbox 186 2688 1231 2727; baseline -0.003 0"><span class='ocrx_word' id='word_1_403' title='bbox 186 2688 238 2727; x_wconf 89' lang='lat'><strong>45</strong></span> <span class='ocrx_word' id='word_1_404' title='bbox 271 2690 467 2727; x_wconf 66' lang='lat' dir='ltr'><strong>Urmmss</strong></span> <span class='ocrx_word' id='word_1_405' title='bbox 496 2690 589 2726; x_wconf 78' lang='lat' dir='ltr'><strong>libro</strong></span> <span class='ocrx_word' id='word_1_406' title='bbox 613 2690 807 2725; x_wconf 81' lang='lat' dir='ltr'><strong>vicensimo</strong></span> <span class='ocrx_word' id='word_1_407' title='bbox 831 2695 958 2725; x_wconf 85' lang='lat' dir='ltr'><strong>octavo</strong></span> <span class='ocrx_word' id='word_1_408' title='bbox 983 2690 1034 2725; x_wconf 84' lang='lat' dir='ltr'><strong>ad</strong></span> <span class='ocrx_word' id='word_1_409' title='bbox 1056 2689 1231 2726; x_wconf 79' lang='lat' dir='ltr'><strong>Sabinum</strong></span> 
     </span>
     <span class='ocr_line' id='line_1_58' title="bbox 140 2735 1232 2780; baseline -0.001 -9"><span class='ocrx_word' id='word_1_410' title='bbox 140 2737 182 2772; x_wconf 91' lang='lat' dir='ltr'><strong>In</strong></span> <span class='ocrx_word' id='word_1_411' title='bbox 214 2735 478 2780; x_wconf 89' lang='lat' dir='ltr'><strong>compromissis</strong></span> <span class='ocrx_word' id='word_1_412' title='bbox 512 2735 699 2770; x_wconf 88' lang='lat' dir='ltr'><strong>arbitrium</strong></span> <span class='ocrx_word' id='word_1_413' title='bbox 734 2744 911 2780; x_wconf 85' lang='lat' dir='ltr'><strong>personae</strong></span> <span class='ocrx_word' id='word_1_414' title='bbox 945 2735 1119 2770; x_wconf 90' lang='lat' dir='ltr'><strong>insertum</strong></span> <span class='ocrx_word' id='word_1_415' title='bbox 1151 2745 1232 2780; x_wconf 89' lang='lat' dir='ltr'><strong>per-</strong></span> 
     </span>
     <span class='ocr_line' id='line_1_59' title="bbox 140 2781 578 2825; baseline -0.007 -7"><span class='ocrx_word' id='word_1_416' title='bbox 140 2791 266 2818; x_wconf 88' lang='lat' dir='ltr'><strong>sonam</strong></span> <span class='ocrx_word' id='word_1_417' title='bbox 291 2791 365 2816; x_wconf 89' lang='lat' dir='ltr'><strong>non</strong></span> <span class='ocrx_word' id='word_1_418' title='bbox 389 2781 578 2825; x_wconf 85' lang='lat' dir='ltr'><strong>egreditur.</strong></span> 
     </span>
    </p>

    <p class='ocr_par' dir='ltr' id='par_1_12' title="bbox 139 2823 1234 3006">
     <span class='ocr_line' id='line_1_60' title="bbox 186 2823 1233 2863; baseline -0.003 0"><span class='ocrx_word' id='word_1_419' title='bbox 186 2823 239 2863; x_wconf 86' lang='grc'><strong>46</strong></span> <span class='ocrx_word' id='word_1_420' title='bbox 264 2826 424 2861; x_wconf 75' lang='lat' dir='ltr'><em>PAULUS</em></span> <span class='ocrx_word' id='word_1_421' title='bbox 453 2826 543 2861; x_wconf 77' lang='lat' dir='ltr'><strong>libro</strong></span> <span class='ocrx_word' id='word_1_422' title='bbox 568 2825 779 2861; x_wconf 80' lang='lat' dir='ltr'><strong>duodecimo</strong></span> <span class='ocrx_word' id='word_1_423' title='bbox 803 2825 854 2860; x_wconf 81' lang='lat' dir='ltr'><strong>ad</strong></span> <span class='ocrx_word' id='word_1_424' title='bbox 875 2823 1051 2861; x_wconf 77' lang='lat' dir='ltr'><strong>Sabinum</strong></span> <span class='ocrx_word' id='word_1_425' title='bbox 1098 2825 1154 2860; x_wconf 89' lang='lat' dir='ltr'><strong>De</strong></span> <span class='ocrx_word' id='word_1_426' title='bbox 1178 2826 1233 2860; x_wconf 88' lang='lat' dir='ltr'><strong>his</strong></span> 
     </span>
     <span class='ocr_line' id='line_1_61' title="bbox 139 2869 1234 2907; baseline -0.002 0"><span class='ocrx_word' id='word_1_427' title='bbox 139 2872 246 2907; x_wconf 89' lang='lat' dir='ltr'><strong>rebus</strong></span> <span class='ocrx_word' id='word_1_428' title='bbox 272 2875 307 2906; x_wconf 90' lang='lat' dir='ltr'><strong>et</strong></span> <span class='ocrx_word' id='word_1_429' title='bbox 330 2871 529 2906; x_wconf 89' lang='lat' dir='ltr'><strong>rationibus</strong></span> <span class='ocrx_word' id='word_1_430' title='bbox 554 2874 590 2906; x_wconf 86' lang='lat' dir='ltr'><strong>et</strong></span> <span class='ocrx_word' id='word_1_431' title='bbox 615 2870 892 2906; x_wconf 81' lang='lat' dir='ltr'><strong>controversiis⁸</strong></span> <span class='ocrx_word' id='word_1_432' title='bbox 914 2869 1075 2906; x_wconf 85' lang='lat' dir='ltr'><strong>iudicare</strong></span> <span class='ocrx_word' id='word_1_433' title='bbox 1099 2871 1234 2906; x_wconf 87' lang='lat' dir='ltr'><strong>arbiter</strong></span> 
     </span>
     <span class='ocr_line' id='line_1_62' title="bbox 139 2915 1231 2963; baseline -0.002 -11"><span class='ocrx_word' id='word_1_434' title='bbox 139 2920 269 2963; x_wconf 90' lang='lat' dir='ltr'><strong>potest,</strong></span> <span class='ocrx_word' id='word_1_435' title='bbox 295 2927 388 2962; x_wconf 89' lang='lat' dir='ltr'><strong>quae</strong></span> <span class='ocrx_word' id='word_1_436' title='bbox 413 2916 458 2951; x_wconf 90' lang='lat' dir='ltr'><strong>ab</strong></span> <span class='ocrx_word' id='word_1_437' title='bbox 482 2916 583 2951; x_wconf 90' lang='lat' dir='ltr'><strong>initio</strong></span> <span class='ocrx_word' id='word_1_438' title='bbox 608 2916 762 2951; x_wconf 83' lang='lat' dir='ltr'><strong>fuissent</strong></span> <span class='ocrx_word' id='word_1_439' title='bbox 784 2916 877 2951; x_wconf 89' lang='lat' dir='ltr'><strong>inter</strong></span> <span class='ocrx_word' id='word_1_440' title='bbox 900 2926 962 2951; x_wconf 91' lang='lat' dir='ltr'><strong>eos</strong></span> <span class='ocrx_word' id='word_1_441' title='bbox 987 2915 1048 2960; x_wconf 91' lang='lat' dir='ltr'><strong>qui</strong></span> <span class='ocrx_word' id='word_1_442' title='bbox 1068 2926 1231 2961; x_wconf 91' lang='lat' dir='ltr'><strong>compro-</strong></span> 
     </span>
     <span class='ocr_line' id='line_1_63' title="bbox 140 2963 1002 3006; baseline -0.001 -9"><span class='ocrx_word' id='word_1_443' title='bbox 140 2963 321 3004; x_wconf 89' lang='lat' dir='ltr'><strong>miserunt,</strong></span> <span class='ocrx_word' id='word_1_444' title='bbox 345 2972 420 2997; x_wconf 91' lang='lat' dir='ltr'><strong>non</strong></span> <span class='ocrx_word' id='word_1_445' title='bbox 444 2971 536 3006; x_wconf 91' lang='lat' dir='ltr'><strong>quae</strong></span> <span class='ocrx_word' id='word_1_446' title='bbox 559 2965 687 3006; x_wconf 91' lang='lat' dir='ltr'><strong>postea</strong></span> <span class='ocrx_word' id='word_1_447' title='bbox 710 2971 753 2996; x_wconf 91' lang='lat' dir='ltr'><strong>su</strong></span> <span class='ocrx_word' id='word_1_448' title='bbox 780 2964 1002 2996; x_wconf 88' lang='lat' dir='ltr'><strong>ervenerunt.</strong></span> 
     </span>
    </p>

    <p class='ocr_par' dir='ltr' id='par_1_13' title="bbox 141 3005 1235 3269">
     <span class='ocr_line' id='line_1_64' title="bbox 186 3005 1232 3053; baseline -0.002 -9"><span class='ocrx_word' id='word_1_449' title='bbox 186 3005 239 3044; x_wconf 84' lang='lat'><strong>47</strong></span> <span class='ocrx_word' id='word_1_450' title='bbox 264 3006 460 3042; x_wconf 73' lang='lat' dir='ltr'><strong>IULIANUS</strong></span> <span class='ocrx_word' id='word_1_451' title='bbox 480 3007 571 3042; x_wconf 79' lang='lat' dir='ltr'><strong>libro</strong></span> <span class='ocrx_word' id='word_1_452' title='bbox 595 3009 727 3052; x_wconf 82' lang='lat' dir='ltr'><strong>quarto</strong></span> <span class='ocrx_word' id='word_1_453' title='bbox 773 3007 971 3053; x_wconf 75' lang='lat' dir='ltr'><strong>iqestorum</strong></span> <span class='ocrx_word' id='word_1_454' title='bbox 1007 3005 1046 3041; x_wconf 89' lang='lat' dir='ltr'><strong>Si</strong></span> <span class='ocrx_word' id='word_1_455' title='bbox 1068 3016 1232 3051; x_wconf 89' lang='lat' dir='ltr'><strong>compro-</strong></span> 
     </span>
     <span class='ocr_line' id='line_1_65' title="bbox 141 3052 1235 3097; baseline -0.001 -9"><span class='ocrx_word' id='word_1_456' title='bbox 141 3053 287 3088; x_wconf 88' lang='lat' dir='ltr'><strong>missum</strong></span> <span class='ocrx_word' id='word_1_457' title='bbox 320 3052 372 3087; x_wconf 89' lang='lat' dir='ltr'><strong>ita</strong></span> <span class='ocrx_word' id='word_1_458' title='bbox 405 3052 543 3087; x_wconf 87' lang='lat' dir='ltr'><strong>factum</strong></span> <span class='ocrx_word' id='word_1_459' title='bbox 578 3055 650 3094; x_wconf 89' lang='lat' dir='ltr'><strong>est,</strong></span> <span class='ocrx_word' id='word_1_460' title='bbox 686 3055 728 3086; x_wconf 90' lang='lat' dir='ltr'><strong>ut</strong></span> <span class='ocrx_word' id='word_1_461' title='bbox 761 3055 953 3097; x_wconf 87' lang='lat' dir='ltr'><strong>praesente</strong></span> <span class='ocrx_word' id='word_1_462' title='bbox 984 3056 1138 3097; x_wconf 89' lang='lat' dir='ltr'><strong>utroque</strong></span> <span class='ocrx_word' id='word_1_463' title='bbox 1170 3056 1235 3087; x_wconf 89' lang='lat' dir='ltr'><strong>aut</strong></span> 
     </span>
     <span class='ocr_line' id='line_1_66' title="bbox 141 3097 1234 3133; baseline 0 -1"><span class='ocrx_word' id='word_1_464' title='bbox 141 3097 331 3133; x_wconf 85' lang='lat' dir='ltr'><strong>heredibus</strong></span> <span class='ocrx_word' id='word_1_465' title='bbox 356 3107 478 3132; x_wconf 91' lang='lat' dir='ltr'><strong>eorum</strong></span> <span class='ocrx_word' id='word_1_466' title='bbox 501 3097 636 3132; x_wconf 85' lang='lat' dir='ltr'><strong>arbiter</strong></span> <span class='ocrx_word' id='word_1_467' title='bbox 659 3097 871 3132; x_wconf 87' lang='lat' dir='ltr'><strong>sententiam</strong></span> <span class='ocrx_word' id='word_1_468' title='bbox 896 3097 994 3132; x_wconf 88' lang='lat' dir='ltr'><strong>dicat</strong></span> <span class='ocrx_word' id='word_1_469' title='bbox 1017 3101 1053 3132; x_wconf 89' lang='lat' dir='ltr'><strong>et</strong></span> <span class='ocrx_word' id='word_1_470' title='bbox 1076 3097 1166 3132; x_wconf 88' lang='lat' dir='ltr'><strong>alter</strong></span> <span class='ocrx_word' id='word_1_471' title='bbox 1190 3108 1234 3132; x_wconf 82' lang='lat' dir='ltr'><strong>ex</strong></span> 
     </span>
     <span class='ocr_line' id='line_1_67' title="bbox 141 3142 1233 3222; baseline 0.001 -45"><span class='ocrx_word' id='word_1_472' title='bbox 141 3142 377 3187; x_wconf 86' lang='lat' dir='ltr'><strong>litigatoribus</strong></span> <span class='ocrx_word' id='word_1_473' title='bbox 414 3142 610 3177; x_wconf 90' lang='lat' dir='ltr'><strong>decesserit</strong></span> <span class='ocrx_word' id='word_1_474' title='bbox 635 3142 780 3222; x_wconf 55' lang='lat' dir='ltr'><strong>(pupillo</strong></span> <span class='ocrx_word' id='word_1_475' title='bbox 815 3142 947 3178; x_wconf 89' lang='lat' dir='ltr'><strong>herede</strong></span> <span class='ocrx_word' id='word_1_476' title='bbox 979 3142 1124 3185; x_wconf 90' lang='lat' dir='ltr'><strong>relicto,</strong></span> <span class='ocrx_word' id='word_1_477' title='bbox 1159 3153 1233 3178; x_wconf 92' lang='lat' dir='ltr'><strong>non</strong></span> 
     </span>
     <span class='ocr_line' id='line_1_68' title="bbox 142 3187 1231 3229; baseline 0.001 -7"><span class='ocrx_word' id='word_1_478' title='bbox 142 3187 244 3223; x_wconf 90' lang='lat' dir='ltr'><strong>aliter</strong></span> <span class='ocrx_word' id='word_1_479' title='bbox 265 3187 406 3223; x_wconf 78' lang='lat' dir='ltr'><strong>videtur</strong></span> <span class='ocrx_word' id='word_1_480' title='bbox 432 3187 610 3223; x_wconf 87' lang='lat' dir='ltr'><strong>sententia</strong></span> <span class='ocrx_word' id='word_1_481' title='bbox 661 3187 732 3222; x_wconf 87' lang='lat' dir='ltr'><strong>&#39;cta</strong></span> <span class='ocrx_word' id='word_1_482' title='bbox 757 3197 853 3229; x_wconf 90' lang='lat' dir='ltr'><strong>esse,</strong></span> <span class='ocrx_word' id='word_1_483' title='bbox 887 3187 958 3222; x_wconf 92' lang='lat' dir='ltr'><strong>nisi</strong></span> <span class='ocrx_word' id='word_1_484' title='bbox 988 3187 1120 3223; x_wconf 87' lang='lat' dir='ltr'><strong>tutoris</strong></span> <span class='ocrx_word' id='word_1_485' title='bbox 1145 3198 1231 3223; x_wconf 88' lang='lat' dir='ltr'><strong>auc-</strong></span> 
     </span>
     <span class='ocr_line' id='line_1_69' title="bbox 478 3231 1232 3269; baseline -0.001 -1"><span class='ocrx_word' id='word_1_486' title='bbox 478 3233 571 3268; x_wconf 90' lang='lat' dir='ltr'><strong>osita</strong></span> <span class='ocrx_word' id='word_1_487' title='bbox 593 3231 711 3267; x_wconf 86' lang='lat' dir='ltr'><strong>fuerit.</strong></span> <span class='ocrx_word' id='word_1_488' title='bbox 760 3232 851 3268; x_wconf 90' lang='lat' dir='ltr'><strong>Item</strong></span> <span class='ocrx_word' id='word_1_489' title='bbox 882 3233 913 3267; x_wconf 93' lang='lat' dir='ltr'><strong>si</strong></span> <span class='ocrx_word' id='word_1_490' title='bbox 944 3233 1036 3268; x_wconf 88' lang='lat' dir='ltr'><strong>alter</strong></span> <span class='ocrx_word' id='word_1_491' title='bbox 1068 3243 1112 3268; x_wconf 88' lang='lat' dir='ltr'><strong>ex</strong></span> <span class='ocrx_word' id='word_1_492' title='bbox 1136 3244 1232 3269; x_wconf 91' lang='lat' dir='ltr'><strong>com-</strong></span> 
     </span>
    </p>

    <p class='ocr_par' dir='ltr' id='par_1_14' title="bbox 516 3277 768 3323">
     <span class='ocr_line' id='line_1_70' title="bbox 516 3277 768 3323; baseline -0.008 -10"><span class='ocrx_word' id='word_1_493' title='bbox 516 3288 574 3313; x_wconf 91' lang='lat' dir='ltr'><strong>ere</strong></span> <span class='ocrx_word' id='word_1_494' title='bbox 598 3277 768 3323; x_wconf 90' lang='lat' dir='ltr'><strong>coeperit,</strong></span> 
     </span>
    </p>
   </div>
   <div class='ocr_carea' id='block_1_3' title="bbox 142 3233 1235 3413">
    <p class='ocr_par' dir='ltr' id='par_1_15' title="bbox 142 3233 433 3322">
     <span class='ocr_line' id='line_1_71' title="bbox 146 3233 433 3268; baseline 0 -1"><span class='ocrx_word' id='word_1_495' title='bbox 146 3235 161 3267; x_wconf 90' lang='lat'>1</span> <span class='ocrx_word' id='word_1_496' title='bbox 208 3233 335 3268; x_wconf 88' lang='lat' dir='ltr'><strong>toritas</strong></span> <span class='ocrx_word' id='word_1_497' title='bbox 359 3233 433 3268; x_wconf 89' lang='lat' dir='ltr'><strong>inte</strong></span> 
     </span>
     <span class='ocr_line' id='line_1_72' title="bbox 142 3278 432 3322; baseline 0.007 -11"><span class='ocrx_word' id='word_1_498' title='bbox 142 3278 432 3322; x_wconf 89' lang='lat' dir='ltr'><strong>promittentibus</strong></span> 
     </span>
    </p>

    <p class='ocr_par' dir='ltr' id='par_1_16' title="bbox 144 3319 1235 3413">
     <span class='ocr_line' id='line_1_73' title="bbox 190 3319 1235 3368; baseline 0 -10"><span class='ocrx_word' id='word_1_499' title='bbox 190 3319 243 3359; x_wconf 86' lang='lat'><strong>48</strong></span> <span class='ocrx_word' id='word_1_500' title='bbox 267 3322 522 3358; x_wconf 71' lang='lat' dir='ltr'><em>MODESTJNUS</em></span> <span class='ocrx_word' id='word_1_501' title='bbox 554 3323 647 3358; x_wconf 78' lang='lat' dir='ltr'><strong>libro</strong></span> <span class='ocrx_word' id='word_1_502' title='bbox 683 3326 815 3368; x_wconf 82' lang='lat' dir='ltr'><strong>quarto</strong></span> <span class='ocrx_word' id='word_1_503' title='bbox 840 3333 881 3357; x_wconf 81' lang='lat' dir='ltr'><strong>re</strong></span> <span class='ocrx_word' id='word_1_504' title='bbox 908 3322 1052 3358; x_wconf 73' lang='lat' dir='ltr'><strong>alarum</strong></span> <span class='ocrx_word' id='word_1_505' title='bbox 1099 3322 1235 3358; x_wconf 90' lang='lat' dir='ltr'><strong>arbiter</strong></span> 
     </span>
     <span class='ocr_line' id='line_1_74' title="bbox 144 3365 1004 3413; baseline 0.002 -12"><span class='ocrx_word' id='word_1_506' title='bbox 144 3365 191 3401; x_wconf 90' lang='lat' dir='ltr'><strong>ad</strong></span> <span class='ocrx_word' id='word_1_507' title='bbox 213 3366 395 3402; x_wconf 84' lang='lat' dir='ltr'><strong>ferendam</strong></span> <span class='ocrx_word' id='word_1_508' title='bbox 419 3368 632 3403; x_wconf 85' lang='lat' dir='ltr'><strong>sententiam</strong></span> <span class='ocrx_word' id='word_1_509' title='bbox 656 3378 730 3402; x_wconf 90' lang='lat' dir='ltr'><strong>non</strong></span> <span class='ocrx_word' id='word_1_510' title='bbox 754 3378 879 3413; x_wconf 91' lang='lat' dir='ltr'><strong>compe</strong></span> <span class='ocrx_word' id='word_1_511' title='bbox 908 3371 1004 3403; x_wconf 90' lang='lat' dir='ltr'><strong>etur:</strong></span> 
     </span>
    </p>
   </div>
   <div class='ocr_carea' id='block_1_4' title="bbox 143 3479 1238 3748">
    <p class='ocr_par' dir='ltr' id='par_1_17' title="bbox 143 3479 1238 3748">
     <span class='ocr_line' id='line_1_75' title="bbox 145 3479 1232 3524; baseline 0 -11"><span class='ocrx_word' id='word_1_512' title='bbox 145 3480 183 3520; x_wconf 88' lang='lat'><strong>(1)</strong></span> <span class='ocrx_word' id='word_1_513' title='bbox 201 3479 317 3512; x_wconf 85' lang='lat' dir='ltr'><strong>dariF</strong></span> <span class='ocrx_word' id='word_1_514' title='bbox 358 3483 400 3521; x_wconf 77' lang='lat'><strong>(2)</strong></span> <span class='ocrx_word' id='word_1_515' title='bbox 418 3481 567 3522; x_wconf 81' lang='lat' dir='ltr'><strong>proferre</strong></span> <span class='ocrx_word' id='word_1_516' title='bbox 576 3479 641 3521; x_wconf 54' lang='lat' dir='ltr'><strong>F»,</strong></span> <span class='ocrx_word' id='word_1_517' title='bbox 651 3481 816 3524; x_wconf 81' lang='lat' dir='ltr'><strong>proferret</strong></span> <span class='ocrx_word' id='word_1_518' title='bbox 824 3482 876 3514; x_wconf 67' lang='lat' dir='ltr'><strong>Fa</strong></span> <span class='ocrx_word' id='word_1_519' title='bbox 924 3483 966 3523; x_wconf 85' lang='grc'><strong>(3)</strong></span> <span class='ocrx_word' id='word_1_520' title='bbox 983 3492 1077 3514; x_wconf 87' lang='lat' dir='ltr'><strong>mora</strong></span> <span class='ocrx_word' id='word_1_521' title='bbox 1085 3481 1183 3513; x_wconf 86' lang='lat' dir='ltr'><strong>alteri</strong></span> <span class='ocrx_word' id='word_1_522' title='bbox 1195 3480 1232 3521; x_wconf 89' lang='lat' dir='ltr'><strong>S,</strong></span> 
     </span>
     <span class='ocr_line' id='line_1_76' title="bbox 143 3523 1232 3566; baseline 0.002 -10"><span class='ocrx_word' id='word_1_523' title='bbox 143 3534 236 3556; x_wconf 81' lang='lat' dir='ltr'><strong>mora</strong></span> <span class='ocrx_word' id='word_1_524' title='bbox 249 3524 388 3556; x_wconf 82' lang='lat' dir='ltr'><strong>alterius</strong></span> <span class='ocrx_word' id='word_1_525' title='bbox 401 3523 463 3563; x_wconf 72' lang='lat' dir='ltr'><strong>F2,</strong></span> <span class='ocrx_word' id='word_1_526' title='bbox 479 3537 539 3559; x_wconf 90' lang='lat' dir='ltr'><strong>om.</strong></span> <span class='ocrx_word' id='word_1_527' title='bbox 553 3526 588 3558; x_wconf 87' lang='lat' dir='ltr'><em>F</em></span> <span class='ocrx_word' id='word_1_528' title='bbox 596 3525 605 3545; x_wconf 83' lang='lat'><strong>¹</strong></span> <span class='ocrx_word' id='word_1_529' title='bbox 685 3531 726 3566; x_wconf 82' lang='grc'><strong>(4)</strong></span> <span class='ocrx_word' id='word_1_530' title='bbox 753 3527 994 3559; x_wconf 88' lang='lat' dir='ltr'><strong>committenda</strong></span> <span class='ocrx_word' id='word_1_531' title='bbox 1005 3526 1041 3559; x_wconf 88' lang='lat' dir='ltr'><em>F</em></span> <span class='ocrx_word' id='word_1_532' title='bbox 1105 3528 1148 3566; x_wconf 83' lang='lat'><strong>(5)</strong></span> <span class='ocrx_word' id='word_1_533' title='bbox 1173 3525 1232 3558; x_wconf 92' lang='lat' dir='ltr'><strong>ob-</strong></span> 
     </span>
     <span class='ocr_line' id='line_1_77' title="bbox 144 3569 1238 3614; baseline 0.003 -14"><span class='ocrx_word' id='word_1_534' title='bbox 144 3569 398 3611; x_wconf 84' lang='lat' dir='ltr'><strong>temperandum</strong></span> <span class='ocrx_word' id='word_1_535' title='bbox 409 3569 469 3602; x_wconf 88' lang='lat' dir='ltr'><em>FS</em></span> <span class='ocrx_word' id='word_1_536' title='bbox 566 3572 609 3612; x_wconf 88' lang='grc'><strong>(6)</strong></span> <span class='ocrx_word' id='word_1_537' title='bbox 635 3571 870 3614; x_wconf 87' lang='lat' dir='ltr'><strong>compromissi</strong></span> <span class='ocrx_word' id='word_1_538' title='bbox 882 3572 917 3604; x_wconf 94' lang='lat' dir='ltr'><em>F</em></span> <span class='ocrx_word' id='word_1_539' title='bbox 1013 3573 1055 3613; x_wconf 79' lang='lat'><strong>(7)</strong></span> <span class='ocrx_word' id='word_1_540' title='bbox 1081 3581 1191 3614; x_wconf 89' lang='lat' dir='ltr'><strong>poena</strong></span> <span class='ocrx_word' id='word_1_541' title='bbox 1203 3571 1238 3603; x_wconf 90' lang='lat' dir='ltr'><em>F</em></span> 
     </span>
     <span class='ocr_line' id='line_1_78' title="bbox 146 3613 1232 3659; baseline 0 -12"><span class='ocrx_word' id='word_1_542' title='bbox 146 3614 190 3654; x_wconf 84' lang='grc'><strong>(8)</strong></span> <span class='ocrx_word' id='word_1_543' title='bbox 215 3613 469 3646; x_wconf 81' lang='lat' dir='ltr'><strong>controversiF</strong></span> <span class='ocrx_word' id='word_1_544' title='bbox 563 3618 606 3656; x_wconf 84' lang='grc'><strong>(9)</strong></span> <span class='ocrx_word' id='word_1_545' title='bbox 631 3616 815 3649; x_wconf 83' lang='lat' dir='ltr'><strong>iusseritF</strong></span> <span class='ocrx_word' id='word_1_546' title='bbox 903 3619 963 3658; x_wconf 83' lang='grc' dir='ltr'><strong>(ιο)</strong></span> <span class='ocrx_word' id='word_1_547' title='bbox 990 3616 1232 3659; x_wconf 81' lang='lat' dir='ltr'><strong>compromisso</strong></span> 
     </span>
     <span class='ocr_line' id='line_1_79' title="bbox 145 3658 1230 3704; baseline 0.003 -14"><span class='ocrx_word' id='word_1_548' title='bbox 145 3658 217 3699; x_wconf 86' lang='lat' dir='ltr'><strong>peti</strong></span> <span class='ocrx_word' id='word_1_549' title='bbox 301 3658 559 3700; x_wconf 83' lang='lat' dir='ltr'><strong>permissumF³</strong></span> <span class='ocrx_word' id='word_1_550' title='bbox 591 3661 801 3704; x_wconf 78' lang='lat' dir='ltr'><strong>similiterque</strong></span> <span class='ocrx_word' id='word_1_551' title='bbox 826 3661 863 3701; x_wconf 79' lang='lat' dir='ltr'><strong>S,</strong></span> <span class='ocrx_word' id='word_1_552' title='bbox 893 3663 975 3702; x_wconf 79' lang='lat' dir='ltr'><strong>item,</strong></span> <span class='ocrx_word' id='word_1_553' title='bbox 997 3663 1057 3695; x_wconf 80' lang='lat' dir='ltr'><strong>sed</strong></span> <span class='ocrx_word' id='word_1_554' title='bbox 1076 3671 1230 3704; x_wconf 85' lang='lat' dir='ltr'><strong>compro-</strong></span> 
     </span>
     <span class='ocr_line' id='line_1_80' title="bbox 145 3703 1231 3748; baseline 0.006 -14"><span class='ocrx_word' id='word_1_555' title='bbox 145 3703 283 3735; x_wconf 84' lang='lat' dir='ltr'><strong>missum</strong></span> <span class='ocrx_word' id='word_1_556' title='bbox 300 3715 364 3746; x_wconf 85' lang='lat' dir='ltr'><strong>pro</strong></span> <span class='ocrx_word' id='word_1_557' title='bbox 390 3703 598 3744; x_wconf 82' lang='lat' dir='ltr'><strong>permissum,</strong></span> <span class='ocrx_word' id='word_1_558' title='bbox 619 3704 684 3745; x_wconf 79' lang='lat' dir='ltr'><strong>F2,</strong></span> <span class='ocrx_word' id='word_1_559' title='bbox 705 3706 982 3748; x_wconf 85' lang='lat' dir='ltr'><strong>compromissum</strong></span> <span class='ocrx_word' id='word_1_560' title='bbox 1002 3708 1116 3740; x_wconf 82' lang='lat' dir='ltr'><strong>mediis</strong></span> <span class='ocrx_word' id='word_1_561' title='bbox 1137 3707 1231 3739; x_wconf 72' lang='lat' dir='ltr'><strong>omis-</strong></span> 
     </span>
    </p>
   </div>
   <div class='ocr_carea' id='block_1_5' title="bbox 1249 70 1302 119">
    <p class='ocr_par' dir='ltr' id='par_1_18' title="bbox 1249 70 1302 119">
     <span class='ocr_line' id='line_1_81' title="bbox 1249 70 1302 119; baseline 0 0"><span class='ocrx_word' id='word_1_562' title='bbox 1249 70 1302 119; x_wconf 82' lang='lat'><strong>71</strong></span> 
     </span>
    </p>
   </div>
   <div class='ocr_carea' id='block_1_6' title="bbox 2212 76 2410 120">
    <p class='ocr_par' dir='ltr' id='par_1_19' title="bbox 2212 76 2410 120">
     <span class='ocr_line' id='line_1_82' title="bbox 2212 76 2410 120; baseline 0.005 -1"><span class='ocrx_word' id='word_1_563' title='bbox 2212 76 2410 120; x_wconf 72' lang='lat' dir='ltr'><strong>unae</strong></span> 
     </span>
    </p>
   </div>
   <div class='ocr_carea' id='block_1_7' title="bbox 1306 193 2410 1423">
    <p class='ocr_par' dir='ltr' id='par_1_20' title="bbox 1330 193 2408 243">
     <span class='ocr_line' id='line_1_83' title="bbox 1330 193 2408 243; baseline 0.001 -10"><span class='ocrx_word' id='word_1_564' title='bbox 1330 201 1334 205; x_wconf 91' lang='lat'>&#39;</span> <span class='ocrx_word' id='word_1_565' title='bbox 1355 193 1411 234; x_wconf 86' lang='lat'><strong>49</strong></span> <span class='ocrx_word' id='word_1_566' title='bbox 1434 195 1462 231; x_wconf 95' lang='lat' dir='ltr'><strong>I</strong></span> <span class='ocrx_word' id='word_1_567' title='bbox 1464 206 1630 233; x_wconf 63' lang='lat' dir='ltr'><strong>vamum</strong></span> <span class='ocrx_word' id='word_1_568' title='bbox 1646 196 1737 232; x_wconf 81' lang='lat' dir='ltr'><strong>libro</strong></span> <span class='ocrx_word' id='word_1_569' title='bbox 1759 201 1890 243; x_wconf 85' lang='lat' dir='ltr'><strong>quarto</strong></span> <span class='ocrx_word' id='word_1_570' title='bbox 1911 197 1952 234; x_wconf 67' lang='lat' dir='ltr'><strong>ds·</strong></span> <span class='ocrx_word' id='word_1_571' title='bbox 1976 201 2134 234; x_wconf 70' lang='lat' dir='ltr'><strong>eston-um</strong></span> <span class='ocrx_word' id='word_1_572' title='bbox 2159 198 2223 234; x_wconf 87' lang='lat' dir='ltr'><strong>sed</strong></span> <span class='ocrx_word' id='word_1_573' title='bbox 2242 202 2279 234; x_wconf 90' lang='lat' dir='ltr'><strong>et</strong></span> <span class='ocrx_word' id='word_1_574' title='bbox 2298 199 2408 235; x_wconf 88' lang='lat' dir='ltr'><strong>inter·</strong></span> 
     </span>
    </p>

    <p class='ocr_par' dir='ltr' id='par_1_21' title="bbox 1309 241 2410 651">
     <span class='ocr_line' id='line_1_84' title="bbox 1310 241 2410 296; baseline 0.004 -20"><span class='ocrx_word' id='word_1_575' title='bbox 1310 241 1475 287; x_wconf 90' lang='lat' dir='ltr'><strong>pellatur,</strong></span> <span class='ocrx_word' id='word_1_576' title='bbox 1501 253 1572 288; x_wconf 85' lang='lat' dir='ltr'><strong>quo</strong></span> <span class='ocrx_word' id='word_1_577' title='bbox 1592 242 1710 277; x_wconf 89' lang='lat' dir='ltr'><strong>minus</strong></span> <span class='ocrx_word' id='word_1_578' title='bbox 1723 243 1938 278; x_wconf 90' lang='lat' dir='ltr'><strong>sententiam</strong></span> <span class='ocrx_word' id='word_1_579' title='bbox 1976 242 2060 287; x_wconf 86' lang='lat' dir='ltr'><strong>‘cat‚</strong></span> <span class='ocrx_word' id='word_1_580' title='bbox 2080 243 2167 296; x_wconf 72' lang='lat' dir='ltr'><strong>quia</strong></span> <span class='ocrx_word' id='word_1_581' title='bbox 2186 243 2276 279; x_wconf 92' lang='lat' dir='ltr'><strong>nihil</strong></span> <span class='ocrx_word' id='word_1_582' title='bbox 2288 255 2410 280; x_wconf 89' lang='lat' dir='ltr'><strong>coram</strong></span> 
     </span>
     <span class='ocr_line' id='line_1_85' title="bbox 1309 286 2409 334; baseline 0.003 -12"><span class='ocrx_word' id='word_1_583' title='bbox 1309 287 1446 323; x_wconf 79' lang='lat' dir='ltr'><strong>furioso</strong></span> <span class='ocrx_word' id='word_1_584' title='bbox 1470 286 1549 324; x_wconf 86' lang='lat' dir='ltr'><strong>fieri</strong></span> <span class='ocrx_word' id='word_1_585' title='bbox 1581 286 1808 332; x_wconf 87' lang='lat' dir='ltr'><strong>intellegitur.</strong></span> <span class='ocrx_word' id='word_1_586' title='bbox 1846 288 1944 334; x_wconf 89' lang='lat' dir='ltr'><strong>quod</strong></span> <span class='ocrx_word' id='word_1_587' title='bbox 1968 289 1999 324; x_wconf 89' lang='lat' dir='ltr'><strong>si</strong></span> <span class='ocrx_word' id='word_1_588' title='bbox 2021 288 2182 325; x_wconf 80' lang='lat' dir='ltr'><strong>furiosus</strong></span> <span class='ocrx_word' id='word_1_589' title='bbox 2207 294 2409 325; x_wconf 85' lang='lat' dir='ltr'><strong>curatorem</strong></span> 
     </span>
     <span class='ocr_line' id='line_1_86' title="bbox 1310 332 2410 387; baseline 0.002 -19"><span class='ocrx_word' id='word_1_590' title='bbox 1310 332 1423 368; x_wconf 86' lang='lat' dir='ltr'><strong>habet</strong></span> <span class='ocrx_word' id='word_1_591' title='bbox 1458 333 1513 369; x_wconf 86' lang='lat' dir='ltr'><strong>vel</strong></span> <span class='ocrx_word' id='word_1_592' title='bbox 1549 332 1719 368; x_wconf 89' lang='lat' dir='ltr'><strong>habuerit</strong></span> <span class='ocrx_word' id='word_1_593' title='bbox 1753 332 1873 368; x_wconf 82' lang='lat' dir='ltr'><strong>adhuc</strong></span> <span class='ocrx_word' id='word_1_594' title='bbox 1909 334 2020 380; x_wconf 86' lang='lat' dir='ltr'><strong>litigio</strong></span> <span class='ocrx_word' id='word_1_595' title='bbox 2055 334 2254 387; x_wconf 87' lang='lat' dir='ltr'><strong>pendente,</strong></span> <span class='ocrx_word' id='word_1_596' title='bbox 2289 338 2410 380; x_wconf 88' lang='lat' dir='ltr'><strong>potest</strong></span> 
     </span>
     <span class='ocr_line' id='line_1_87' title="bbox 1314 379 2410 423; baseline 0.004 -11"><span class='ocrx_word' id='word_1_597' title='bbox 1314 381 1328 412; x_wconf 98' lang='grc'><strong>1</strong></span> <span class='ocrx_word' id='word_1_598' title='bbox 1380 382 1572 423; x_wconf 87' lang='lat' dir='ltr'><strong>praesente</strong></span> <span class='ocrx_word' id='word_1_599' title='bbox 1597 382 1767 414; x_wconf 88' lang='lat' dir='ltr'><strong>curatore</strong></span> <span class='ocrx_word' id='word_1_600' title='bbox 1790 379 1971 414; x_wconf 85' lang='lat' dir='ltr'><strong>sententia</strong></span> <span class='ocrx_word' id='word_1_601' title='bbox 1994 379 2077 415; x_wconf 91' lang='grc'><strong>(1101.</strong></span> <span class='ocrx_word' id='word_1_602' title='bbox 2114 380 2263 416; x_wconf 88' lang='lat' dir='ltr'><strong>Arbiter</strong></span> <span class='ocrx_word' id='word_1_603' title='bbox 2282 380 2410 416; x_wconf 86' lang='lat' dir='ltr'><strong>adesse</strong></span> 
     </span>
     <span class='ocr_line' id='line_1_88' title="bbox 1309 423 2407 471; baseline 0.003 -13"><span class='ocrx_word' id='word_1_604' title='bbox 1309 423 1511 468; x_wconf 85' lang='lat' dir='ltr'><strong>litigatores</strong></span> <span class='ocrx_word' id='word_1_605' title='bbox 1523 423 1580 460; x_wconf 82' lang='lat' dir='ltr'><strong>vel</strong></span> <span class='ocrx_word' id='word_1_606' title='bbox 1592 434 1658 469; x_wconf 91' lang='lat' dir='ltr'><strong>per</strong></span> <span class='ocrx_word' id='word_1_607' title='bbox 1669 423 1836 459; x_wconf 90' lang='lat' dir='ltr'><strong>nuntium</strong></span> <span class='ocrx_word' id='word_1_608' title='bbox 1848 424 1904 460; x_wconf 88' lang='lat' dir='ltr'><strong>vel</strong></span> <span class='ocrx_word' id='word_1_609' title='bbox 1917 424 2107 470; x_wconf 90' lang='lat' dir='ltr'><strong>epistulam</strong></span> <span class='ocrx_word' id='word_1_610' title='bbox 2128 425 2255 461; x_wconf 89' lang='lat' dir='ltr'><strong>iubere</strong></span> <span class='ocrx_word' id='word_1_611' title='bbox 2274 429 2407 471; x_wconf 90' lang='lat' dir='ltr'><strong>potest.</strong></span> 
     </span>
     <span class='ocr_line' id='line_1_89' title="bbox 1310 467 2408 515; baseline 0.003 -11"><span class='ocrx_word' id='word_1_612' title='bbox 1310 471 1330 504; x_wconf 84' lang='lat'>2</span> <span class='ocrx_word' id='word_1_613' title='bbox 1379 467 1418 504; x_wconf 88' lang='lat' dir='ltr'><strong>Si</strong></span> <span class='ocrx_word' id='word_1_614' title='bbox 1441 468 1487 504; x_wconf 91' lang='lat' dir='ltr'><strong>ab</strong></span> <span class='ocrx_word' id='word_1_615' title='bbox 1512 469 1628 505; x_wconf 77' lang='lat' dir='ltr'><strong>altera</strong></span> <span class='ocrx_word' id='word_1_616' title='bbox 1651 468 1840 504; x_wconf 82' lang='lat' dir='ltr'><strong>dumtaxat</strong></span> <span class='ocrx_word' id='word_1_617' title='bbox 1862 473 1967 515; x_wconf 87' lang='lat' dir='ltr'><strong>parte</strong></span> <span class='ocrx_word' id='word_1_618' title='bbox 1990 470 2130 506; x_wconf 90' lang='lat' dir='ltr'><strong>heredis</strong></span> <span class='ocrx_word' id='word_1_619' title='bbox 2154 470 2288 507; x_wconf 90' lang='lat' dir='ltr'><strong>mentio</strong></span> <span class='ocrx_word' id='word_1_620' title='bbox 2313 482 2408 507; x_wconf 93' lang='lat' dir='ltr'><strong>com-</strong></span> 
     </span>
     <span class='ocr_line' id='line_1_90' title="bbox 1309 513 2408 560; baseline 0.003 -11"><span class='ocrx_word' id='word_1_621' title='bbox 1309 513 1488 560; x_wconf 86' lang='lat' dir='ltr'><strong>prehensa</strong></span> <span class='ocrx_word' id='word_1_622' title='bbox 1509 514 1630 557; x_wconf 88' lang='lat' dir='ltr'><strong>fuerit,</strong></span> <span class='ocrx_word' id='word_1_623' title='bbox 1656 514 1952 560; x_wconf 87' lang='lat' dir='ltr'><strong>compromissum</strong></span> <span class='ocrx_word' id='word_1_624' title='bbox 1974 515 2134 551; x_wconf 86' lang='lat' dir='ltr'><strong>solvetur</strong></span> <span class='ocrx_word' id='word_1_625' title='bbox 2155 520 2271 552; x_wconf 87' lang='lat' dir='ltr'><strong>morte</strong></span> <span class='ocrx_word' id='word_1_626' title='bbox 2287 516 2408 552; x_wconf 88' lang='lat' dir='ltr'><strong>cuius-</strong></span> 
     </span>
     <span class='ocr_line' id='line_1_91' title="bbox 1310 559 2409 605; baseline 0.003 -10"><span class='ocrx_word' id='word_1_627' title='bbox 1310 569 1380 605; x_wconf 90' lang='lat' dir='ltr'><strong>que</strong></span> <span class='ocrx_word' id='word_1_628' title='bbox 1396 569 1442 595; x_wconf 86' lang='lat' dir='ltr'><strong>ex</strong></span> <span class='ocrx_word' id='word_1_629' title='bbox 1455 559 1708 605; x_wconf 86' lang='lat' dir='ltr'><strong>litigatoribus,</strong></span> <span class='ocrx_word' id='word_1_630' title='bbox 1733 559 1829 596; x_wconf 87' lang='lat' dir='ltr'><strong>sicut</strong></span> <span class='ocrx_word' id='word_1_631' title='bbox 1852 560 2051 596; x_wconf 87' lang='lat' dir='ltr'><strong>solveretur</strong></span> <span class='ocrx_word' id='word_1_632' title='bbox 2068 561 2180 597; x_wconf 88' lang='lat' dir='ltr'><strong>altero</strong></span> <span class='ocrx_word' id='word_1_633' title='bbox 2197 565 2354 605; x_wconf 91' lang='lat' dir='ltr'><strong>mortuo,</strong></span> <span class='ocrx_word' id='word_1_634' title='bbox 2379 561 2409 597; x_wconf 90' lang='lat' dir='ltr'><strong>si</strong></span> 
     </span>
     <span class='ocr_line' id='line_1_92' title="bbox 1309 605 2220 651; baseline 0.002 -11"><span class='ocrx_word' id='word_1_635' title='bbox 1309 605 1472 641; x_wconf 88' lang='lat' dir='ltr'><strong>neutrius</strong></span> <span class='ocrx_word' id='word_1_636' title='bbox 1496 605 1638 642; x_wconf 87' lang='lat' dir='ltr'><strong>heredis</strong></span> <span class='ocrx_word' id='word_1_637' title='bbox 1689 615 1819 641; x_wconf 82' lang='lat' dir='ltr'><strong>ersona</strong></span> <span class='ocrx_word' id='word_1_638' title='bbox 1844 606 2220 651; x_wconf 88' lang='lat' dir='ltr'><strong>comprehenderetur.</strong></span> 
     </span>
    </p>

    <p class='ocr_par' dir='ltr' id='par_1_22' title="bbox 1310 617 2409 788">
     <span class='ocr_line' id='line_1_93' title="bbox 1357 617 2408 698; baseline 0.002 -11"><span class='ocrx_word' id='word_1_639' title='bbox 1357 648 1410 688; x_wconf 89' lang='lat'><strong>50</strong></span> <span class='ocrx_word' id='word_1_640' title='bbox 1435 651 1620 687; x_wconf 69' lang='lat' dir='ltr'><strong>Ahrfflvvs</strong></span> <span class='ocrx_word' id='word_1_641' title='bbox 1640 617 1732 687; x_wconf 63' lang='grc' dir='ltr'><strong>1ιὲνο</strong></span> <span class='ocrx_word' id='word_1_642' title='bbox 1756 651 1909 698; x_wconf 78' lang='lat' dir='ltr'><strong>septimo</strong></span> <span class='ocrx_word' id='word_1_643' title='bbox 1933 650 2156 698; x_wconf 71' lang='lat' dir='ltr'><strong>diqestorum</strong></span> <span class='ocrx_word' id='word_1_644' title='bbox 2190 652 2340 689; x_wconf 90' lang='lat' dir='ltr'><strong>Arbiter</strong></span> <span class='ocrx_word' id='word_1_645' title='bbox 2364 662 2408 688; x_wconf 82' lang='lat' dir='ltr'><strong>ex</strong></span> 
     </span>
     <span class='ocr_line' id='line_1_94' title="bbox 1311 696 2407 749; baseline 0.003 -18"><span class='ocrx_word' id='word_1_646' title='bbox 1311 696 1567 741; x_wconf 89' lang='lat' dir='ltr'><strong>compromisso</strong></span> <span class='ocrx_word' id='word_1_647' title='bbox 1593 699 1758 749; x_wconf 87' lang='lat' dir='ltr'><strong>sumptus</strong></span> <span class='ocrx_word' id='word_1_648' title='bbox 1783 706 1864 732; x_wconf 89' lang='lat' dir='ltr'><strong>cum</strong></span> <span class='ocrx_word' id='word_1_649' title='bbox 1888 699 1974 732; x_wconf 89' lang='lat' dir='ltr'><strong>ante</strong></span> <span class='ocrx_word' id='word_1_650' title='bbox 1998 706 2080 732; x_wconf 92' lang='lat' dir='ltr'><strong>eum</strong></span> <span class='ocrx_word' id='word_1_651' title='bbox 2104 696 2209 740; x_wconf 91' lang='lat' dir='ltr'><strong>diem,</strong></span> <span class='ocrx_word' id='word_1_652' title='bbox 2235 698 2297 743; x_wconf 89' lang='lat' dir='ltr'><strong>qui</strong></span> <span class='ocrx_word' id='word_1_653' title='bbox 2321 708 2407 734; x_wconf 88' lang='lat' dir='ltr'><strong>con·</strong></span> 
     </span>
     <span class='ocr_line' id='line_1_95' title="bbox 1310 741 2409 788; baseline 0.002 -12"><span class='ocrx_word' id='word_1_654' title='bbox 1310 741 1458 777; x_wconf 87' lang='lat' dir='ltr'><strong>stitutus</strong></span> <span class='ocrx_word' id='word_1_655' title='bbox 1494 751 1753 788; x_wconf 79' lang='lat' dir='ltr'><strong>compromisso</strong></span> <span class='ocrx_word' id='word_1_656' title='bbox 1791 745 1887 785; x_wconf 87' lang='lat' dir='ltr'><strong>erat,</strong></span> <span class='ocrx_word' id='word_1_657' title='bbox 1932 742 2147 778; x_wconf 83' lang='lat' dir='ltr'><strong>sententiam</strong></span> <span class='ocrx_word' id='word_1_658' title='bbox 2183 742 2302 778; x_wconf 90' lang='lat' dir='ltr'><strong>dicere</strong></span> <span class='ocrx_word' id='word_1_659' title='bbox 2334 754 2409 779; x_wconf 90' lang='lat' dir='ltr'><strong>non</strong></span> 
     </span>
    </p>

    <p class='ocr_par' dir='ltr' id='par_1_23' title="bbox 1308 786 2409 1004">
     <span class='ocr_line' id='line_1_96' title="bbox 1335 786 2409 832; baseline 0.001 -10"><span class='ocrx_word' id='word_1_660' title='bbox 1335 790 1444 830; x_wconf 90' lang='lat' dir='ltr'><strong>osset,</strong></span> <span class='ocrx_word' id='word_1_661' title='bbox 1469 786 1562 823; x_wconf 89' lang='lat' dir='ltr'><strong>diem</strong></span> <span class='ocrx_word' id='word_1_662' title='bbox 1588 786 1836 832; x_wconf 90' lang='lat' dir='ltr'><strong>compromissi</strong></span> <span class='ocrx_word' id='word_1_663' title='bbox 1857 786 2014 832; x_wconf 83' lang='lat' dir='ltr'><strong>proferri</strong></span> <span class='ocrx_word' id='word_1_664' title='bbox 2036 787 2226 824; x_wconf 83' lang='lat' dir='ltr'><strong>iusserat⁹:</strong></span> <span class='ocrx_word' id='word_1_665' title='bbox 2252 788 2345 823; x_wconf 83' lang='lat' dir='ltr'><strong>alter</strong></span> <span class='ocrx_word' id='word_1_666' title='bbox 2365 799 2409 824; x_wconf 85' lang='lat' dir='ltr'><strong>ex</strong></span> 
     </span>
     <span class='ocr_line' id='line_1_97' title="bbox 1324 831 2409 877; baseline 0.002 -10"><span class='ocrx_word' id='word_1_667' title='bbox 1324 832 1548 877; x_wconf 86' lang='lat' dir='ltr'><strong>&#39;tigatoribus</strong></span> <span class='ocrx_word' id='word_1_668' title='bbox 1573 832 1670 868; x_wconf 90' lang='lat' dir='ltr'><strong>dicto</strong></span> <span class='ocrx_word' id='word_1_669' title='bbox 1695 832 1846 869; x_wconf 89' lang='lat' dir='ltr'><strong>audiens</strong></span> <span class='ocrx_word' id='word_1_670' title='bbox 1869 843 1943 868; x_wconf 91' lang='lat' dir='ltr'><strong>non</strong></span> <span class='ocrx_word' id='word_1_671' title='bbox 1974 831 2113 868; x_wconf 82' lang='lat' dir='ltr'><strong>fuerat:</strong></span> <span class='ocrx_word' id='word_1_672' title='bbox 2151 833 2409 869; x_wconf 89' lang='lat' dir='ltr'><strong>consulebatur</strong></span> 
     </span>
     <span class='ocr_line' id='line_1_98' title="bbox 1308 878 2409 924; baseline 0 -10"><span class='ocrx_word' id='word_1_673' title='bbox 1308 881 1479 923; x_wconf 87' lang='lat' dir='ltr'><strong>possetne</strong></span> <span class='ocrx_word' id='word_1_674' title='bbox 1492 878 1538 913; x_wconf 88' lang='lat' dir='ltr'><strong>ab</strong></span> <span class='ocrx_word' id='word_1_675' title='bbox 1552 888 1594 913; x_wconf 93' lang='grc'><strong>00</strong></span> <span class='ocrx_word' id='word_1_676' title='bbox 1607 878 1764 923; x_wconf 89' lang='lat' dir='ltr'><strong>pecunia</strong></span> <span class='ocrx_word' id='word_1_677' title='bbox 1776 888 1820 913; x_wconf 83' lang='lat' dir='ltr'><strong>ex</strong></span> <span class='ocrx_word' id='word_1_678' title='bbox 1841 878 2101 924; x_wconf 82' lang='lat' dir='ltr'><strong>compromisso</strong></span> <span class='ocrx_word' id='word_1_679' title='bbox 2123 878 2210 924; x_wconf 88' lang='lat' dir='ltr'><strong>peti.</strong></span> <span class='ocrx_word' id='word_1_680' title='bbox 2236 879 2409 924; x_wconf 84' lang='lat' dir='ltr'><strong>respondi</strong></span> 
     </span>
     <span class='ocr_line' id='line_1_99' title="bbox 1309 923 2409 969; baseline 0.001 -11"><span class='ocrx_word' id='word_1_681' title='bbox 1309 933 1382 958; x_wconf 91' lang='lat' dir='ltr'><strong>non</strong></span> <span class='ocrx_word' id='word_1_682' title='bbox 1432 933 1524 966; x_wconf 90' lang='lat' dir='ltr'><strong>osse,</strong></span> <span class='ocrx_word' id='word_1_683' title='bbox 1548 923 1629 959; x_wconf 90' lang='lat' dir='ltr'><strong>ideo</strong></span> <span class='ocrx_word' id='word_1_684' title='bbox 1655 923 1753 969; x_wconf 86' lang='lat' dir='ltr'><strong>quod</strong></span> <span class='ocrx_word' id='word_1_685' title='bbox 1776 934 1851 960; x_wconf 91' lang='grc'><strong>11011</strong></span> <span class='ocrx_word' id='word_1_686' title='bbox 1875 927 1970 959; x_wconf 88' lang='lat' dir='ltr'><strong>esset</strong></span> <span class='ocrx_word' id='word_1_687' title='bbox 1993 923 2128 959; x_wconf 89' lang='lat' dir='ltr'><strong>arbitro</strong></span> <span class='ocrx_word' id='word_1_688' title='bbox 2153 924 2409 969; x_wconf 69' lang='grc' dir='ltr'><strong>110111113311111ιο</strong></span> 
     </span>
     <span class='ocr_line' id='line_1_100' title="bbox 1308 934 1623 1004; baseline 0.003 -1"><span class='ocrx_word' id='word_1_689' title='bbox 1308 972 1350 1004; x_wconf 92' lang='lat' dir='ltr'><strong>ut</strong></span> <span class='ocrx_word' id='word_1_690' title='bbox 1373 934 1429 1003; x_wconf 81' lang='lat' dir='ltr'><strong>idp</strong></span> <span class='ocrx_word' id='word_1_691' title='bbox 1432 969 1573 1004; x_wconf 90' lang='lat' dir='ltr'><strong>iuberet</strong></span> <span class='ocrx_word' id='word_1_692' title='bbox 1586 969 1623 1003; x_wconf 84' lang='lat'><strong>¹¹.</strong></span> 
     </span>
    </p>

    <p class='ocr_par' dir='ltr' id='par_1_24' title="bbox 1306 1012 2409 1423">
     <span class='ocr_line' id='line_1_101' title="bbox 1355 1012 2409 1061; baseline -0.002 -10"><span class='ocrx_word' id='word_1_693' title='bbox 1355 1012 1406 1051; x_wconf 88' lang='lat'><strong>51</strong></span> <span class='ocrx_word' id='word_1_694' title='bbox 1434 1013 1675 1050; x_wconf 72' lang='lat' dir='ltr'><strong>MARoIANUs</strong></span> <span class='ocrx_word' id='word_1_695' title='bbox 1702 1013 1794 1049; x_wconf 82' lang='lat' dir='ltr'><strong>libro</strong></span> <span class='ocrx_word' id='word_1_696' title='bbox 1826 1014 1987 1050; x_wconf 79' lang='lat' dir='ltr'><strong>secundo</strong></span> <span class='ocrx_word' id='word_1_697' title='bbox 2018 1014 2232 1061; x_wconf 72' lang='lat' dir='ltr'><strong>reqularum</strong></span> <span class='ocrx_word' id='word_1_698' title='bbox 2291 1013 2329 1049; x_wconf 92' lang='lat' dir='ltr'><strong>Si</strong></span> <span class='ocrx_word' id='word_1_699' title='bbox 2364 1014 2409 1050; x_wconf 88' lang='lat' dir='ltr'><strong>de</strong></span> 
     </span>
     <span class='ocr_line' id='line_1_102' title="bbox 1308 1058 2408 1105; baseline 0.001 -11"><span class='ocrx_word' id='word_1_700' title='bbox 1308 1069 1348 1094; x_wconf 89' lang='lat' dir='ltr'><strong>re</strong></span> <span class='ocrx_word' id='word_1_701' title='bbox 1371 1069 1439 1095; x_wconf 89' lang='lat' dir='ltr'><strong>sua</strong></span> <span class='ocrx_word' id='word_1_702' title='bbox 1462 1060 1542 1105; x_wconf 90' lang='lat' dir='ltr'><strong>quis</strong></span> <span class='ocrx_word' id='word_1_703' title='bbox 1567 1059 1701 1095; x_wconf 85' lang='lat' dir='ltr'><strong>arbiter</strong></span> <span class='ocrx_word' id='word_1_704' title='bbox 1723 1058 1844 1094; x_wconf 88' lang='lat' dir='ltr'><strong>factus</strong></span> <span class='ocrx_word' id='word_1_705' title='bbox 1869 1059 1927 1101; x_wconf 83' lang='lat' dir='ltr'><strong>sit,</strong></span> <span class='ocrx_word' id='word_1_706' title='bbox 1952 1059 2167 1095; x_wconf 89' lang='lat' dir='ltr'><strong>sententiam</strong></span> <span class='ocrx_word' id='word_1_707' title='bbox 2192 1059 2312 1095; x_wconf 88' lang='lat' dir='ltr'><strong>dicere</strong></span> <span class='ocrx_word' id='word_1_708' title='bbox 2334 1070 2408 1095; x_wconf 88' lang='lat' dir='ltr'><strong>non</strong></span> 
     </span>
     <span class='ocr_line' id='line_1_103' title="bbox 1307 1104 2406 1151; baseline 0 -11"><span class='ocrx_word' id='word_1_709' title='bbox 1307 1108 1438 1150; x_wconf 89' lang='lat' dir='ltr'><strong>potest,</strong></span> <span class='ocrx_word' id='word_1_710' title='bbox 1464 1105 1550 1151; x_wconf 87' lang='lat' dir='ltr'><strong>quia</strong></span> <span class='ocrx_word' id='word_1_711' title='bbox 1573 1115 1612 1140; x_wconf 91' lang='lat' dir='ltr'><strong>se</strong></span> <span class='ocrx_word' id='word_1_712' title='bbox 1635 1104 1758 1140; x_wconf 87' lang='lat' dir='ltr'><strong>facere</strong></span> <span class='ocrx_word' id='word_1_713' title='bbox 1780 1104 1905 1140; x_wconf 87' lang='lat' dir='ltr'><strong>iubeat</strong></span> <span class='ocrx_word' id='word_1_714' title='bbox 1929 1109 1994 1140; x_wconf 90' lang='lat' dir='ltr'><strong>aut</strong></span> <span class='ocrx_word' id='word_1_715' title='bbox 2016 1108 2139 1151; x_wconf 91' lang='lat' dir='ltr'><strong>petere</strong></span> <span class='ocrx_word' id='word_1_716' title='bbox 2162 1105 2406 1150; x_wconf 86' lang='lat' dir='ltr'><strong>prohibeat¹²:</strong></span> 
     </span>
     <span class='ocr_line' id='line_1_104' title="bbox 1308 1149 2407 1196; baseline 0.001 -11"><span class='ocrx_word' id='word_1_717' title='bbox 1308 1159 1423 1195; x_wconf 88' lang='lat' dir='ltr'><strong>neque</strong></span> <span class='ocrx_word' id='word_1_718' title='bbox 1447 1154 1569 1186; x_wconf 90' lang='lat' dir='ltr'><strong>autem</strong></span> <span class='ocrx_word' id='word_1_719' title='bbox 1587 1150 1799 1195; x_wconf 83' lang='lat' dir='ltr'><strong>imperare¹³</strong></span> <span class='ocrx_word' id='word_1_720' title='bbox 1820 1149 1889 1185; x_wconf 90' lang='lat' dir='ltr'><strong>sibi</strong></span> <span class='ocrx_word' id='word_1_721' title='bbox 1908 1161 2025 1196; x_wconf 87' lang='lat' dir='ltr'><strong>neque</strong></span> <span class='ocrx_word' id='word_1_722' title='bbox 2046 1161 2085 1186; x_wconf 91' lang='grc'><strong>30</strong></span> <span class='ocrx_word' id='word_1_723' title='bbox 2096 1150 2290 1196; x_wconf 89' lang='lat' dir='ltr'><strong>prohibere</strong></span> <span class='ocrx_word' id='word_1_724' title='bbox 2310 1150 2407 1196; x_wconf 89' lang='lat' dir='ltr'><strong>quis-</strong></span> 
     </span>
     <span class='ocr_line' id='line_1_105' title="bbox 1307 1200 2408 1292; baseline -0.002 -14"><span class='ocrx_word' id='word_1_725' title='bbox 1307 1207 1415 1278; x_wconf 47' lang='lat' dir='ltr'>quggl</span> <span class='ocrx_word' id='word_1_726' title='bbox 1432 1200 1646 1277; x_wconf 50' lang='lat' dir='ltr'><strong>fssffisstlffiro</strong></span> <span class='ocrx_word' id='word_1_727' title='bbox 1666 1243 1800 1286; x_wconf 85' lang='lat' dir='ltr'><strong>quarto</strong></span> <span class='ocrx_word' id='word_1_728' title='bbox 1818 1240 2033 1292; x_wconf 59' lang='lat' dir='ltr'><strong>Teqularum</strong></span> <span class='ocrx_word' id='word_1_729' title='bbox 2070 1239 2108 1275; x_wconf 89' lang='lat' dir='ltr'><strong>Si</strong></span> <span class='ocrx_word' id='word_1_730' title='bbox 2129 1241 2190 1286; x_wconf 91' lang='grc'><strong>(1111</strong></span> <span class='ocrx_word' id='word_1_731' title='bbox 2210 1241 2331 1277; x_wconf 85' lang='grc'><strong>11133113</strong></span> <span class='ocrx_word' id='word_1_732' title='bbox 2353 1245 2408 1277; x_wconf 90' lang='lat' dir='ltr'><strong>est</strong></span> 
     </span>
     <span class='ocr_line' id='line_1_106' title="bbox 1308 1285 2407 1331; baseline 0 -9"><span class='ocrx_word' id='word_1_733' title='bbox 1308 1286 1388 1322; x_wconf 85' lang='lat' dir='ltr'><strong>ab¹⁴</strong></span> <span class='ocrx_word' id='word_1_734' title='bbox 1407 1287 1544 1322; x_wconf 89' lang='lat' dir='ltr'><strong>arbitro</strong></span> <span class='ocrx_word' id='word_1_735' title='bbox 1566 1296 1611 1322; x_wconf 84' lang='lat' dir='ltr'><strong>ex</strong></span> <span class='ocrx_word' id='word_1_736' title='bbox 1631 1295 1888 1331; x_wconf 76' lang='lat' dir='ltr'><strong>compromisso</strong></span> <span class='ocrx_word' id='word_1_737' title='bbox 1911 1285 2048 1321; x_wconf 85' lang='lat' dir='ltr'><strong>solvere</strong></span> <span class='ocrx_word' id='word_1_738' title='bbox 2059 1286 2250 1331; x_wconf 87' lang='lat' dir='ltr'><strong>pecuniam</strong></span> <span class='ocrx_word' id='word_1_739' title='bbox 2269 1297 2407 1322; x_wconf 91' lang='lat' dir='ltr'><strong>moram</strong></span> 
     </span>
     <span class='ocr_line' id='line_1_107' title="bbox 1306 1330 2408 1377; baseline 0.001 -10"><span class='ocrx_word' id='word_1_740' title='bbox 1306 1331 1449 1374; x_wconf 86' lang='lat' dir='ltr'><strong>fecerit,</strong></span> <span class='ocrx_word' id='word_1_741' title='bbox 1481 1341 1636 1377; x_wconf 90' lang='lat' dir='ltr'><strong>poenam</strong></span> <span class='ocrx_word' id='word_1_742' title='bbox 1668 1341 1713 1366; x_wconf 84' lang='lat' dir='ltr'><strong>ex</strong></span> <span class='ocrx_word' id='word_1_743' title='bbox 1745 1331 2003 1375; x_wconf 90' lang='lat' dir='ltr'><strong>compromisso</strong></span> <span class='ocrx_word' id='word_1_744' title='bbox 2028 1330 2152 1374; x_wconf 89' lang='lat' dir='ltr'><strong>debet,</strong></span> <span class='ocrx_word' id='word_1_745' title='bbox 2185 1331 2249 1367; x_wconf 91' lang='lat' dir='ltr'><strong>sed</strong></span> <span class='ocrx_word' id='word_1_746' title='bbox 2280 1335 2408 1377; x_wconf 86' lang='lat' dir='ltr'><strong>postea</strong></span> 
     </span>
     <span class='ocr_line' id='line_1_108' title="bbox 1308 1376 1830 1423; baseline -0.004 -11"><span class='ocrx_word' id='word_1_747' title='bbox 1308 1377 1477 1413; x_wconf 90' lang='lat' dir='ltr'><strong>solvendo</strong></span> <span class='ocrx_word' id='word_1_748' title='bbox 1502 1387 1622 1423; x_wconf 89' lang='lat' dir='ltr'><strong>poena</strong></span> <span class='ocrx_word' id='word_1_749' title='bbox 1644 1376 1830 1412; x_wconf 90' lang='lat' dir='ltr'><strong>liberatur.</strong></span> 
     </span>
    </p>
   </div>
   <div class='ocr_carea' id='block_1_8' title="bbox 1768 1469 1935 1509">
    <p class='ocr_par' dir='ltr' id='par_1_25' title="bbox 1768 1469 1935 1509">
     <span class='ocr_line' id='line_1_109' title="bbox 1768 1469 1935 1509; baseline 0 0"><span class='ocrx_word' id='word_1_750' title='bbox 1768 1470 1885 1509; x_wconf 88' lang='lat' dir='ltr'><strong>VIIH</strong></span> <span class='ocrx_word' id='word_1_751' title='bbox 1895 1469 1935 1509; x_wconf 78' lang='lat'><strong>¹⁵.</strong></span> 
     </span>
    </p>
   </div>
   <div class='ocr_carea' id='block_1_9' title="bbox 1308 1535 2406 1614">
    <p class='ocr_par' dir='ltr' id='par_1_26' title="bbox 1308 1535 2406 1614">
     <span class='ocr_line' id='line_1_110' title="bbox 1308 1535 2406 1569; baseline 0 0"><span class='ocrx_word' id='word_1_752' title='bbox 1308 1536 1494 1569; x_wconf 86' lang='lat' dir='ltr'><strong>NAUTAE</strong></span> <span class='ocrx_word' id='word_1_753' title='bbox 1530 1536 1769 1569; x_wconf 81' lang='lat' dir='ltr'><strong>GAUPONES</strong></span> <span class='ocrx_word' id='word_1_754' title='bbox 1803 1535 2081 1568; x_wconf 81' lang='lat' dir='ltr'><strong>STABULARII</strong></span> <span class='ocrx_word' id='word_1_755' title='bbox 2105 1535 2166 1569; x_wconf 85' lang='lat' dir='ltr'><strong>UT</strong></span> <span class='ocrx_word' id='word_1_756' title='bbox 2190 1535 2406 1569; x_wconf 84' lang='lat' dir='ltr'><strong>RECEPTA</strong></span> 
     </span>
     <span class='ocr_line' id='line_1_111' title="bbox 1708 1580 2010 1614; baseline -0.003 0"><span class='ocrx_word' id='word_1_757' title='bbox 1708 1580 2010 1614; x_wconf 82' lang='lat' dir='ltr'><strong>RESTITUANT.</strong></span> 
     </span>
    </p>
   </div>
   <div class='ocr_carea' id='block_1_10' title="bbox 1301 1647 2406 3414">
    <p class='ocr_par' dir='ltr' id='par_1_27' title="bbox 1301 1647 2406 3414">
     <span class='ocr_line' id='line_1_112' title="bbox 1357 1647 2405 1694; baseline 0 -10"><span class='ocrx_word' id='word_1_758' title='bbox 1357 1647 1375 1685; x_wconf 92' lang='lat'>1</span> <span class='ocrx_word' id='word_1_759' title='bbox 1412 1647 1610 1684; x_wconf 75' lang='lat' dir='ltr'><strong>ULPJANUS</strong></span> <span class='ocrx_word' id='word_1_760' title='bbox 1630 1648 1722 1684; x_wconf 81' lang='lat' dir='ltr'><strong>libro</strong></span> <span class='ocrx_word' id='word_1_761' title='bbox 1747 1652 1880 1694; x_wconf 83' lang='lat' dir='ltr'><strong>quarto</strong></span> <span class='ocrx_word' id='word_1_762' title='bbox 1905 1647 2042 1683; x_wconf 79' lang='lat' dir='ltr'><strong>decimo</strong></span> <span class='ocrx_word' id='word_1_763' title='bbox 2067 1647 2118 1682; x_wconf 87' lang='lat' dir='ltr'><strong>ad</strong></span> <span class='ocrx_word' id='word_1_764' title='bbox 2140 1647 2295 1683; x_wconf 80' lang='lat' dir='ltr'><strong>edictum</strong></span> <span class='ocrx_word' id='word_1_765' title='bbox 2342 1648 2405 1684; x_wconf 87' lang='lat' dir='ltr'><strong>Ait</strong></span> 
     </span>
     <span class='ocr_line' id='line_1_113' title="bbox 1307 1692 2403 1739; baseline 0 -10"><span class='ocrx_word' id='word_1_766' title='bbox 1307 1697 1472 1739; x_wconf 89' lang='lat' dir='ltr'><strong>praetor:</strong></span> <span class='ocrx_word' id='word_1_767' title='bbox 1506 1693 1711 1729; x_wconf 72' lang='lat' dir='ltr'><strong>‘Nautae¹6</strong></span> <span class='ocrx_word' id='word_1_768' title='bbox 1743 1702 1926 1738; x_wconf 87' lang='lat' dir='ltr'><strong>caupones</strong></span> <span class='ocrx_word' id='word_1_769' title='bbox 1950 1692 2139 1728; x_wconf 89' lang='lat' dir='ltr'><strong>stabularii</strong></span> <span class='ocrx_word' id='word_1_770' title='bbox 2163 1692 2260 1738; x_wconf 90' lang='lat' dir='ltr'><strong>quod</strong></span> <span class='ocrx_word' id='word_1_771' title='bbox 2284 1693 2403 1729; x_wconf 91' lang='lat' dir='ltr'><strong>cuius·</strong></span> 
     </span>
     <span class='ocr_line' id='line_1_114' title="bbox 1307 1738 2405 1785; baseline -0.001 -10"><span class='ocrx_word' id='word_1_772' title='bbox 1307 1743 1389 1785; x_wconf 88' lang='lat' dir='ltr'><strong>‘que</strong></span> <span class='ocrx_word' id='word_1_773' title='bbox 1413 1739 1550 1774; x_wconf 86' lang='lat' dir='ltr'><strong>salvum</strong></span> <span class='ocrx_word' id='word_1_774' title='bbox 1573 1739 1654 1775; x_wconf 89' lang='lat' dir='ltr'><strong>fore</strong></span> <span class='ocrx_word' id='word_1_775' title='bbox 1676 1749 1759 1775; x_wconf 91' lang='lat' dir='ltr'><strong>rece</strong></span> <span class='ocrx_word' id='word_1_776' title='bbox 1787 1738 1921 1773; x_wconf 80' lang='lat' dir='ltr'><strong>erint¹⁷</strong></span> <span class='ocrx_word' id='word_1_777' title='bbox 1945 1738 2015 1773; x_wconf 92' lang='lat' dir='ltr'><strong>nisi</strong></span> <span class='ocrx_word' id='word_1_778' title='bbox 2036 1738 2249 1780; x_wconf 88' lang='lat' dir='ltr'><strong>restituent,</strong></span> <span class='ocrx_word' id='word_1_779' title='bbox 2281 1738 2319 1773; x_wconf 93' lang='lat' dir='ltr'><strong>in</strong></span> <span class='ocrx_word' id='word_1_780' title='bbox 2343 1749 2405 1774; x_wconf 88' lang='lat' dir='ltr'><strong>eos</strong></span> 
     </span>
     <span class='ocr_line' id='line_1_115' title="bbox 1309 1783 2405 1827; baseline -0.001 -7"><span class='ocrx_word' id='word_1_781' title='bbox 1309 1788 1325 1820; x_wconf 87' lang='lat'>1</span> <span class='ocrx_word' id='word_1_782' title='bbox 1376 1784 1560 1820; x_wconf 89' lang='lat' dir='ltr'><strong>‘iudicium</strong></span> <span class='ocrx_word' id='word_1_783' title='bbox 1583 1784 1702 1820; x_wconf 88' lang='lat' dir='ltr'><strong>dabo’.</strong></span> <span class='ocrx_word' id='word_1_784' title='bbox 1780 1784 1900 1819; x_wconf 84' lang='lat' dir='ltr'><strong>axima</strong></span> <span class='ocrx_word' id='word_1_785' title='bbox 1923 1783 2060 1819; x_wconf 88' lang='lat' dir='ltr'><strong>utilitas</strong></span> <span class='ocrx_word' id='word_1_786' title='bbox 2084 1786 2140 1819; x_wconf 89' lang='lat' dir='ltr'><strong>est</strong></span> <span class='ocrx_word' id='word_1_787' title='bbox 2158 1783 2265 1819; x_wconf 88' lang='lat' dir='ltr'><strong>huius</strong></span> <span class='ocrx_word' id='word_1_788' title='bbox 2287 1784 2405 1827; x_wconf 90' lang='lat' dir='ltr'><strong>edicti,</strong></span> 
     </span>
     <span class='ocr_line' id='line_1_116' title="bbox 1306 1828 2404 1876; baseline -0.001 -10"><span class='ocrx_word' id='word_1_789' title='bbox 1306 1830 1391 1876; x_wconf 89' lang='lat' dir='ltr'><strong>quia</strong></span> <span class='ocrx_word' id='word_1_790' title='bbox 1414 1840 1561 1866; x_wconf 87' lang='lat' dir='ltr'><strong>necesse</strong></span> <span class='ocrx_word' id='word_1_791' title='bbox 1585 1833 1641 1865; x_wconf 90' lang='lat' dir='ltr'><strong>est</strong></span> <span class='ocrx_word' id='word_1_792' title='bbox 1663 1830 1873 1875; x_wconf 88' lang='lat' dir='ltr'><strong>plerumque</strong></span> <span class='ocrx_word' id='word_1_793' title='bbox 1898 1838 2021 1864; x_wconf 90' lang='lat' dir='ltr'><strong>eorum</strong></span> <span class='ocrx_word' id='word_1_794' title='bbox 2044 1828 2151 1864; x_wconf 91' lang='lat' dir='ltr'><strong>fidem</strong></span> <span class='ocrx_word' id='word_1_795' title='bbox 2173 1828 2274 1874; x_wconf 89' lang='lat' dir='ltr'><strong>sequi</strong></span> <span class='ocrx_word' id='word_1_796' title='bbox 2293 1833 2328 1864; x_wconf 91' lang='lat' dir='ltr'><strong>et</strong></span> <span class='ocrx_word' id='word_1_797' title='bbox 2347 1840 2404 1865; x_wconf 91' lang='lat' dir='ltr'><strong>res</strong></span> 
     </span>
     <span class='ocr_line' id='line_1_117' title="bbox 1307 1874 2406 1920; baseline -0.001 -9"><span class='ocrx_word' id='word_1_798' title='bbox 1307 1875 1493 1911; x_wconf 86' lang='lat' dir='ltr'><strong>custodiae</strong></span> <span class='ocrx_word' id='word_1_799' title='bbox 1524 1886 1649 1911; x_wconf 91' lang='lat' dir='ltr'><strong>eorum</strong></span> <span class='ocrx_word' id='word_1_800' title='bbox 1685 1875 1916 1911; x_wconf 89' lang='lat' dir='ltr'><strong>committere.</strong></span> <span class='ocrx_word' id='word_1_801' title='bbox 1961 1874 2048 1909; x_wconf 80' lang='lat' dir='ltr'><strong>ne¹⁸</strong></span> <span class='ocrx_word' id='word_1_802' title='bbox 2079 1874 2268 1919; x_wconf 89' lang='lat' dir='ltr'><strong>quisquam</strong></span> <span class='ocrx_word' id='word_1_803' title='bbox 2303 1878 2406 1920; x_wconf 91' lang='lat' dir='ltr'><strong>putet</strong></span> 
     </span>
     <span class='ocr_line' id='line_1_118' title="bbox 1305 1919 2405 1966; baseline -0.002 -10"><span class='ocrx_word' id='word_1_804' title='bbox 1305 1921 1461 1966; x_wconf 83' lang='lat' dir='ltr'><strong>graviter</strong></span> <span class='ocrx_word' id='word_1_805' title='bbox 1483 1921 1554 1957; x_wconf 89' lang='lat' dir='ltr'><strong>hoc</strong></span> <span class='ocrx_word' id='word_1_806' title='bbox 1578 1921 1750 1956; x_wconf 88' lang='lat' dir='ltr'><strong>adversus</strong></span> <span class='ocrx_word' id='word_1_807' title='bbox 1776 1930 1837 1956; x_wconf 89' lang='grc'><strong>003</strong></span> <span class='ocrx_word' id='word_1_808' title='bbox 1871 1919 2124 1955; x_wconf 90' lang='lat' dir='ltr'><strong>constitutum:</strong></span> <span class='ocrx_word' id='word_1_809' title='bbox 2163 1930 2247 1955; x_wconf 89' lang='lat' dir='ltr'><strong>nam</strong></span> <span class='ocrx_word' id='word_1_810' title='bbox 2281 1923 2336 1955; x_wconf 91' lang='lat' dir='ltr'><strong>est</strong></span> <span class='ocrx_word' id='word_1_811' title='bbox 2366 1920 2405 1955; x_wconf 89' lang='grc'><strong>111</strong></span> 
     </span>
     <span class='ocr_line' id='line_1_119' title="bbox 1305 1964 2406 2012; baseline 0 -11"><span class='ocrx_word' id='word_1_812' title='bbox 1305 1967 1466 2012; x_wconf 89' lang='lat' dir='ltr'><strong>ipsorum</strong></span> <span class='ocrx_word' id='word_1_813' title='bbox 1487 1966 1648 2009; x_wconf 89' lang='lat' dir='ltr'><strong>arbitrio,</strong></span> <span class='ocrx_word' id='word_1_814' title='bbox 1668 1976 1715 2002; x_wconf 90' lang='lat' dir='ltr'><strong>ne</strong></span> <span class='ocrx_word' id='word_1_815' title='bbox 1735 1975 1842 2011; x_wconf 90' lang='lat' dir='ltr'><strong>quem</strong></span> <span class='ocrx_word' id='word_1_816' title='bbox 1860 1965 2047 2010; x_wconf 88' lang='lat' dir='ltr'><strong>recipiant,</strong></span> <span class='ocrx_word' id='word_1_817' title='bbox 2068 1968 2104 2000; x_wconf 90' lang='lat' dir='ltr'><strong>et</strong></span> <span class='ocrx_word' id='word_1_818' title='bbox 2122 1964 2192 2000; x_wconf 89' lang='lat' dir='ltr'><strong>nisi</strong></span> <span class='ocrx_word' id='word_1_819' title='bbox 2210 1964 2281 2001; x_wconf 88' lang='lat' dir='ltr'><strong>hoc</strong></span> <span class='ocrx_word' id='word_1_820' title='bbox 2310 1969 2406 2001; x_wconf 89' lang='lat' dir='ltr'><strong>esset</strong></span> 
     </span>
     <span class='ocr_line' id='line_1_120' title="bbox 1306 2010 2404 2054; baseline 0 -8"><span class='ocrx_word' id='word_1_821' title='bbox 1306 2015 1495 2054; x_wconf 87' lang='lat' dir='ltr'><strong>statutum,</strong></span> <span class='ocrx_word' id='word_1_822' title='bbox 1527 2011 1679 2046; x_wconf 88' lang='lat' dir='ltr'><strong>materia</strong></span> <span class='ocrx_word' id='word_1_823' title='bbox 1703 2011 1849 2046; x_wconf 91' lang='lat' dir='ltr'><strong>daretur</strong></span> <span class='ocrx_word' id='word_1_824' title='bbox 1874 2021 1955 2045; x_wconf 90' lang='lat' dir='ltr'><strong>cum</strong></span> <span class='ocrx_word' id='word_1_825' title='bbox 1978 2010 2120 2046; x_wconf 87' lang='lat' dir='ltr'><strong>furibus</strong></span> <span class='ocrx_word' id='word_1_826' title='bbox 2145 2010 2317 2046; x_wconf 85' lang='lat' dir='ltr'><strong>adversus</strong></span> <span class='ocrx_word' id='word_1_827' title='bbox 2343 2021 2404 2046; x_wconf 92' lang='lat' dir='ltr'><strong>eos</strong></span> 
     </span>
     <span class='ocr_line' id='line_1_121' title="bbox 1306 2055 2404 2102; baseline 0 -10"><span class='ocrx_word' id='word_1_828' title='bbox 1306 2067 1397 2102; x_wconf 91' lang='lat' dir='ltr'><strong>quos</strong></span> <span class='ocrx_word' id='word_1_829' title='bbox 1428 2057 1609 2101; x_wconf 85' lang='lat' dir='ltr'><strong>recipiunt</strong></span> <span class='ocrx_word' id='word_1_830' title='bbox 1641 2056 1813 2098; x_wconf 88' lang='lat' dir='ltr'><strong>coeundi,</strong></span> <span class='ocrx_word' id='word_1_831' title='bbox 1839 2066 1922 2091; x_wconf 90' lang='lat' dir='ltr'><strong>cum</strong></span> <span class='ocrx_word' id='word_1_832' title='bbox 1954 2066 2000 2091; x_wconf 89' lang='lat' dir='ltr'><strong>ne</strong></span> <span class='ocrx_word' id='word_1_833' title='bbox 2033 2066 2131 2091; x_wconf 90' lang='lat' dir='ltr'><strong>nunc</strong></span> <span class='ocrx_word' id='word_1_834' title='bbox 2164 2055 2308 2100; x_wconf 88' lang='lat' dir='ltr'><strong>quidem</strong></span> <span class='ocrx_word' id='word_1_835' title='bbox 2340 2056 2404 2092; x_wconf 89' lang='lat' dir='ltr'><strong>ab·</strong></span> 
     </span>
     <span class='ocr_line' id='line_1_122' title="bbox 1306 2100 2404 2146; baseline 0 -10"><span class='ocrx_word' id='word_1_836' title='bbox 1306 2104 1326 2137; x_wconf 83' lang='lat'>2</span> <span class='ocrx_word' id='word_1_837' title='bbox 1375 2101 1533 2137; x_wconf 88' lang='lat' dir='ltr'><strong>stineant</strong></span> <span class='ocrx_word' id='word_1_838' title='bbox 1563 2101 1768 2137; x_wconf 90' lang='lat' dir='ltr'><strong>huiusmodi</strong></span> <span class='ocrx_word' id='word_1_839' title='bbox 1798 2100 2001 2136; x_wconf 88' lang='lat' dir='ltr'><strong>fraudibus.</strong></span> <span class='ocrx_word' id='word_1_840' title='bbox 2051 2100 2122 2145; x_wconf 79' lang='lat' dir='ltr'><strong>Qui</strong></span> <span class='ocrx_word' id='word_1_841' title='bbox 2163 2105 2249 2136; x_wconf 92' lang='lat' dir='ltr'><strong>sunt</strong></span> <span class='ocrx_word' id='word_1_842' title='bbox 2283 2101 2404 2146; x_wconf 84' lang='lat' dir='ltr'><strong>igitur,</strong></span> 
     </span>
     <span class='ocr_line' id='line_1_123' title="bbox 1306 2146 2403 2192; baseline 0 -10"><span class='ocrx_word' id='word_1_843' title='bbox 1306 2147 1367 2192; x_wconf 88' lang='lat' dir='ltr'><strong>qui</strong></span> <span class='ocrx_word' id='word_1_844' title='bbox 1398 2150 1610 2189; x_wconf 88' lang='lat' dir='ltr'><strong>teneantur,</strong></span> <span class='ocrx_word' id='word_1_845' title='bbox 1642 2146 1835 2182; x_wconf 88' lang='lat' dir='ltr'><strong>videndum</strong></span> <span class='ocrx_word' id='word_1_846' title='bbox 1860 2149 1924 2182; x_wconf 91' lang='lat' dir='ltr'><strong>est.</strong></span> <span class='ocrx_word' id='word_1_847' title='bbox 1963 2146 2014 2181; x_wconf 88' lang='lat' dir='ltr'><strong>ait</strong></span> <span class='ocrx_word' id='word_1_848' title='bbox 2037 2149 2185 2190; x_wconf 90' lang='lat' dir='ltr'><strong>praetor</strong></span> <span class='ocrx_word' id='word_1_849' title='bbox 2218 2148 2371 2182; x_wconf 86' lang='lat' dir='ltr'><strong>‘nautae</strong></span> <span class='ocrx_word' id='word_1_850' title='bbox 2382 2147 2403 2182; x_wconf 91' lang='lat'><strong>’.</strong></span> 
     </span>
     <span class='ocr_line' id='line_1_124' title="bbox 1305 2191 2403 2238; baseline -0.001 -11"><span class='ocrx_word' id='word_1_851' title='bbox 1305 2195 1452 2228; x_wconf 90' lang='lat' dir='ltr'><strong>nautam</strong></span> <span class='ocrx_word' id='word_1_852' title='bbox 1485 2192 1650 2238; x_wconf 88' lang='lat' dir='ltr'><strong>accipere</strong></span> <span class='ocrx_word' id='word_1_853' title='bbox 1682 2192 1852 2228; x_wconf 89' lang='lat' dir='ltr'><strong>debemus</strong></span> <span class='ocrx_word' id='word_1_854' title='bbox 1885 2202 1967 2227; x_wconf 92' lang='lat' dir='ltr'><strong>eum</strong></span> <span class='ocrx_word' id='word_1_855' title='bbox 1991 2191 2052 2236; x_wconf 90' lang='lat' dir='ltr'><strong>qui</strong></span> <span class='ocrx_word' id='word_1_856' title='bbox 2086 2201 2217 2227; x_wconf 86' lang='lat' dir='ltr'><strong>navem</strong></span> <span class='ocrx_word' id='word_1_857' title='bbox 2242 2196 2403 2227; x_wconf 87' lang='lat' dir='ltr'><strong>exercet:</strong></span> 
     </span>
     <span class='ocr_line' id='line_1_125' title="bbox 1305 2236 2403 2283; baseline 0 -10"><span class='ocrx_word' id='word_1_858' title='bbox 1305 2238 1466 2283; x_wconf 86' lang='lat' dir='ltr'><strong>quamvis</strong></span> <span class='ocrx_word' id='word_1_859' title='bbox 1489 2242 1624 2273; x_wconf 90' lang='lat' dir='ltr'><strong>nautae</strong></span> <span class='ocrx_word' id='word_1_860' title='bbox 1648 2237 1876 2283; x_wconf 87' lang='lat' dir='ltr'><strong>appellantur</strong></span> <span class='ocrx_word' id='word_1_861' title='bbox 1899 2247 2041 2279; x_wconf 88' lang='lat' dir='ltr'><strong>omnes,</strong></span> <span class='ocrx_word' id='word_1_862' title='bbox 2075 2236 2137 2282; x_wconf 90' lang='lat' dir='ltr'><strong>qui</strong></span> <span class='ocrx_word' id='word_1_863' title='bbox 2168 2237 2269 2273; x_wconf 86' lang='lat' dir='ltr'><strong>navis</strong></span> <span class='ocrx_word' id='word_1_864' title='bbox 2303 2237 2403 2273; x_wconf 86' lang='lat' dir='ltr'><strong>navi-</strong></span> 
     </span>
     <span class='ocr_line' id='line_1_126' title="bbox 1303 2281 2402 2329; baseline 0 -11"><span class='ocrx_word' id='word_1_865' title='bbox 1303 2283 1444 2329; x_wconf 86' lang='lat' dir='ltr'><strong>gandae</strong></span> <span class='ocrx_word' id='word_1_866' title='bbox 1468 2293 1581 2319; x_wconf 88' lang='lat' dir='ltr'><strong>causa</strong></span> <span class='ocrx_word' id='word_1_867' title='bbox 1603 2283 1641 2318; x_wconf 92' lang='lat' dir='ltr'><strong>in</strong></span> <span class='ocrx_word' id='word_1_868' title='bbox 1664 2293 1756 2318; x_wconf 86' lang='lat' dir='ltr'><strong>nave</strong></span> <span class='ocrx_word' id='word_1_869' title='bbox 1780 2283 1869 2318; x_wconf 88' lang='lat' dir='ltr'><strong>sint:</strong></span> <span class='ocrx_word' id='word_1_870' title='bbox 1896 2281 1960 2318; x_wconf 85' lang='lat' dir='ltr'><strong>sed</strong></span> <span class='ocrx_word' id='word_1_871' title='bbox 1984 2282 2028 2317; x_wconf 87' lang='lat' dir='ltr'><strong>de</strong></span> <span class='ocrx_word' id='word_1_872' title='bbox 2050 2282 2249 2317; x_wconf 85' lang='lat' dir='ltr'><strong>exercitore</strong></span> <span class='ocrx_word' id='word_1_873' title='bbox 2269 2283 2402 2318; x_wconf 86' lang='lat' dir='ltr'><strong>solum-</strong></span> 
     </span>
     <span class='ocr_line' id='line_1_127' title="bbox 1303 2327 2402 2374; baseline -0.002 -10"><span class='ocrx_word' id='word_1_874' title='bbox 1303 2329 1409 2365; x_wconf 89' lang='lat' dir='ltr'><strong>modo</strong></span> <span class='ocrx_word' id='word_1_875' title='bbox 1422 2332 1569 2374; x_wconf 89' lang='lat' dir='ltr'><strong>praetor</strong></span> <span class='ocrx_word' id='word_1_876' title='bbox 1582 2329 1701 2364; x_wconf 85' lang='lat' dir='ltr'><strong>sentit.</strong></span> <span class='ocrx_word' id='word_1_877' title='bbox 1726 2338 1794 2364; x_wconf 91' lang='lat' dir='ltr'><strong>nec</strong></span> <span class='ocrx_word' id='word_1_878' title='bbox 1807 2327 1901 2364; x_wconf 90' lang='lat' dir='ltr'><strong>enim</strong></span> <span class='ocrx_word' id='word_1_879' title='bbox 1913 2327 2031 2369; x_wconf 89' lang='lat' dir='ltr'><strong>debet,</strong></span> <span class='ocrx_word' id='word_1_880' title='bbox 2044 2327 2161 2373; x_wconf 89' lang='lat' dir='ltr'><strong>inquit</strong></span> <span class='ocrx_word' id='word_1_881' title='bbox 2168 2327 2402 2372; x_wconf 89' lang='lat' dir='ltr'><strong>Pomponius,</strong></span> 
     </span>
     <span class='ocr_line' id='line_1_128' title="bbox 1303 2372 2403 2420; baseline -0.003 -10"><span class='ocrx_word' id='word_1_882' title='bbox 1303 2385 1368 2420; x_wconf 91' lang='lat' dir='ltr'><strong>per</strong></span> <span class='ocrx_word' id='word_1_883' title='bbox 1390 2374 1558 2419; x_wconf 89' lang='lat' dir='ltr'><strong>remigem</strong></span> <span class='ocrx_word' id='word_1_884' title='bbox 1589 2377 1653 2409; x_wconf 88' lang='lat' dir='ltr'><strong>aut</strong></span> <span class='ocrx_word' id='word_1_885' title='bbox 1682 2377 1934 2409; x_wconf 88' lang='lat' dir='ltr'><strong>mesonautam</strong></span> <span class='ocrx_word' id='word_1_886' title='bbox 1967 2372 2138 2418; x_wconf 85' lang='lat' dir='ltr'><strong>obligari,</strong></span> <span class='ocrx_word' id='word_1_887' title='bbox 2173 2372 2237 2408; x_wconf 93' lang='lat' dir='ltr'><strong>sed</strong></span> <span class='ocrx_word' id='word_1_888' title='bbox 2295 2383 2332 2407; x_wconf 90' lang='lat' dir='ltr'><strong>er</strong></span> <span class='ocrx_word' id='word_1_889' title='bbox 2353 2383 2403 2408; x_wconf 75' lang='lat' dir='ltr'><strong>=se</strong></span> 
     </span>
     <span class='ocr_line' id='line_1_129' title="bbox 1303 2418 2402 2470; baseline -0.001 -15"><span class='ocrx_word' id='word_1_890' title='bbox 1303 2420 1358 2455; x_wconf 87' lang='lat' dir='ltr'><strong>vel</strong></span> <span class='ocrx_word' id='word_1_891' title='bbox 1382 2430 1447 2464; x_wconf 89' lang='lat' dir='ltr'><strong>per</strong></span> <span class='ocrx_word' id='word_1_892' title='bbox 1470 2419 1571 2455; x_wconf 87' lang='lat' dir='ltr'><strong>navis</strong></span> <span class='ocrx_word' id='word_1_893' title='bbox 1595 2419 1824 2464; x_wconf 73' lang='lat' dir='ltr'><strong>magistrumz</strong></span> <span class='ocrx_word' id='word_1_894' title='bbox 1849 2428 2067 2470; x_wconf 78' lang='lat' dir='ltr'><strong>quamquam</strong></span> <span class='ocrx_word' id='word_1_895' title='bbox 2090 2418 2122 2453; x_wconf 90' lang='lat' dir='ltr'><strong>si</strong></span> <span class='ocrx_word' id='word_1_896' title='bbox 2144 2418 2222 2463; x_wconf 91' lang='lat' dir='ltr'><strong>ipse</strong></span> <span class='ocrx_word' id='word_1_897' title='bbox 2247 2428 2268 2452; x_wconf 88' lang='lat' dir='ltr'><strong>a</strong></span> <span class='ocrx_word' id='word_1_898' title='bbox 2286 2418 2357 2453; x_wconf 84' lang='lat' dir='ltr'><strong>&#39;cui</strong></span> <span class='ocrx_word' id='word_1_899' title='bbox 2382 2429 2402 2454; x_wconf 91' lang='lat' dir='ltr'><strong>e</strong></span> 
     </span>
     <span class='ocr_line' id='line_1_130' title="bbox 1303 2462 2402 2508; baseline -0.002 -8"><span class='ocrx_word' id='word_1_900' title='bbox 1303 2468 1323 2500; x_wconf 82' lang='lat'><strong>3</strong></span> <span class='ocrx_word' id='word_1_901' title='bbox 1360 2465 1479 2500; x_wconf 90' lang='lat' dir='ltr'><strong>nautis</strong></span> <span class='ocrx_word' id='word_1_902' title='bbox 1493 2465 1668 2500; x_wconf 90' lang='lat' dir='ltr'><strong>committi</strong></span> <span class='ocrx_word' id='word_1_903' title='bbox 1678 2465 1795 2507; x_wconf 90' lang='lat' dir='ltr'><strong>iussit,</strong></span> <span class='ocrx_word' id='word_1_904' title='bbox 1809 2464 1887 2500; x_wconf 91' lang='lat' dir='ltr'><strong>sine</strong></span> <span class='ocrx_word' id='word_1_905' title='bbox 1899 2463 2008 2498; x_wconf 82' lang='lat' dir='ltr'><strong>dubio</strong></span> <span class='ocrx_word' id='word_1_906' title='bbox 2022 2462 2152 2498; x_wconf 88' lang='lat' dir='ltr'><strong>debeat</strong></span> <span class='ocrx_word' id='word_1_907' title='bbox 2164 2463 2325 2508; x_wconf 89' lang='lat' dir='ltr'><strong>obligari.</strong></span> <span class='ocrx_word' id='word_1_908' title='bbox 2352 2463 2402 2498; x_wconf 90' lang='lat' dir='ltr'><strong>Et</strong></span> 
     </span>
     <span class='ocr_line' id='line_1_131' title="bbox 1303 2507 2401 2556; baseline -0.001 -11"><span class='ocrx_word' id='word_1_909' title='bbox 1303 2514 1388 2546; x_wconf 90' lang='lat' dir='ltr'><strong>sunt</strong></span> <span class='ocrx_word' id='word_1_910' title='bbox 1411 2510 1556 2556; x_wconf 85' lang='lat' dir='ltr'><strong>quidam</strong></span> <span class='ocrx_word' id='word_1_911' title='bbox 1578 2510 1616 2545; x_wconf 93' lang='lat' dir='ltr'><strong>in</strong></span> <span class='ocrx_word' id='word_1_912' title='bbox 1636 2510 1800 2552; x_wconf 87' lang='lat' dir='ltr'><strong>navibus,</strong></span> <span class='ocrx_word' id='word_1_913' title='bbox 1825 2509 1887 2555; x_wconf 87' lang='lat' dir='ltr'><strong>qui</strong></span> <span class='ocrx_word' id='word_1_914' title='bbox 1906 2507 2092 2544; x_wconf 87' lang='lat' dir='ltr'><strong>custodiae</strong></span> <span class='ocrx_word' id='word_1_915' title='bbox 2111 2508 2228 2552; x_wconf 89' lang='lat' dir='ltr'><strong>gratia</strong></span> <span class='ocrx_word' id='word_1_916' title='bbox 2249 2509 2401 2544; x_wconf 86' lang='lat' dir='ltr'><strong>navibus</strong></span> 
     </span>
     <span class='ocr_line' id='line_1_132' title="bbox 1303 2552 2400 2607; baseline -0.001 -17"><span class='ocrx_word' id='word_1_917' title='bbox 1303 2559 1598 2607; x_wconf 87' lang='lat' dir='ltr'><strong>praeponuntur,</strong></span> <span class='ocrx_word' id='word_1_918' title='bbox 1631 2559 1672 2590; x_wconf 90' lang='lat' dir='ltr'><strong>ut</strong></span> <span class='ocrx_word' id='word_1_919' title='bbox 1696 2552 1919 2600; x_wconf 77' lang='grc' dir='ltr'><strong><em>ναυφύλακες</em></strong></span> <span class='ocrx_word' id='word_1_920' title='bbox 1934 2554 1963 2575; x_wconf 82' lang='lat'><strong>¹⁹</strong></span> <span class='ocrx_word' id='word_1_921' title='bbox 1995 2557 2031 2589; x_wconf 89' lang='lat' dir='ltr'><strong>et</strong></span> <span class='ocrx_word' id='word_1_922' title='bbox 2054 2553 2229 2588; x_wconf 88' lang='lat' dir='ltr'><strong>diaetarii.</strong></span> <span class='ocrx_word' id='word_1_923' title='bbox 2266 2554 2298 2589; x_wconf 91' lang='lat' dir='ltr'><strong>si</strong></span> <span class='ocrx_word' id='word_1_924' title='bbox 2345 2554 2400 2590; x_wconf 88' lang='lat' dir='ltr'><strong>uis</strong></span> 
     </span>
     <span class='ocr_line' id='line_1_133' title="bbox 1302 2598 2400 2646; baseline 0 -11"><span class='ocrx_word' id='word_1_925' title='bbox 1302 2601 1410 2646; x_wconf 81' lang='lat' dir='ltr'><strong>igitur</strong></span> <span class='ocrx_word' id='word_1_926' title='bbox 1433 2611 1478 2636; x_wconf 87' lang='lat' dir='ltr'><strong>ex</strong></span> <span class='ocrx_word' id='word_1_927' title='bbox 1503 2600 1560 2635; x_wconf 91' lang='lat' dir='ltr'><strong>his</strong></span> <span class='ocrx_word' id='word_1_928' title='bbox 1584 2600 1780 2645; x_wconf 90' lang='lat' dir='ltr'><strong>receperit,</strong></span> <span class='ocrx_word' id='word_1_929' title='bbox 1812 2602 1901 2645; x_wconf 89' lang='lat' dir='ltr'><strong>puto</strong></span> <span class='ocrx_word' id='word_1_930' title='bbox 1925 2599 1963 2634; x_wconf 89' lang='lat' dir='ltr'><strong>in</strong></span> <span class='ocrx_word' id='word_1_931' title='bbox 1988 2598 2220 2634; x_wconf 88' lang='lat' dir='ltr'><strong>exercitorem</strong></span> <span class='ocrx_word' id='word_1_932' title='bbox 2244 2598 2315 2634; x_wconf 92' lang='lat' dir='ltr'><strong>dan</strong></span> <span class='ocrx_word' id='word_1_933' title='bbox 2342 2610 2400 2635; x_wconf 90' lang='lat' dir='ltr'><strong>am</strong></span> 
     </span>
     <span class='ocr_line' id='line_1_134' title="bbox 1303 2643 2399 2691; baseline -0.002 -10"><span class='ocrx_word' id='word_1_934' title='bbox 1303 2646 1492 2688; x_wconf 89' lang='lat' dir='ltr'><strong>actionem,</strong></span> <span class='ocrx_word' id='word_1_935' title='bbox 1516 2646 1600 2691; x_wconf 89' lang='lat' dir='ltr'><strong>quia</strong></span> <span class='ocrx_word' id='word_1_936' title='bbox 1619 2646 1662 2688; x_wconf 92' lang='lat' dir='ltr'><strong>is,</strong></span> <span class='ocrx_word' id='word_1_937' title='bbox 1687 2645 1823 2690; x_wconf 88' lang='grc'><strong>(1111003</strong></span> <span class='ocrx_word' id='word_1_938' title='bbox 1835 2644 2041 2679; x_wconf 89' lang='lat' dir='ltr'><strong>huiusmodi</strong></span> <span class='ocrx_word' id='word_1_939' title='bbox 2062 2643 2183 2679; x_wconf 85' lang='lat' dir='ltr'><strong>officio</strong></span> <span class='ocrx_word' id='word_1_940' title='bbox 2197 2645 2399 2690; x_wconf 87' lang='lat' dir='ltr'><strong>praeponit,</strong></span> 
     </span>
     <span class='ocr_line' id='line_1_135' title="bbox 1304 2689 2400 2734; baseline -0.001 -8"><span class='ocrx_word' id='word_1_941' title='bbox 1304 2691 1477 2727; x_wconf 91' lang='lat' dir='ltr'><strong>committi</strong></span> <span class='ocrx_word' id='word_1_942' title='bbox 1497 2691 1547 2726; x_wconf 90' lang='lat' dir='ltr'><strong>eis</strong></span> <span class='ocrx_word' id='word_1_943' title='bbox 1587 2690 1744 2732; x_wconf 87' lang='lat' dir='ltr'><strong>ermittit‚</strong></span> <span class='ocrx_word' id='word_1_944' title='bbox 1790 2699 1983 2734; x_wconf 90' lang='lat' dir='ltr'><strong>uamquam</strong></span> <span class='ocrx_word' id='word_1_945' title='bbox 1995 2689 2073 2734; x_wconf 90' lang='lat' dir='ltr'><strong>ipse</strong></span> <span class='ocrx_word' id='word_1_946' title='bbox 2084 2689 2324 2725; x_wconf 85' lang='lat' dir='ltr'><strong>navicularius</strong></span> <span class='ocrx_word' id='word_1_947' title='bbox 2345 2690 2400 2725; x_wconf 90' lang='lat' dir='ltr'><strong>vel</strong></span> 
     </span>
     <span class='ocr_line' id='line_1_136' title="bbox 1302 2733 2399 2781; baseline -0.002 -9"><span class='ocrx_word' id='word_1_948' title='bbox 1302 2737 1470 2781; x_wconf 84' lang='lat' dir='ltr'><strong>magister</strong></span> <span class='ocrx_word' id='word_1_949' title='bbox 1492 2736 1531 2771; x_wconf 88' lang='lat' dir='ltr'><strong>id</strong></span> <span class='ocrx_word' id='word_1_950' title='bbox 1571 2736 1678 2778; x_wconf 88' lang='lat' dir='ltr'><strong>aciat,</strong></span> <span class='ocrx_word' id='word_1_951' title='bbox 1703 2747 1773 2781; x_wconf 89' lang='lat' dir='ltr'><strong>quo</strong></span> <span class='ocrx_word' id='word_1_952' title='bbox 1821 2733 2089 2781; x_wconf 59' lang='grc' dir='ltr'><em>χειρέμβολονῖο</em></span> <span class='ocrx_word' id='word_1_953' title='bbox 2113 2735 2309 2779; x_wconf 88' lang='lat' dir='ltr'><strong>appellant.</strong></span> <span class='ocrx_word' id='word_1_954' title='bbox 2335 2735 2399 2770; x_wconf 88' lang='lat' dir='ltr'><strong>sed</strong></span> 
     </span>
     <span class='ocr_line' id='line_1_137' title="bbox 1303 2779 2398 2825; baseline -0.001 -9"><span class='ocrx_word' id='word_1_955' title='bbox 1303 2785 1339 2817; x_wconf 91' lang='lat' dir='ltr'><strong>et</strong></span> <span class='ocrx_word' id='word_1_956' title='bbox 1362 2781 1392 2816; x_wconf 93' lang='lat' dir='ltr'><strong>si</strong></span> <span class='ocrx_word' id='word_1_957' title='bbox 1415 2781 1485 2817; x_wconf 90' lang='lat' dir='ltr'><strong>hoc</strong></span> <span class='ocrx_word' id='word_1_958' title='bbox 1509 2791 1583 2816; x_wconf 92' lang='lat' dir='ltr'><strong>non</strong></span> <span class='ocrx_word' id='word_1_959' title='bbox 1607 2781 1804 2823; x_wconf 80' lang='lat' dir='ltr'><strong>exercet21,</strong></span> <span class='ocrx_word' id='word_1_960' title='bbox 1839 2783 1958 2815; x_wconf 86' lang='lat' dir='ltr'><strong>tamen</strong></span> <span class='ocrx_word' id='word_1_961' title='bbox 1992 2779 2037 2815; x_wconf 90' lang='grc'><strong>(10</strong></span> <span class='ocrx_word' id='word_1_962' title='bbox 2068 2783 2216 2825; x_wconf 89' lang='lat' dir='ltr'><strong>recepto</strong></span> <span class='ocrx_word' id='word_1_963' title='bbox 2250 2781 2398 2815; x_wconf 87' lang='lat' dir='ltr'><strong>navicu-</strong></span> 
     </span>
     <span class='ocr_line' id='line_1_138' title="bbox 1303 2825 2400 2867; baseline 0 -6"><span class='ocrx_word' id='word_1_964' title='bbox 1303 2829 1324 2861; x_wconf 88' lang='lat'>4</span> <span class='ocrx_word' id='word_1_965' title='bbox 1370 2826 1483 2862; x_wconf 87' lang='lat' dir='ltr'><strong>larius</strong></span> <span class='ocrx_word' id='word_1_966' title='bbox 1506 2826 1700 2861; x_wconf 87' lang='lat' dir='ltr'><strong>tenebitur.</strong></span> <span class='ocrx_word' id='word_1_967' title='bbox 1747 2825 1804 2861; x_wconf 93' lang='lat' dir='ltr'><strong>De</strong></span> <span class='ocrx_word' id='word_1_968' title='bbox 1838 2825 2098 2861; x_wconf 87' lang='lat' dir='ltr'><strong>exercitoribus</strong></span> <span class='ocrx_word' id='word_1_969' title='bbox 2130 2826 2282 2867; x_wconf 87' lang='lat' dir='ltr'><strong>ratium,</strong></span> <span class='ocrx_word' id='word_1_970' title='bbox 2316 2826 2400 2861; x_wconf 88' lang='lat' dir='ltr'><strong>item</strong></span> 
     </span>
     <span class='ocr_line' id='line_1_139' title="bbox 1301 2870 2400 2918; baseline 0.002 -13"><span class='ocrx_word' id='word_1_971' title='bbox 1301 2871 1483 2918; x_wconf 80' lang='lat' dir='ltr'><strong>lyntrariis</strong></span> <span class='ocrx_word' id='word_1_972' title='bbox 1507 2871 1595 2906; x_wconf 90' lang='lat' dir='ltr'><strong>nihil</strong></span> <span class='ocrx_word' id='word_1_973' title='bbox 1626 2873 1791 2907; x_wconf 87' lang='lat' dir='ltr'><strong>cavetur:</strong></span> <span class='ocrx_word' id='word_1_974' title='bbox 1825 2870 1889 2906; x_wconf 87' lang='lat' dir='ltr'><strong>sed</strong></span> <span class='ocrx_word' id='word_1_975' title='bbox 1920 2870 2015 2906; x_wconf 84' lang='lat' dir='ltr'><strong>idem</strong></span> <span class='ocrx_word' id='word_1_976' title='bbox 2040 2870 2211 2906; x_wconf 88' lang='lat' dir='ltr'><strong>constitui</strong></span> <span class='ocrx_word' id='word_1_977' title='bbox 2234 2875 2400 2916; x_wconf 89' lang='lat' dir='ltr'><strong>oportere</strong></span> 
     </span>
     <span class='ocr_line' id='line_1_140' title="bbox 1303 2915 2399 2961; baseline 0 -9"><span class='ocrx_word' id='word_1_978' title='bbox 1303 2921 1322 2952; x_wconf 85' lang='lat'>5</span> <span class='ocrx_word' id='word_1_979' title='bbox 1371 2916 1495 2952; x_wconf 89' lang='lat' dir='ltr'><strong>Labeo</strong></span> <span class='ocrx_word' id='word_1_980' title='bbox 1532 2916 1676 2958; x_wconf 87' lang='lat' dir='ltr'><strong>scribit,</strong></span> <span class='ocrx_word' id='word_1_981' title='bbox 1715 2920 1752 2951; x_wconf 90' lang='lat' dir='ltr'><strong>et</strong></span> <span class='ocrx_word' id='word_1_982' title='bbox 1785 2916 1855 2951; x_wconf 89' lang='lat' dir='ltr'><strong>hoc</strong></span> <span class='ocrx_word' id='word_1_983' title='bbox 1889 2916 1967 2951; x_wconf 89' lang='lat' dir='ltr'><strong>iure</strong></span> <span class='ocrx_word' id='word_1_984' title='bbox 2001 2916 2146 2951; x_wconf 85' lang='lat' dir='ltr'><strong>utimur.</strong></span> <span class='ocrx_word' id='word_1_985' title='bbox 2209 2915 2399 2961; x_wconf 88' lang='lat' dir='ltr'><strong>Caupones</strong></span> 
     </span>
     <span class='ocr_line' id='line_1_141' title="bbox 1303 2961 2398 3006; baseline 0 -10"><span class='ocrx_word' id='word_1_986' title='bbox 1303 2965 1424 2997; x_wconf 88' lang='lat' dir='ltr'><strong>autem</strong></span> <span class='ocrx_word' id='word_1_987' title='bbox 1447 2965 1483 2997; x_wconf 91' lang='lat' dir='ltr'><strong>et</strong></span> <span class='ocrx_word' id='word_1_988' title='bbox 1506 2961 1725 2997; x_wconf 86' lang='lat' dir='ltr'><strong>stabularios</strong></span> <span class='ocrx_word' id='word_1_989' title='bbox 1749 2965 1863 3006; x_wconf 88' lang='lat' dir='ltr'><strong>aeque</strong></span> <span class='ocrx_word' id='word_1_990' title='bbox 1888 2971 1949 2997; x_wconf 88' lang='lat' dir='ltr'><strong>eos</strong></span> <span class='ocrx_word' id='word_1_991' title='bbox 1973 2961 2202 3006; x_wconf 88' lang='lat' dir='ltr'><strong>accipiemus,</strong></span> <span class='ocrx_word' id='word_1_992' title='bbox 2229 2962 2288 3006; x_wconf 90' lang='grc'><strong>(1111</strong></span> <span class='ocrx_word' id='word_1_993' title='bbox 2314 2972 2398 2996; x_wconf 85' lang='lat' dir='ltr'><strong>cau-</strong></span> 
     </span>
     <span class='ocr_line' id='line_1_142' title="bbox 1301 3006 2397 3052; baseline 0 -10"><span class='ocrx_word' id='word_1_994' title='bbox 1301 3017 1434 3052; x_wconf 88' lang='lat' dir='ltr'><strong>ponam</strong></span> <span class='ocrx_word' id='word_1_995' title='bbox 1467 3007 1523 3042; x_wconf 91' lang='lat' dir='ltr'><strong>vel</strong></span> <span class='ocrx_word' id='word_1_996' title='bbox 1554 3006 1737 3042; x_wconf 89' lang='lat' dir='ltr'><strong>stabulum</strong></span> <span class='ocrx_word' id='word_1_997' title='bbox 1769 3010 1955 3049; x_wconf 82' lang='lat' dir='ltr'><strong>exercent,</strong></span> <span class='ocrx_word' id='word_1_998' title='bbox 1995 3006 2223 3042; x_wconf 85' lang='lat' dir='ltr'><strong>institoresve</strong></span> <span class='ocrx_word' id='word_1_999' title='bbox 2263 3017 2397 3042; x_wconf 88' lang='lat' dir='ltr'><strong>eorum.</strong></span> 
     </span>
     <span class='ocr_line' id='line_1_143' title="bbox 1304 3051 2397 3097; baseline -0.001 -9"><span class='ocrx_word' id='word_1_1000' title='bbox 1304 3056 1462 3088; x_wconf 88' lang='lat' dir='ltr'><strong>ceterum</strong></span> <span class='ocrx_word' id='word_1_1001' title='bbox 1486 3052 1518 3087; x_wconf 93' lang='lat' dir='ltr'><strong>si</strong></span> <span class='ocrx_word' id='word_1_1002' title='bbox 1540 3052 1603 3097; x_wconf 90' lang='lat' dir='ltr'><strong>qui</strong></span> <span class='ocrx_word' id='word_1_1003' title='bbox 1626 3062 1737 3097; x_wconf 90' lang='lat' dir='ltr'><strong>opera</strong></span> <span class='ocrx_word' id='word_1_1004' title='bbox 1759 3051 1964 3088; x_wconf 89' lang='lat' dir='ltr'><strong>mediastini</strong></span> <span class='ocrx_word' id='word_1_1005' title='bbox 1993 3051 2174 3097; x_wconf 87' lang='lat' dir='ltr'><strong>fungitur,</strong></span> <span class='ocrx_word' id='word_1_1006' title='bbox 2205 3062 2278 3087; x_wconf 92' lang='grc'><strong>11011</strong></span> <span class='ocrx_word' id='word_1_1007' title='bbox 2312 3062 2397 3087; x_wconf 88' lang='grc'><strong>0011-</strong></span> 
     </span>
     <span class='ocr_line' id='line_1_144' title="bbox 1302 3097 2396 3142; baseline -0.001 -10"><span class='ocrx_word' id='word_1_1008' title='bbox 1302 3098 1455 3139; x_wconf 87' lang='lat' dir='ltr'><strong>tinetur,</strong></span> <span class='ocrx_word' id='word_1_1009' title='bbox 1492 3101 1534 3132; x_wconf 93' lang='lat' dir='ltr'><strong>ut</strong></span> <span class='ocrx_word' id='word_1_1010' title='bbox 1567 3100 1657 3142; x_wconf 89' lang='lat' dir='ltr'><strong>puta</strong></span> <span class='ocrx_word' id='word_1_1011' title='bbox 1690 3097 1828 3132; x_wconf 87' lang='lat' dir='ltr'><strong>atriarii</strong></span> <span class='ocrx_word' id='word_1_1012' title='bbox 1860 3102 1895 3132; x_wconf 91' lang='lat' dir='ltr'><strong>et</strong></span> <span class='ocrx_word' id='word_1_1013' title='bbox 1925 3097 2054 3132; x_wconf 89' lang='lat' dir='ltr'><strong>focarii</strong></span> <span class='ocrx_word' id='word_1_1014' title='bbox 2089 3102 2125 3133; x_wconf 91' lang='lat' dir='ltr'><strong>et</strong></span> <span class='ocrx_word' id='word_1_1015' title='bbox 2158 3097 2215 3133; x_wconf 90' lang='lat' dir='ltr'><strong>his</strong></span> <span class='ocrx_word' id='word_1_1016' title='bbox 2254 3097 2396 3132; x_wconf 91' lang='lat' dir='ltr'><strong>similes.</strong></span> 
     </span>
     <span class='ocr_line' id='line_1_145' title="bbox 1304 3141 2395 3208; baseline -0.001 -30"><span class='ocrx_word' id='word_1_1017' title='bbox 1304 3147 1323 3178; x_wconf 83' lang='lat'>6</span> <span class='ocrx_word' id='word_1_1018' title='bbox 1371 3142 1434 3177; x_wconf 91' lang='lat' dir='ltr'><strong>Ait</strong></span> <span class='ocrx_word' id='word_1_1019' title='bbox 1459 3146 1632 3208; x_wconf 81' lang='lat' dir='ltr'><strong>2praetor:</strong></span> <span class='ocrx_word' id='word_1_1020' title='bbox 1669 3142 1785 3188; x_wconf 86' lang='lat' dir='ltr'><strong>‘quod</strong></span> <span class='ocrx_word' id='word_1_1021' title='bbox 1823 3143 1925 3178; x_wconf 87' lang='lat' dir='ltr'><strong>cuius</strong></span> <span class='ocrx_word' id='word_1_1022' title='bbox 1934 3143 1967 3163; x_wconf 76' lang='lat'><strong>2²</strong></span> <span class='ocrx_word' id='word_1_1023' title='bbox 2011 3142 2149 3178; x_wconf 84' lang='lat' dir='ltr'><strong>salvum</strong></span> <span class='ocrx_word' id='word_1_1024' title='bbox 2183 3141 2263 3177; x_wconf 87' lang='lat' dir='ltr'><strong>fore</strong></span> <span class='ocrx_word' id='word_1_1025' title='bbox 2298 3153 2395 3177; x_wconf 90' lang='lat' dir='ltr'><strong>rece-</strong></span> 
     </span>
     <span class='ocr_line' id='line_1_146' title="bbox 1304 3187 2395 3233; baseline 0 -11"><span class='ocrx_word' id='word_1_1026' title='bbox 1304 3188 1445 3233; x_wconf 84' lang='lat' dir='ltr'><strong>‘perint’</strong></span> <span class='ocrx_word' id='word_1_1027' title='bbox 1476 3188 1507 3223; x_wconf 86' lang='lat'><strong>³:</strong></span> <span class='ocrx_word' id='word_1_1028' title='bbox 1540 3187 1610 3223; x_wconf 91' lang='lat' dir='ltr'><strong>hoc</strong></span> <span class='ocrx_word' id='word_1_1029' title='bbox 1643 3192 1697 3223; x_wconf 91' lang='lat' dir='ltr'><strong>est</strong></span> <span class='ocrx_word' id='word_1_1030' title='bbox 1753 3197 1990 3233; x_wconf 89' lang='lat' dir='ltr'><strong>uamcumque</strong></span> <span class='ocrx_word' id='word_1_1031' title='bbox 2021 3198 2096 3223; x_wconf 86' lang='lat' dir='ltr'><strong>rem</strong></span> <span class='ocrx_word' id='word_1_1032' title='bbox 2132 3187 2206 3223; x_wconf 89' lang='lat' dir='ltr'><strong>sive</strong></span> <span class='ocrx_word' id='word_1_1033' title='bbox 2241 3197 2395 3222; x_wconf 89' lang='lat' dir='ltr'><strong>mercem</strong></span> 
     </span>
     <span class='ocr_line' id='line_1_147' title="bbox 1303 3232 2397 3279; baseline -0.001 -12"><span class='ocrx_word' id='word_1_1034' title='bbox 1303 3232 1513 3278; x_wconf 89' lang='lat' dir='ltr'><strong>receperint.</strong></span> <span class='ocrx_word' id='word_1_1035' title='bbox 1550 3232 1634 3268; x_wconf 88' lang='lat' dir='ltr'><strong>inde</strong></span> <span class='ocrx_word' id='word_1_1036' title='bbox 1657 3243 1730 3279; x_wconf 91' lang='lat' dir='ltr'><strong>apu</strong></span> <span class='ocrx_word' id='word_1_1037' title='bbox 1777 3233 1968 3269; x_wconf 88' lang='lat' dir='ltr'><strong>Vivianum</strong></span> <span class='ocrx_word' id='word_1_1038' title='bbox 1998 3234 2153 3268; x_wconf 87' lang='lat' dir='ltr'><strong>relatum</strong></span> <span class='ocrx_word' id='word_1_1039' title='bbox 2186 3236 2241 3268; x_wconf 91' lang='lat' dir='ltr'><strong>est</strong></span> <span class='ocrx_word' id='word_1_1040' title='bbox 2265 3232 2311 3267; x_wconf 89' lang='lat' dir='ltr'><strong>ad</strong></span> <span class='ocrx_word' id='word_1_1041' title='bbox 2335 3242 2397 3267; x_wconf 87' lang='lat' dir='ltr'><strong>eas</strong></span> 
     </span>
     <span class='ocr_line' id='line_1_148' title="bbox 1304 3277 2395 3324; baseline -0.001 -12"><span class='ocrx_word' id='word_1_1042' title='bbox 1304 3288 1445 3323; x_wconf 88' lang='lat' dir='ltr'><strong>quoque</strong></span> <span class='ocrx_word' id='word_1_1043' title='bbox 1468 3288 1525 3313; x_wconf 89' lang='lat' dir='ltr'><strong>res</strong></span> <span class='ocrx_word' id='word_1_1044' title='bbox 1541 3278 1612 3314; x_wconf 90' lang='lat' dir='ltr'><strong>hoc</strong></span> <span class='ocrx_word' id='word_1_1045' title='bbox 1629 3278 1785 3314; x_wconf 87' lang='lat' dir='ltr'><strong>edictum</strong></span> <span class='ocrx_word' id='word_1_1046' title='bbox 1807 3279 1995 3324; x_wconf 88' lang='lat' dir='ltr'><strong>pertinere,</strong></span> <span class='ocrx_word' id='word_1_1047' title='bbox 2021 3288 2113 3324; x_wconf 87' lang='lat' dir='ltr'><strong>quae</strong></span> <span class='ocrx_word' id='word_1_1048' title='bbox 2134 3277 2312 3313; x_wconf 91' lang='lat' dir='ltr'><strong>mercibus</strong></span> <span class='ocrx_word' id='word_1_1049' title='bbox 2335 3287 2395 3311; x_wconf 89' lang='lat' dir='ltr'><strong>ac-</strong></span> 
     </span>
     <span class='ocr_line' id='line_1_149' title="bbox 1305 3323 2397 3369; baseline -0.002 -11"><span class='ocrx_word' id='word_1_1050' title='bbox 1305 3323 1482 3365; x_wconf 88' lang='lat' dir='ltr'><strong>cederent,</strong></span> <span class='ocrx_word' id='word_1_1051' title='bbox 1507 3323 1617 3359; x_wconf 85' lang='lat' dir='ltr'><strong>veluti</strong></span> <span class='ocrx_word' id='word_1_1052' title='bbox 1636 3324 1847 3360; x_wconf 85' lang='lat' dir='ltr'><strong>vestimenta</strong></span> <span class='ocrx_word' id='word_1_1053' title='bbox 1860 3323 1989 3369; x_wconf 91' lang='lat' dir='ltr'><strong>quibus</strong></span> <span class='ocrx_word' id='word_1_1054' title='bbox 2001 3323 2039 3358; x_wconf 90' lang='lat' dir='ltr'><strong>in</strong></span> <span class='ocrx_word' id='word_1_1055' title='bbox 2050 3323 2199 3358; x_wconf 77' lang='lat' dir='ltr'><strong>navibus</strong></span> <span class='ocrx_word' id='word_1_1056' title='bbox 2212 3325 2397 3357; x_wconf 87' lang='lat' dir='ltr'><strong>uterentur</strong></span> 
     </span>
     <span class='ocr_line' id='line_1_150' title="bbox 1306 3367 2395 3414; baseline -0.002 -12"><span class='ocrx_word' id='word_1_1057' title='bbox 1306 3371 1324 3402; x_wconf 84' lang='lat'><strong>7</strong></span> <span class='ocrx_word' id='word_1_1058' title='bbox 1374 3371 1410 3404; x_wconf 90' lang='lat' dir='ltr'><strong>et</strong></span> <span class='ocrx_word' id='word_1_1059' title='bbox 1423 3371 1543 3404; x_wconf 88' lang='lat' dir='ltr'><strong>cetera</strong></span> <span class='ocrx_word' id='word_1_1060' title='bbox 1556 3379 1648 3414; x_wconf 87' lang='lat' dir='ltr'><strong>quae</strong></span> <span class='ocrx_word' id='word_1_1061' title='bbox 1661 3369 1709 3404; x_wconf 90' lang='lat' dir='ltr'><strong>ad</strong></span> <span class='ocrx_word' id='word_1_1062' title='bbox 1722 3369 1958 3406; x_wconf 87' lang='lat' dir='ltr'><strong>cottidianum</strong></span> <span class='ocrx_word' id='word_1_1063' title='bbox 1969 3379 2073 3404; x_wconf 91' lang='lat' dir='ltr'><strong>usum</strong></span> <span class='ocrx_word' id='word_1_1064' title='bbox 2085 3368 2271 3403; x_wconf 85' lang='lat' dir='ltr'><strong>habemus.</strong></span> <span class='ocrx_word' id='word_1_1065' title='bbox 2305 3367 2395 3401; x_wconf 90' lang='lat' dir='ltr'><strong>Item</strong></span> 
     </span>
    </p>
   </div>
   <div class='ocr_carea' id='block_1_11' title="bbox 1301 3478 2402 3700">
    <p class='ocr_par' dir='ltr' id='par_1_28' title="bbox 1301 3478 2402 3569">
     <span class='ocr_line' id='line_1_151' title="bbox 1301 3478 2402 3524; baseline -0.003 -11"><span class='ocrx_word' id='word_1_1066' title='bbox 1301 3482 1349 3514; x_wconf 72' lang='lat' dir='ltr'><strong>sis</strong></span> <span class='ocrx_word' id='word_1_1067' title='bbox 1360 3480 1413 3513; x_wconf 88' lang='lat' dir='ltr'><em>F¹</em></span> <span class='ocrx_word' id='word_1_1068' title='bbox 1622 3483 1676 3524; x_wconf 85' lang='lat'><strong>(11)</strong></span> <span class='ocrx_word' id='word_1_1069' title='bbox 1701 3482 1812 3515; x_wconf 87' lang='lat' dir='ltr'><strong>aberit</strong></span> <span class='ocrx_word' id='word_1_1070' title='bbox 1825 3481 1877 3514; x_wconf 89' lang='lat' dir='ltr'><em>F¹</em></span> <span class='ocrx_word' id='word_1_1071' title='bbox 2086 3483 2145 3522; x_wconf 85' lang='lat'><strong>(12)</strong></span> <span class='ocrx_word' id='word_1_1072' title='bbox 2169 3478 2354 3522; x_wconf 85' lang='lat' dir='ltr'><strong>prohibent</strong></span> <span class='ocrx_word' id='word_1_1073' title='bbox 2366 3479 2402 3511; x_wconf 87' lang='lat' dir='ltr'><em>F</em></span> 
     </span>
     <span class='ocr_line' id='line_1_152' title="bbox 1303 3525 1991 3569; baseline 0.004 -13"><span class='ocrx_word' id='word_1_1074' title='bbox 1303 3527 1372 3568; x_wconf 84' lang='grc'><strong>(13)</strong></span> <span class='ocrx_word' id='word_1_1075' title='bbox 1397 3525 1602 3568; x_wconf 70' lang='lat' dir='ltr'><strong>imperaturo</strong></span> <span class='ocrx_word' id='word_1_1076' title='bbox 1614 3527 1650 3560; x_wconf 94' lang='lat' dir='ltr'><em>F</em></span> <span class='ocrx_word' id='word_1_1077' title='bbox 1732 3528 1802 3569; x_wconf 82' lang='grc'><strong>(14)</strong></span> <span class='ocrx_word' id='word_1_1078' title='bbox 1827 3527 1868 3559; x_wconf 82' lang='grc'><strong>011</strong></span> <span class='ocrx_word' id='word_1_1079' title='bbox 1884 3539 1942 3560; x_wconf 91' lang='lat' dir='ltr'><strong>om.</strong></span> <span class='ocrx_word' id='word_1_1080' title='bbox 1956 3527 1991 3559; x_wconf 92' lang='lat' dir='ltr'><em>F</em></span> 
     </span>
    </p>

    <p class='ocr_par' dir='ltr' id='par_1_29' title="bbox 1302 3568 2393 3700">
     <span class='ocr_line' id='line_1_153' title="bbox 1348 3568 2393 3613; baseline -0.01 -3"><span class='ocrx_word' id='word_1_1081' title='bbox 1348 3570 1417 3610; x_wconf 87' lang='lat'><strong>(¹5)</strong></span> <span class='ocrx_word' id='word_1_1082' title='bbox 1442 3571 1509 3605; x_wconf 82' lang='lat' dir='ltr'><strong>Ed.</strong></span> <span class='ocrx_word' id='word_1_1083' title='bbox 1520 3573 1660 3606; x_wconf 71' lang='grc' dir='ltr'><em>-Βαε,</em></span> <span class='ocrx_word' id='word_1_1084' title='bbox 1674 3573 1729 3612; x_wconf 85' lang='grc'><strong>53,</strong></span> <span class='ocrx_word' id='word_1_1085' title='bbox 1743 3579 1767 3606; x_wconf 88' lang='grc'><strong>1.</strong></span> <span class='ocrx_word' id='word_1_1086' title='bbox 1874 3573 1945 3613; x_wconf 78' lang='grc'><strong>(16)</strong></span> <span class='ocrx_word' id='word_1_1087' title='bbox 1969 3573 2073 3603; x_wconf 88' lang='lat' dir='ltr'><strong>nauta</strong></span> <span class='ocrx_word' id='word_1_1088' title='bbox 2084 3570 2120 3602; x_wconf 87' lang='lat' dir='ltr'><em>F</em></span> <span class='ocrx_word' id='word_1_1089' title='bbox 2216 3570 2280 3609; x_wconf 85' lang='grc'><strong>(17)</strong></span> <span class='ocrx_word' id='word_1_1090' title='bbox 2306 3568 2393 3600; x_wconf 86' lang='lat' dir='ltr'><strong>fore-</strong></span> 
     </span>
     <span class='ocr_line' id='line_1_154' title="bbox 1302 3613 2393 3659; baseline -0.002 -12"><span class='ocrx_word' id='word_1_1091' title='bbox 1302 3615 1456 3657; x_wconf 87' lang='lat' dir='ltr'><strong>ceperint</strong></span> <span class='ocrx_word' id='word_1_1092' title='bbox 1467 3616 1503 3649; x_wconf 92' lang='lat' dir='ltr'><em>F</em></span> <span class='ocrx_word' id='word_1_1093' title='bbox 1567 3618 1637 3658; x_wconf 88' lang='grc'><strong>(18)</strong></span> <span class='ocrx_word' id='word_1_1094' title='bbox 1663 3627 1772 3659; x_wconf 87' lang='lat' dir='ltr'><strong>neque</strong></span> <span class='ocrx_word' id='word_1_1095' title='bbox 1784 3617 1813 3650; x_wconf 88' lang='lat' dir='ltr'><strong><em>S</em></strong></span> <span class='ocrx_word' id='word_1_1096' title='bbox 1884 3618 1953 3658; x_wconf 88' lang='grc'><strong>(19)</strong></span> <span class='ocrx_word' id='word_1_1097' title='bbox 1980 3617 2018 3649; x_wconf 80' lang='lat' dir='ltr'><strong>id</strong></span> <span class='ocrx_word' id='word_1_1098' title='bbox 2028 3622 2075 3648; x_wconf 78' lang='lat' dir='ltr'><strong>est</strong></span> <span class='ocrx_word' id='word_1_1099' title='bbox 2087 3614 2224 3646; x_wconf 86' lang='lat' dir='ltr'><strong>navium</strong></span> <span class='ocrx_word' id='word_1_1100' title='bbox 2238 3613 2393 3645; x_wconf 79' lang='lat' dir='ltr'><strong>custodes</strong></span> 
     </span>
     <span class='ocr_line' id='line_1_155' title="bbox 1302 3658 2393 3700; baseline -0.005 -5"><span class='ocrx_word' id='word_1_1101' title='bbox 1302 3663 1371 3700; x_wconf 77' lang='lat'><strong>(20)</strong></span> <span class='ocrx_word' id='word_1_1102' title='bbox 1398 3661 1435 3694; x_wconf 86' lang='lat' dir='ltr'><strong>id</strong></span> <span class='ocrx_word' id='word_1_1103' title='bbox 1446 3669 1494 3695; x_wconf 77' lang='lat' dir='ltr'><strong>est</strong></span> <span class='ocrx_word' id='word_1_1104' title='bbox 1504 3672 1622 3695; x_wconf 84' lang='lat' dir='ltr'><strong>manus</strong></span> <span class='ocrx_word' id='word_1_1105' title='bbox 1635 3662 1854 3694; x_wconf 84' lang='lat' dir='ltr'><strong>iniectionem</strong></span> <span class='ocrx_word' id='word_1_1106' title='bbox 1981 3664 2048 3700; x_wconf 88' lang='grc'><strong>(21)</strong></span> <span class='ocrx_word' id='word_1_1107' title='bbox 2073 3662 2205 3691; x_wconf 84' lang='lat' dir='ltr'><strong>exercet</strong></span> <span class='ocrx_word' id='word_1_1108' title='bbox 2220 3658 2280 3699; x_wconf 84' lang='lat' dir='ltr'><strong>F2‚</strong></span> <span class='ocrx_word' id='word_1_1109' title='bbox 2303 3662 2393 3691; x_wconf 83' lang='lat' dir='ltr'><strong>extet</strong></span> 
     </span>
    </p>
   </div>
   <div class='ocr_carea' id='block_1_12' title="bbox 1300 3703 2399 3749">
    <p class='ocr_par' dir='ltr' id='par_1_30' title="bbox 1300 3703 2399 3749">
     <span class='ocr_line' id='line_1_156' title="bbox 1300 3703 2399 3749; baseline -0.002 -12"><span class='ocrx_word' id='word_1_1110' title='bbox 1300 3705 1335 3737; x_wconf 92' lang='lat' dir='ltr'><em>F</em></span> <span class='ocrx_word' id='word_1_1111' title='bbox 1343 3705 1353 3725; x_wconf 86' lang='lat'><strong>¹</strong></span> <span class='ocrx_word' id='word_1_1112' title='bbox 1363 3704 1393 3739; x_wconf 85' lang='lat' dir='ltr'><strong><em>S</em></strong></span> <span class='ocrx_word' id='word_1_1113' title='bbox 1426 3708 1496 3746; x_wconf 90' lang='grc'><strong>(22)</strong></span> <span class='ocrx_word' id='word_1_1114' title='bbox 1509 3707 1557 3740; x_wconf 78' lang='grc' dir='ltr'><strong>εἰσ</strong></span> <span class='ocrx_word' id='word_1_1115' title='bbox 1565 3707 1603 3749; x_wconf 84' lang='lat' dir='ltr'><strong>S,</strong></span> <span class='ocrx_word' id='word_1_1116' title='bbox 1614 3707 1694 3739; x_wconf 82' lang='lat' dir='ltr'><strong>euiu</strong></span> <span class='ocrx_word' id='word_1_1117' title='bbox 1706 3707 1741 3740; x_wconf 87' lang='lat' dir='ltr'><em>F</em></span> <span class='ocrx_word' id='word_1_1118' title='bbox 1748 3707 1769 3747; x_wconf 90' lang='lat'><strong>¹,</strong></span> <span class='ocrx_word' id='word_1_1119' title='bbox 1784 3706 1947 3747; x_wconf 85' lang='lat' dir='ltr'><strong>cuiusque</strong></span> <span class='ocrx_word' id='word_1_1120' title='bbox 1959 3704 2007 3737; x_wconf 83' lang='lat' dir='ltr'><strong>F2</strong></span> <span class='ocrx_word' id='word_1_1121' title='bbox 2044 3707 2113 3744; x_wconf 83' lang='lat'><strong>(23)</strong></span> <span class='ocrx_word' id='word_1_1122' title='bbox 2128 3703 2353 3746; x_wconf 83' lang='lat' dir='ltr'><strong>foreceperint</strong></span> <span class='ocrx_word' id='word_1_1123' title='bbox 2365 3703 2399 3736; x_wconf 92' lang='lat' dir='ltr'><em>F</em></span> 
     </span>
    </p>
   </div>
  </div>
 </body>
</html>
