2528 3918
201 107 444 151 xxxxii

198 229 295 266 bona
315 228 387 266 fide
410 229 514 266 nobis
536 229 646 266 servit
667 239 741 266 non
763 229 920 284 adquirit
941 229 1056 272 nobis,
1079 229 1115 266 id
1138 229 1194 265 vel
1214 229 1283 266 sibi

198 274 289 311 liber
318 275 373 310 101
403 275 541 311 alienus
566 285 690 311 servus
703 277 713 297 ¹
745 274 888 311 domino
912 286 977 311 suo
1002 276 1184 319 adquiret:
1221 285 1282 310 ex-

199 323 302 364 cepto
331 329 374 355 eo
411 319 508 365 quod
535 320 594 355 vix
623 324 694 362 est,
733 324 774 356 ut
803 321 894 357 liber
923 321 1030 355 homo
1092 319 1282 356 ossidendo

198 374 397 410 usucapere
446 364 546 407 ossit,
571 365 656 410 quia
676 374 744 401 nec
766 366 950 411 possidete
972 365 1046 400 inte
1116 365 1198 408 ’tur,
1222 364 1284 410 qui

198 410 274 454 ipse
313 409 412 455 possi
438 414 570 446 eretur.
625 409 689 446 sed
726 421 793 446 nec
835 421 899 455 per
939 418 1080 445 servum
1117 409 1282 452 alienum,

198 464 304 499 quem
332 464 399 490 nos
429 455 525 490 bona
552 454 624 491 fide
651 455 892 501 possidemus,
926 454 1088 490 dominus
1111 454 1283 499 peculiari

198 499 340 535 nomine
362 499 532 544 ignorans
551 510 751 545 usucapere
774 501 916 545 poterit,
940 499 1047 535 sicuti
1070 508 1115 536 ne
1138 510 1203 545 per
1225 499 1282 535 fu·

196 544 342 589 gitivum
366 544 519 590 quidem,
567 555 648 581 uem
671 556 743 581 non
766 545 935 590 possidet.

243 587 296 626 55
322 588 530 626 Paooows
568 591 646 627 ibro
676 590 833 626 secundo
869 589 1104 636 epistularum
1159 589 1203 624 hi
1231 589 1282 624 la-

197 644 345 679 queum,
371 645 475 680 quem
499 635 650 671 venandi
674 645 784 671 causa
807 645 998 679 posueras,
1030 645 1118 687 aper
1139 634 1283 669 incidit:

197 690 277 714 cum
301 689 344 715 eo
368 680 550 723 haereret,
586 684 787 725 exemptum
820 690 900 715 eum
923 680 1075 716 abstuli:
1110 690 1195 714 num
1218 679 1285 715 tibi

196 723 319 760 videor
354 728 456 760 tuum
492 736 618 771 aprum
654 725 868 761 abstulisse?
911 729 946 760 et
978 724 1009 761 si
1038 728 1140 759 tuum
1178 728 1284 769 putas

195 768 318 814 fuisse,
343 769 375 806 si
386 770 544 806 solutum
567 781 647 806 eum
671 771 707 805 in
727 770 851 806 silvam
869 770 1106 813 dimississem,
1131 780 1174 805 eo
1198 780 1285 804 casu

196 818 280 850 tuus
312 825 391 851 esse
422 815 573 852 desisset
604 826 651 851 an
680 816 864 851 maneret?
911 818 947 851 et
977 825 1083 860 quain
1107 815 1284 850 actionem

194 869 335 895 mecum
346 860 510 904 haberes,
535 861 566 896 si
590 860 742 896 desisset
764 864 848 896 tuus
870 870 960 902 esse,
984 871 1070 895 num
1093 861 1130 895 in
1148 859 1284 895 factum

195 904 273 940 dari
292 909 486 950 oporteret,
507 916 655 951 quaero.
689 905 893 958 respondit:
919 906 1085 951 laqueum
1102 905 1284 940 videamus

195 960 240 1002 110
263 949 405 1004 intersit
433 951 471 986 in
495 951 639 1004 publico
671 960 725 1003 an·
742 961 780 986 in
802 950 1145 1004 privato-posuerim
1168 953 1221 991 et,
1255 951 1284 1002 si

193 1005 232 1074 ζ
253 1000 394 1083 3333?
407 1007 539 1076 1323&
551 996 1284 1086 pzssfflnefflsszsssssfflfffii?:2132‘2'3

194 1095 266 1120 non
290 1086 465 1130 permissu
489 1087 565 1121 eius
588 1085 788 1131 posuerim:
823 1090 1013 1130 praeterea
1034 1089 1156 1121 utrum
1179 1086 1216 1120 in
1240 1096 1282 1121 eo

192 1130 245 1165 ita
267 1130 424 1167 haeserit
446 1141 544 1176 aper,
568 1135 610 1166 ut
633 1141 675 1166 ex
702 1130 800 1167 edire
822 1141 862 1167 se
886 1141 958 1166 non
981 1131 1098 1176 possit
1120 1130 1208 1175 ipse,
1235 1141 1282 1165 an

194 1174 328 1211 diutius
372 1176 542 1212 luctando
585 1186 675 1221 expe
703 1176 816 1211 ‘turus
859 1186 899 1211 se
932 1175 1053 1211 fuerit.
1111 1186 1283 1211 summam

194 1224 313 1256 tamen
341 1221 435 1256 hanc
463 1224 552 1266 puto
583 1231 679 1264 esse,
711 1224 770 1263 ut,
802 1221 834 1256 si
860 1220 899 1256 in
930 1231 1044 1257 meam
1068 1224 1283 1266 potestatem

221 1266 372 1307 ervenit,
403 1276 504 1302 meus
535 1265 655 1302 factus
680 1266 737 1302 sit.
786 1266 842 1302 sin
872 1269 991 1302 autem
1016 1276 1144 1311 aprum
1165 1277 1283 1302 meum

210 1311 332 1346 erum2
360 1312 398 1346 in
421 1322 524 1347 suam
546 1311 746 1347 naturalem
776 1310 962 1346 laxitatem
985 1311 1198 1347 dimississes
1222 1313 1283 1347 et³

194 1366 236 1392 eo
259 1355 358 1392 facto
381 1367 482 1393 meus
502 1366 580 1392 esse
600 1356 763 1398 desisset,
787 1356 964 1392 actionem
983 1356 1071 1391 mihi
1093 1357 1131 1392 in
1147 1356 1283 1392 factum

194 1401 272 1436 dari
296 1405 473 1446 oportere,
497 1402 607 1438 veluti
629 1411 842 1447 responsum
854 1405 919 1446 est,
944 1412 1027 1437 cum
1050 1402 1193 1448 quidam
1217 1413 1283 1448 po-

193 1445 312 1481 culum
335 1446 484 1483 alterius
507 1457 553 1483 ex
575 1457 666 1483 nave
689 1446 862 1483 eiecisset.

238 1488 292 1529 56
315 1490 532 1528 IDEM-libro
546 1496 672 1529 octavo
684 1492 922 1539 epistularum
960 1492 1085 1528 Insula
1103 1495 1160 1528 est
1177 1496 1284 1527 enata

192 1536 231 1571 in
253 1535 398 1572 flumine
423 1540 550 1573 contra
572 1537 728 1573 frontem
751 1537 829 1582 agri
851 1537 936 1580 mei,
971 1538 1022 1573 ita
1046 1541 1087 1573 ut
1109 1538 1198 1572 nihil
1221 1548 1282 1572 ex-

192 1581 335 1617 cederet
350 1581 536 1627 longitudo
560 1583 740 1627 regionem
762 1582 900 1628 praedii
918 1582 1005 1619 mei:
1030 1586 1158 1629 postea
1176 1587 1284 1618 aucta

192 1629 247 1662 est
267 1627 442 1672 paulatim
467 1631 503 1662 et
525 1628 700 1672 processit
718 1630 845 1663 contra
867 1627 1005 1663 frontes
1030 1632 1067 1663 et
1089 1628 1283 1673 superioris

190 1671 298 1708 vicini
330 1676 366 1724 et
402 1671 601 1708 inferioris:
640 1683 792 1718 quaero,
834 1673 931 1718 quod
967 1673 1127 1709 adcrevit
1162 1677 1282 1708 utrum

190 1727 307 1752 meum
331 1721 388 1760 sit,
414 1718 582 1763 quoniam
606 1728 684 1754 meo
705 1717 913 1754 adiunctum
937 1722 1003 1761 est,
1028 1729 1076 1754 an
1094 1719 1170 1755 eius
1194 1718 1283 1754 iuris

191 1762 257 1805 sit,
290 1763 391 1798 cuius
415 1766 528 1805 esset,
564 1763 595 1799 si
625 1763 727 1798 initio
757 1773 801 1799 ea
829 1767 917 1799 nata
946 1764 1022 1800 eius
1050 1764 1282 1809 longitudinis

190 1807 328 1844 fuisset.
377 1808 554 1844 Proculus
588 1809 791 1854 respondit:
826 1808 960 1845 flumen
993 1809 1111 1852 istud,
1142 1810 1180 1844 in
1211 1820 1282 1862 quo

192 1853 343 1891 insulam
368 1857 495 1889 contra
525 1853 680 1890 frontem
712 1854 788 1899 agri
814 1854 869 1889 tui
899 1858 1042 1890 enatam
1064 1865 1144 1891 esse
1167 1866 1282 1901 scrip-

193 1897 272 1933 sisti
295 1898 365 1940 ita,
395 1902 437 1933 ut
459 1910 532 1935 000
556 1899 745 1935 excederet
766 1899 1023 1944 longitudinem
1046 1900 1125 1945 agri
1147 1901 1219 1943 tui,
1252 1900 1283 1935 si

191 1943 378 1979 alluvionis
391 1945 403 1965 ⁴
427 1944 485 1980 ius
507 1944 618 1979 habet
642 1948 678 1980 et
699 1944 818 1980 insula
843 1945 944 1981 initio
968 1946 1141 1991 propior-¹·
1169 1945 1282 1981 fundo

190 1992 254 2024 tuo
277 1988 349 2024 fuit
371 1999 478 2034 quam
503 1989 596 2032 eius,
629 1990 689 2035 qui
713 1994 815 2026 trans
843 1989 977 2026 flumen
1000 1991 1174 2035 habebat,
1204 1994 1283 2026 tota

192 2037 256 2069 tua
284 2033 383 2070 facta
413 2038 486 2077 est,
522 2038 559 2070 et
588 2034 685 2080 quod
713 2039 840 2080 postea
871 2035 904 2071 ei
934 2036 1074 2072 insulae
1105 2036 1283 2071 alluvione

193 2079 358 2122 accessit,
381 2079 419 2114 id
442 2083 544 2115 tuum
567 2084 632 2124 est,
658 2081 798 2117 etiamsi
821 2080 874 2116 ita
897 2081 1066 2124 accessit,
1092 2086 1134 2116 ut
1155 2091 1281 2127 proce-

192 2124 293 2160 deret
320 2124 440 2160 insula
470 2128 597 2161 contra
620 2125 757 2161 frontes
788 2126 984 2162 vicinorum
1008 2127 1202 2172 superioris
1226 2130 1281 2162 at-

192 2179 262 2215 que
294 2169 494 2214 inferioris,
539 2170 595 2206 vel
630 2170 737 2206 etiam
778 2174 819 2206 ut
852 2172 999 2216 propior
1040 2176 1136 2207 esset
1170 2171 1281 2207 fundo

198 2221 206 2248 1
260 2214 354 2258 eius,
391 2215 452 2268 qui
480 2219 582 2252 trans
611 2215 743 2252 flumen
777 2215 897 2251 habet.
944 2216 1035 2252 Item
1060 2227 1211 2262 quaero,
1238 2217 1281 2259 si,

192 2270 273 2295 cum
302 2271 450 2306 propior
480 2261 511 2296 ri
538 2271 581 2296 ae
611 2271 712 2297 meae
736 2265 843 2297 enata
875 2264 931 2297 est
952 2262 1072 2297 insula
1096 2266 1132 2298 et
1155 2266 1282 2307 postea

190 2308 307 2340 totum
336 2305 469 2341 flumen
528 2316 612 2342 uere
634 2307 730 2342 inter
760 2317 816 2342 me
839 2310 876 2342 et
904 2306 1059 2342 insulam
1084 2307 1202 2352 coepit
1225 2318 1281 2342 re-

190 2350 275 2387 licto
298 2361 364 2386 suo
388 2351 505 2396 alveo,
541 2352 635 2405 quo⁶
663 2351 778 2388 maior
801 2352 915 2388 amnis
938 2351 1084 2395 fluerat,
1109 2352 1282 2397 numquid

191 2395 351 2440 dubites,
387 2396 473 2442 quin
508 2399 615 2432 etiam
649 2396 769 2433 insula
805 2407 886 2432 mea
924 2402 1069 2433 maneat
1106 2402 1143 2434 et
1171 2398 1281 2433 nihilo

191 2441 308 2477 minus
331 2441 410 2477 eius
433 2442 512 2484 soli,
538 2441 634 2487 quod
652 2441 784 2479 flumen
807 2443 873 2478 reli
897 2443 960 2486 uit,
985 2453 1070 2488 pars
1094 2443 1159 2478 fiat
1181 2443 1282 2479 mea?

190 2496 288 2531 rogo,
313 2485 399 2532 quid
421 2488 559 2523 sentias
582 2487 720 2523 scribas
744 2487 842 2523 mihi.

193 2531 243 2574 si,
287 2542 367 2567 0010
409 2533 556 2585 propior
597 2532 710 2568 fundo
752 2536 816 2569 tuo
849 2532 951 2569 initio
986 2533 1115 2570 fuisset
1153 2534 1281 2577 insula,

192 2576 324 2612 flumen
353 2577 480 2614 relicto
511 2577 612 2613 alveo
637 2578 791 2621 maiore,
824 2579 885 2623 qui
907 2578 1002 2615 inter
1025 2589 1104 2615 eam
1127 2579 1281 2615 insulam

191 2621 309 2657 fuerat
334 2626 371 2658 01
395 2633 473 2658 0001
497 2622 649 2658 10011010
671 2623 795 2667 110101,
829 2623 889 2668 qui
912 2627 1012 2660 trans
1035 2624 1170 2660 flumen
1193 2627 1280 2667 erat,

190 2666 302 2702 fluere
341 2668 460 2713 coepit
495 2667 590 2704 inter
620 2678 699 2704 eam
728 2669 882 2704 insulam
918 2673 955 2704 et
985 2669 1135 2705 fundum
1166 2673 1279 2712 tuum,

191 2711 302 2747 nihilo
325 2713 442 2748 minus
466 2713 585 2749 insula
607 2716 672 2749 tua
695 2718 825 2749 manet.
876 2718 931 2749 set
953 2714 1095 2757 alveus,
1128 2715 1190 2760 qui
1211 2714 1281 2750 1011

191 2757 282 2791 inter
313 2767 391 2792 eam
420 2758 574 2794 insulam
606 2762 643 2794 et
672 2758 824 2794 fundum
847 2759 970 2802 vicini,
1004 2760 1140 2796 medius
1172 2760 1280 2795 dividi

191 2801 315 2844 debet,
345 2802 395 2837 ita
426 2807 467 2837 ut
495 2814 580 2849 pars
611 2804 759 2858 propior
788 2804 928 2840 insulae
958 2809 1043 2841 tuae
1073 2809 1155 2848 tua,
1192 2815 1279 2850 pars

191 2850 311 2882 autem
335 2848 482 2892 propior
504 2858 590 2893 agro
614 2849 722 2884 vicini
744 2850 821 2885 eius
845 2859 924 2886 esse
946 2850 1047 2886 intell
1112 2854 1182 2886 tur.
1224 2850 1278 2886 10-

190 2891 337 2944 tellego,
369 2896 411 2927 ut
439 2895 495 2929 et⁷
527 2904 609 2929 0010
641 2904 686 2930 ex
717 2895 831 2931 altera
862 2898 966 2940 parte
993 2896 1049 2931 ins
1090 2906 1133 2931 ae
1156 2895 1278 2931 alveus

191 2935 346 2973 fluminis
371 2939 561 2981 exaruerit,
587 2939 722 2976 desisse
745 2940 897 2976 insulam
921 2951 1018 2983 esse,
1043 2940 1105 2976 sed
1129 2952 1199 2986 quo
1223 2940 1278 2976 fa-

192 2981 293 3017 cilius
321 2993 379 3018 res
401 2983 680 3028 intellegeretur,
711 2995 852 3031 agrum,
884 2986 946 3031 qui
975 2986 1118 3021 insula⁸
1146 2987 1277 3029 fuerat,

190 3027 345 3063 insulam
369 3027 553 3074 appellant
561 3030 584 3064 ⁹.

237 3069 291 3109 57
316 3072 476 3109 Pieros
496 3073 588 3110 libro
612 3079 716 3110 sexto
741 3075 791 3110 ad
813 3074 999 3111 Plautium
1044 3076 1115 3112 Per
1137 3087 1277 3112 servum

192 3117 362 3154 donatum
385 3128 409 3154 a
430 3118 558 3155 marito
581 3129 648 3155 000
673 3131 717 3155 ex
739 3130 779 3155 re
802 3120 943 3166 quidem
965 3121 1058 3162 eius,
1084 3121 1141 3157 cui
1165 3121 1276 3157 dona·

191 3166 249 3216 tus
273 3167 339 3206 est,
363 3162 504 3209 adquiri
527 3164 716 3210 quicquam
738 3176 847 3210 posse
857 3165 1017 3202 Iulianus
1042 3167 1182 3203 scribit:
1207 3167 1276 3202 hoc

192 3218 285 3261 001111
307 3208 350 3289 iiit
367 3218 493 3245 eorum
514 3219 669 3256 persona
682 3220 890 3247 concessum
915 3215 981 3254 est,
1006 3212 1065 3257 qui
1089 3212 1185 3248 bona
1206 3211 1277 3247 fide

191 3262 359 3289 sei-viun.

237 3294 291 3335 58
315 3298 361 3334 ΙΑ
371 3308 541 3336 10101100
568 3299 659 3336 libro
690 3299 877 3336 undecimo
908 3312 959 3338 ex
993 3301 1114 3338 Cassio
1161 3301 1276 3346 Quae-

192 3353 343 3396 cumque
372 3355 430 3380 res
461 3354 506 3380 ex
535 3344 666 3380 mari¹⁰
688 3348 850 3380 extracta
881 3351 952 3389 est,
985 3357 1058 3383 non
1088 3350 1170 3382 ante
1200 3347 1276 3383 eius

191 3389 317 3433 incipit
345 3398 424 3425 esse
455 3390 516 3434 qui
546 3389 718 3433 extraxit,
757 3400 862 3436 quam
901 3391 1064 3428 dominus
1101 3402 1179 3428 eam
1210 3402 1277 3438 pro

192 3432 360 3470 derelicto
384 3434 518 3471 habere
542 3435 671 3480 coepit.

238 3475 292 3515 59
320 3478 605 3516 enuntiamus
626 3479 717 3516 libro
739 3480 897 3516 secundo
922 3483 1170 3527 quaestionum
1202 3482 1275 3518 Res

911 2489 1056 2524 roculus
1080 2488 1281 2534 respondit:

191 3595 231 3630 (1)
256 3601 366 3625 servo·
379 3592 411 3624 F
520 3595 563 3631 (2)
586 3592 707 3636 ferum]
721 3592 844 3626 factum
865 3594 937 3627 edd.

191 3636 237 3677 (4)
260 3636 289 3669 is
300 3637 360 3670 i‘ns.
437 3638 482 3679 (⁶)
504 3637 598 3681 prior
611 3638 646 3671 F
712 3639 758 3680 (0)
782 3636 872 3680 quod
883 3638 920 3672 F
980 3640 1023 3678 (7)
1048 3639 1143 3682 11101]
1156 3639 1273 3682 utique

193 3681 313 3732 Menqe
371 3684 415 3722 (8)
439 3681 585 3715 insulam
598 3682 633 3716 F
685 3684 728 3723 (9)
754 3682 919 3726 appellavi
930 3694 993 3717 scr.
1057 3686 1116 3725 (10)
1140 3694 1231 3718 mare
1247 3686 1283 3718 F

193 3728 247 3761 lu)
272 3725 412 3769 ideoque
425 3726 476 3762 F*
575 3728 634 3772 (¹²)
658 3728 700 3761 ad
712 3728 864 3762 heredem
878 3729 938 3763 del.
1037 3730 1096 3773 (13)
1121 3729 1150 3763 si
1162 3732 1271 3763 autem

1053 3597 1095 3635 (3)
1120 3597 1154 3627 01
1173 3607 1230 3628 om.
1244 3595 1280 3627 F
1342 3594 1379 3627 in
1391 3593 1501 3627 alieno
1513 3604 1588 3637 pars
1601 3594 1661 3628 del.
1676 3594 1758 3629 Hal.

1499 10 1570 93 “n

1278 103 1362 153 65⁰
1559 95 1611 149 ‘1
1635 120 1696 152 1111
1724 120 2024 160 0000100000
2053 121 2206 152 annun
2235 119 2432 152 1101111110

1349 240 1394 265 ex
1415 228 1586 266 mandatu
1608 241 1686 267 meo
1710 235 1829 277 empta
1851 242 1921 268 non
1943 232 2042 277 prius
2064 242 2145 268 inea
2166 232 2245 276 fiet,
2274 242 2379 278 quain
2404 234 2433 268 si

1350 274 1436 309 mihi
1459 275 1647 311 tradiderit
1669 278 1730 322 qui
1754 278 1848 312 emit.

1397 317 1450 357 60
1475 319 1678 356 Soirvou
1691 322 1782 358 libro
1793 323 1917 369 primo
1929 332 2182 368 responsorum
2216 322 2332 358 Titius
2350 323 2432 358 hor-

1351 374 1452 399 reum
1474 363 1747 402 frumentarium
1770 377 1901 403 novum
1929 376 1973 402 ex
1996 367 2127 402 tabulis
2150 367 2276 412 ligneis
2299 367 2434 402 factum

1351 409 1483 445 mobile
1505 410 1542 444 in
1566 409 1636 446 Seii
1659 411 1804 455 praedio
1828 411 1963 457 posuit:
1989 412 2189 456 quaeritur,
2213 416 2294 447 uter
2315 413 2434 447 horrei

1353 454 1515 490 dominus
1535 455 1590 489 sit.
1626 456 1811 500 respondit
1826 457 2021 493 secundum
2042 466 2134 502 quae
2151 462 2436 502 proponerentur

1353 510 1425 534 non
1449 509 1528 535 esse
1551 499 1686 535 factum
1710 500 1791 536 Seii.

1399 542 1448 581 61
1476 544 1819 582 Hsauoommiws
1839 547 1931 583 libro
1954 550 2059 582 sexto
2083 547 2175 581 iurt‘s
2198 547 2433 593 epitoniorum

1352 589 1542 624 Hereditas
1565 589 1603 624 in
1627 591 1746 626 multis
1768 592 1930 644 partibus
1954 591 2040 627 iuris
2071 602 2138 636 pro
2162 592 2303 627 domino
2326 591 2435 627 habe-

1353 638 1413 669 tur
1437 634 1597 679 adeoque
1611 636 1637 656 ¹¹
1661 635 1848 671 hereditati
1872 646 2013 681 quoque
2037 639 2077 671 ut
2100 636 2242 672 domino
2266 647 2331 683 per
2362 647 2434 672 ser-

1353 690 1435 714 vum
1457 679 1709 714 hereditarium
1731 681 1939 726 adquiritur.
1985 681 2023 716 in
2045 681 2101 716 his
2126 692 2223 725 sane,
2247 682 2285 717 in
2308 682 2436 727 quibus

1352 724 1489 759 factum
1507 734 1683 769 personae
1696 736 1868 770 operaeve
1880 726 2082 761 substantia
2094 726 2326 768 desideratur,
2350 727 2438 762 nihil

1353 769 1542 805 hereditati
1571 770 1695 814 quaeri
1724 781 1788 815 per
1817 781 1958 806 servum
1988 774 2117 816 potest.
2171 782 2214 806 ac
2247 777 2438 824 propterea

1353 815 1512 859 quamvis
1535 825 1659 850 servus
1684 815 1921 851 hereditarius
1943 816 2047 851 heres
2072 817 2209 852 institui
2231 822 2356 862 possit,
2382 821 2434 852 ta-

1353 869 1434 894 men
1457 859 1542 904 quia
1564 859 1662 895 adire
1683 860 1838 896 iubentis
1863 860 1995 896 domini
2025 871 2180 905 persona
2203 862 2436 903 desideratur,

1356 908 1370 939 1
1420 905 1524 940 heres
1557 905 1818 949 exspectandus
1848 909 1913 942 est.
1959 905 2055 941 Usus
2085 905 2244 949 fructus,
2277 908 2338 952 qui
2362 908 2437 943 sine

1352 959 1507 995 persona
1538 950 1708 985 constitui
1735 961 1808 986 non
1831 954 1970 996 potest,
2001 950 2189 986 hereditati
2212 962 2276 996 per
2299 963 2437 987 servum

1352 1006 1425 1030 non
1449 994 1659 1039 adquiritur.

1398 1037 1452 1077 62
1476 1040 1534 1075 ΡΑ
1542 1050 1636 1076 ULUS
1663 1040 1754 1076 libro
1789 1041 1946 1076 secundo
1976 1041 2198 1076 manualium
2244 1041 2437 1086 Quaedam,

1353 1095 1446 1130 quae
1475 1096 1548 1121 non
1584 1089 1736 1131 possunt
1766 1085 1845 1121 sola
1881 1085 2044 1129 alienari,
2079 1096 2144 1131 per
2173 1086 2438 1123 universitatem

1350 1134 1556 1174 transeunt,
1586 1134 1627 1165 ut
1656 1130 1789 1166 fundus
1815 1131 1962 1174 dotalis,
1992 1131 2039 1166 ad
2062 1131 2227 1167 heredem
2241 1133 2279 1175 ¹²,
2309 1137 2346 1168 et
2367 1143 2436 1175 res,

1353 1176 1454 1211 cuius
1475 1176 1604 1220 aliquis
1624 1176 1873 1211 commercium
1893 1187 1967 1211 non
1984 1176 2112 1211 habet:
2136 1187 2221 1212 nam
2241 1178 2308 1213 etsi
2327 1178 2438 1222 legari

1351 1221 1479 1300 eifinon
1510 1221 1641 1266 possit,
1676 1224 1797 1256 tamen
1829 1222 1932 1257 heres
1955 1221 2140 1258 institutus
2175 1222 2338 1259 dominus
2361 1224 2437 1259 eius

1352 1276 1371 1300 e
1414 1266 1518 1301 citur.

1397 1309 1450 1349 63
1478 1311 1756 1346 Tmfflomivos
1777 1312 1867 1347 libro
1891 1313 2042 1358 septimo
2067 1312 2353 1358 disputationum
2400 1313 2437 1348 Si

1350 1357 1381 1392 is
1414 1357 1474 1401 qui
1496 1357 1534 1391 in
1558 1356 1676 1391 aliena
1698 1360 1877 1402 potestate
1902 1361 1956 1392 est
1989 1357 2223 1392 thensaurum
2254 1359 2436 1400 invenerit,

1350 1402 1387 1436 in
1410 1412 1566 1455 persona
1593 1402 1670 1437 eius
1703 1402 1761 1437 cui
1784 1402 1940 1447 adquirit
1963 1402 2032 1437 hoc
2056 1402 2124 1437 erit
2147 1402 2354 1446 dicendum,
2386 1408 2434 1445 ut.

1351 1447 1383 1483 si
1412 1458 1449 1482 111
1481 1447 1597 1483 alieno
1629 1457 1715 1492 agro
1745 1447 1936 1489 invenerit,
1970 1451 2108 1492 partem
2131 1448 2165 1483 ei
2188 1448 2234 1483 ad
2259 1449 2370 1493 uirat,
2405 1450 2438 1484 si

1351 1503 1435 1528 vero
1459 1492 1496 1527 in
1519 1493 1680 1546 parentis
1703 1492 1879 1528 dominive
1902 1492 1983 1528 loco
2006 1493 2196 1537 invenerit,
2220 1460 2316 1529 iflius
2339 1498 2437 1529 totus

1354 1540 1369 1572 1
1418 1538 1475 1580 sit,
1501 1548 1531 1573 si
1554 1541 1674 1573 autem
1697 1538 1735 1573 in
1759 1538 1886 1579 alieno,
1910 1539 2045 1582 pars¹³.
2082 1537 2120 1573 Si
2142 1540 2338 1574 communis
2362 1549 2436 1574 ser-

1350 1593 1415 1618 vus
1438 1582 1477 1617 in
1499 1583 1614 1618 alieno
1638 1583 1831 1625 invenerit,
1863 1586 1983 1617 utrum
2007 1594 2073 1628 pro
2106 1583 2251 1619 dominii
2273 1585 2437 1629 partibus

1351 1638 1399 1663 an
1429 1638 1569 1672 semper
1600 1628 1724 1673 aequis
1755 1627 1943 1673 adquiret?
1990 1632 2027 1663 et
2057 1628 2170 1664 simile
2193 1633 2248 1664 est
2270 1634 2378 1674 atque
2402 1630 2438 1664 in

1349 1673 1548 1708 hereditate
1571 1673 1627 1708 vel
1649 1673 1766 1718 legato
1784 1674 1840 1708 vel
1863 1673 1959 1718 quod
1976 1674 2022 1708 ab
2041 1673 2121 1709 aliis
2144 1673 2317 1710 donatum
2336 1685 2437 1710 servo

1350 1718 1520 1762 traditur,
1554 1719 1638 1764 quia
1668 1723 1705 1754 et
1727 1719 1944 1754 thensaurus
1977 1718 2108 1753 donum
2131 1718 2299 1755 fortunae
2322 1720 2436 1755 credi-

1349 1767 1420 1806 tur,
1445 1764 1582 1799 scilicet
1604 1768 1645 1799 ut
1667 1774 1764 1808 pars,
1789 1774 1882 1808 quae
1904 1764 2079 1799 inventori
2103 1764 2214 1809 cedit,
2239 1765 2286 1800 ad
2310 1766 2437 1807 000100,

1350 1819 1416 1854 pro
1443 1819 1513 1854 qua
1536 1813 1640 1854 parte
1663 1810 1755 1845 servi
1783 1809 1934 1854 quisque
1958 1809 2122 1845 dominus
2146 1814 2217 1852 est,
2248 1811 2435 1856 pertineat.

1351 1857 1372 1889 2
1418 1854 1457 1889 Si
1481 1855 1678 1890 communis
1710 1865 1833 1890 servus
1861 1855 1899 1889 in
1930 1854 2062 1890 domini
2084 1855 2190 1890 unius
2219 1855 2330 1891 fundo
2354 1867 2437 1901 pro-

1350 1899 1428 1944 prio
1447 1899 1597 1942 invenit,
1619 1900 1663 1935 de
1681 1903 1801 1945 parte,
1827 1910 1919 1945 quae
1936 1899 2003 1935 soli
2021 1899 2162 1935 domino
2180 1911 2320 1946 semper
2333 1901 2436 1941 cedit,

1350 1956 1423 1980 non
1461 1948 1516 1980 est
1555 1945 1719 1988 dubium,
1755 1945 1840 1991 quin
1880 1945 1989 1981 solius
2028 1944 2161 1980 domini
2198 1946 2335 1991 praedii
2373 1946 2436 1982 sit:

1350 2000 1473 2025 verum
1502 2000 1548 2025 an
1580 1990 1716 2035 aliquid
1747 2001 1791 2026 ex
1821 1993 1925 2035 parte
1949 1990 2043 2025 ferat
2066 1990 2157 2026 alter
2172 1992 2197 2011 ¹⁴
2223 1992 2361 2033 socius,
2386 1993 2436 2026 vi-

1351 2035 1505 2070 dendum
1530 2039 1595 2078 est,
1621 2039 1657 2071 et
1679 2036 1850 2081 numquid
1875 2036 1987 2071 simile
2004 2036 2061 2078 sit,
2086 2039 2194 2081 atque
2219 2047 2299 2071 cum
2324 2037 2436 2082 stipu-

1350 2081 1446 2116 latur
1470 2091 1592 2116 servus
1615 2081 1718 2117 iussu
1741 2081 1848 2117 unius
1872 2081 2004 2116 domini
2027 2085 2091 2115 aut
2121 2091 2186 2126 per
2209 2082 2436 2117 traditionem

1350 2125 1486 2171 aliquid
1517 2126 1650 2171 accipit
1678 2126 1733 2161 vel
1747 2128 1774 2148 ¹⁵
1802 2126 2011 2161 nominatim
2047 2125 2166 2161 alteri:
2199 2127 2293 2171 quod
2325 2127 2436 2172 magis

1352 2174 1371 2206 3
1419 2171 1487 2206 dici
1510 2171 1654 2216 poterit.
1691 2171 1795 2215 Quod
1816 2171 1848 2207 si
1871 2181 2006 2214 servus,
2029 2171 2067 2206 in
2091 2182 2160 2216 quo
2186 2182 2272 2207 usus
2296 2172 2436 2208 fructus

1350 2216 1487 2251 alienus
1518 2220 1589 2260 est,
1624 2217 1799 2252 invenerit
1827 2217 1866 2251 in
1894 2216 1971 2252 eius
2000 2216 2119 2252 locum
2132 2218 2169 2259 ¹¹³,
2205 2217 2266 2261 qui
2297 2228 2436 2253 servum

1349 2261 1534 2307 proprium
1557 2262 1684 2305 habet,
1709 2272 1757 2297 an
1779 2266 1894 2298 totum
1917 2261 2012 2297 illius
2037 2262 2106 2297 sit?
2136 2266 2172 2297 et
2194 2263 2225 2297 si
2248 2263 2285 2297 in
2308 2263 2435 2307 alieno,

1350 2317 1397 2341 an
1420 2310 1559 2351 partem
1589 2307 1703 2342 eidem
1732 2307 1899 2352 adquirat
1928 2317 1975 2341 an
2004 2317 2087 2342 vero
2116 2306 2343 2344 fructuario?
2380 2309 2434 2343 in-

1350 2352 1488 2397 spectio
1513 2352 1550 2387 in
1571 2351 1634 2388 illo
1658 2356 1730 2395 est,
1759 2363 1845 2387 num
1874 2362 1918 2387 ex
1949 2351 2067 2397 operis
2098 2352 2191 2387 servi
2214 2353 2435 2398 adquiratur.

1350 2396 1444 2441 finge
1482 2401 1615 2432 terram
1650 2396 1841 2433 fodientem
1875 2397 2068 2441 invenisse,
2114 2401 2156 2432 ut
2190 2398 2259 2433 hoc
2296 2398 2434 2434 dicatur

1349 2441 1538 2478 fructuarii
1562 2452 1655 2478 esse:
1693 2442 1786 2488 quod
1810 2453 1892 2478 vero
1918 2442 2036 2477 subito
2059 2442 2097 2476 in
2121 2441 2243 2478 abdito
2266 2443 2346 2480 loco
2369 2455 2434 2489 po-

1350 2487 1457 2523 situm
1481 2487 1570 2522 nihil
1592 2498 1720 2532 agens,
1746 2487 1808 2523 sed
1832 2487 1936 2522 aliter
1959 2487 2145 2523 ambulans
2168 2487 2320 2532 invenit,
2350 2500 2433 2534 pro-

1348 2532 1512 2578 prietatis
1550 2533 1682 2568 domini
1713 2533 1770 2568 sit.
1817 2543 1882 2577 ego
1910 2542 1977 2568 nec
2005 2532 2100 2567 illius
2129 2532 2176 2567 ad
2198 2532 2432 2570 fructuarium

1349 2578 1528 2623 pertinere
1567 2582 1707 2624 partem
1751 2577 1923 2614 arbitror:
1966 2587 2070 2613 nemo
2114 2578 2207 2613 enim
2251 2589 2432 2615 servorum

1349 2633 1460 2668 opera
1491 2624 1723 2659 thensaurum
1779 2623 1896 2658 uaerit
1918 2633 1984 2658 000
2007 2633 2051 2658 00
2081 2627 2229 2675 propter
2251 2628 2338 2660 tunc
2362 2629 2433 2661 ter-

1348 2679 1424 2703 ram
1447 2668 1626 2711 fodiebat,
1658 2669 1721 2704 sed
1783 2669 1803 2677 ’“
1834 2668 1887 2704 rei
1910 2678 2056 2714 operam
2078 2669 2279 2704 insumebat
2301 2674 2338 2705 et
2360 2670 2432 2706 for-

1348 2717 1438 2749 tuna
1461 2714 1560 2749 aliud
1583 2714 1691 2749 dedit.
1738 2714 1861 2759 itaque
1884 2713 1915 2749 si
1937 2714 1975 2748 in
1997 2713 2110 2759 ipsius
2133 2713 2324 2750 fructuarii
2348 2725 2432 2760 agro

1347 2759 1532 2802 invenerit,
1556 2762 1644 2804 puto
1667 2763 1807 2805 partem
1830 2759 1944 2795 solam
1968 2763 2009 2793 ut
2032 2759 2108 2803 agri
2132 2758 2313 2794 dominum
2330 2760 2430 2795 habi-

1347 2808 1487 2847 turum,
1518 2804 1667 2840 alteram
1697 2804 1743 2839 ad
1774 2814 1871 2847 eum,
1906 2803 2006 2839 cuius
2037 2804 2076 2839 in
2106 2813 2207 2839 servo
2230 2806 2431 2851 proprietas

1349 2853 1369 2884 4
1416 2853 1489 2892 est,
1551 2850 1715 2885 ertinere.
1772 2849 1874 2894 Quod
1911 2849 1943 2885 si
1982 2849 2138 2885 creditor
2165 2848 2357 2894 invenerit,
2393 2851 2430 2886 10

1348 2894 1464 2930 alieno
1484 2861 1661 2931 vid'ebitur
1676 2894 1870 2930 invenisse:
1895 2898 2034 2940 partem
2050 2895 2171 2939 itaque
2188 2894 2267 2946 sibi,
2291 2900 2429 2941 partem

1348 2940 1500 2976 debitori
1536 2940 1753 2985 praestabit,
1794 2950 1860 2975 nec
1890 2943 2036 2985 recepta
2071 2949 2225 2984 pecunia
2256 2941 2429 2985 restituet,

1348 2985 1443 3030 quod
1474 2986 1550 3020 iure
1581 2985 1791 3028 inventoris,
1828 2995 1901 3021 000
1935 2984 2123 3020 creditoris
2154 2994 2198 3019 ex
2235 2985 2429 3021 thensauro

1347 3030 1443 3076 apud
1467 3041 1547 3066 eum
1569 3030 1750 3067 remansit.
1799 3039 1890 3076 quae
1922 3040 2003 3066 cum
2025 3029 2077 3065 ita
2099 3029 2187 3071 sint,
2222 3034 2259 3065 01
2282 3041 2363 3066 0010
2386 3042 2427 3067 ex

1346 3075 1518 3121 principis
1557 3075 1772 3111 auctoritate
1811 3075 1966 3111 creditor
2009 3080 2049 3110 ut
2084 3074 2269 3128 proprium
2304 3086 2428 3121 agrum

1345 3125 1468 3156 tenere
1499 3120 1615 3166 coepit
1642 3121 1720 3156 iure
1744 3120 1904 3160 dominii,
1933 3121 2030 3155 intra
2053 3123 2285 3155 constitutum
2307 3121 2428 3157 luendi

1345 3170 1485 3211 tempus
1524 3165 1683 3210 pignoris
1725 3176 1836 3202 causa
1875 3165 2041 3201 vertitur:
2083 3169 2166 3209 post
2207 3169 2427 3203 transactum

1346 3214 1466 3247 autem
1487 3214 1627 3255 tempus
1651 3211 1885 3247 thensaurum
1914 3210 1952 3245 in
1982 3219 2025 3245 eo
2053 3210 2235 3245 inventum
2264 3215 2347 3246 ante
2368 3222 2426 3248 so-

1344 3255 1457 3291 lutam
1494 3256 1682 3301 pecuniam
1716 3260 1831 3292 totum
1866 3254 2010 3291 tenebit.
2059 3254 2180 3291 oblato
2216 3266 2298 3293 vero
2331 3256 2427 3292 intra

1345 3300 1578 3337 constitutum
1602 3304 1743 3346 tempus
1767 3301 1899 3343 debito,
1924 3299 2091 3345 quoniam
2114 3300 2280 3336 universa
2302 3312 2424 3347 praes—

1343 3350 1467 3381 tantur
1489 3350 1597 3399 atque
1619 3346 1656 3381 in
1680 3346 1832 3392 simplici
1854 3345 2005 3392 petitore
2028 3347 2290 3389 revocantur¹⁷,
2322 3347 2425 3382 resti-

1343 3391 1396 3428 tui
1425 3390 1585 3434 debebit,
1617 3391 1681 3427 sed
1713 3402 1778 3437 pro
1809 3394 1912 3438 parte
1936 3390 2029 3434 sola,
2061 3391 2145 3437 quia
2168 3390 2346 3427 dimidium
2371 3393 2425 3427 in-

1343 3436 1479 3473 ventori
1503 3446 1643 3482 semper
1663 3436 1784 3482 placet
1804 3436 1968 3481 relinqui.

1851 3595 1909 3636 (14)
1934 3594 2040 3629 altera
2051 3607 2113 3629 scr.
2212 3596 2269 3636 (15)
2295 3593 2347 3627 vel
2360 3595 2421 3629 del.

1342 3640 1403 3680 (10)
1427 3638 1502 3672 1000
1514 3640 1584 3673 edd.
1696 3643 1755 3681 (1¹1)
1777 3642 1990 3683 praestantur
2002 3650 2040 3674 00
2050 3650 2136 3683 quae
2147 3639 2183 3673 in
2196 3638 2340 3683 simplici
2352 3650 2421 3673 cre·

1343 3683 1450 3717 (litore
1463 3685 1526 3728 (nic
1539 3685 1676 3730 Retiny)
1689 3687 1887 3718 revocantur
1897 3699 1958 3720 scr.

2520 3342 2528 3370 1
