2528 3918
159 147 407 190 xxxxvu
437 148 464 188 2

159 270 296 306 decimo
320 279 365 304 ex
384 268 516 305 Sabino
541 269 741 312 competere
764 265 851 302 furti
874 266 1051 303 actionem
1072 265 1156 301 huic
1179 265 1242 302 do·

161 315 264 356 mino,
290 314 391 349 cuius
415 323 537 349 servus
562 312 599 347 in
622 313 708 356 fuga
730 310 808 346 fuit.

210 357 257 397 18
282 358 442 394 Pavum
461 358 552 394 libro
577 367 672 392 nono
695 356 746 391 ad
767 356 941 392 Sabinum
989 355 1093 401 Quod
1117 355 1245 391 dicitur

159 415 290 440 noxam
321 407 430 448 caput
453 402 570 448 sequi.
602 405 688 436 tunc
711 412 834 437 verum
859 406 930 446 est,
963 406 1004 436 ut
1027 411 1119 446 quae
1142 401 1243 437 initio

159 449 329 485 adversus
354 448 508 493 aliquem
531 450 618 483 nata
641 450 696 482 est
712 450 822 492 caput
845 447 1006 482 nocentis
1030 448 1242 526 seihuatur¹z

158 494 308 539 ideoque
328 494 358 528 si
378 503 498 528 servus
516 497 600 528 tuus
619 491 754 527 furtum
774 491 859 526 mihi
879 491 1004 527 fecerit
1023 496 1060 527 et
1105 501 1244 526 ominus

159 540 237 575 eius
271 538 419 574 effectus
457 547 537 574 eum
575 536 785 579 vendidero,
821 547 893 572 non
925 546 1031 581 posse
1054 546 1110 571 me
1140 546 1245 582 agere

161 595 240 619 cum
265 583 448 628 emptore²
472 582 635 619 Cassiani
658 585 797 628 putant.

209 626 260 666 19
292 628 486 663 ULPIANUS
519 628 610 663 libro
649 627 792 673 quadra
820 626 953 661 ensimo
989 625 1038 679 qd
1070 624 1243 678 Sabinum

161 675 202 709 ln
233 674 374 709 actione
405 672 492 708 furti
521 672 656 709 sufficit
678 682 752 707 rem
801 674 1029 713 emoustrari,
1062 674 1103 706 ut
1132 674 1246 716 possit

163 723 177 753 1
228 718 395 763 intellegi.
450 717 506 753 De
565 716 696 753 ondere
731 721 850 752 autem
885 726 1051 751 vasorum
1086 726 1157 752 non
1191 720 1246 751 est

160 774 304 800 necesse
334 763 450 808 loqui:
492 773 509 798 s
577 762 646 797 ciet
675 762 783 807 igitur
816 761 868 796 ita
898 760 969 795 dici
1001 761 1159 796 ‘lancem'
1190 761 1246 796 vel

161 809 320 845 ‘discum'
351 808 407 843 vel
436 808 636 853 ‘pateram'z
669 807 732 842 sed
764 805 1000 841 adscribenda
1032 806 1137 841 etiam
1171 816 1245 841 ma-

161 854 252 889 teria
275 857 340 895 est,
365 856 485 888 utrum
508 856 676 898 argentea
699 861 746 886 an
770 860 880 886 aurea
904 861 950 885 an
974 851 1045 886 alia
1069 861 1162 896 quae
1186 851 1243 886 sit.

161 902 181 933 2
229 898 333 943 Quod
353 898 384 934 si
407 898 486 944 quis
505 901 691 942 argentum
710 896 879 932 infectum
899 899 1009 940 petat,
1033 900 1071 932 et
1090 906 1245 932 massam

161 948 181 978 3
228 947 429 988 argenteam
452 943 571 979 dicere
595 946 631 978 et
679 941 792 977 ondus
817 940 960 988 debebit
983 951 1125 986 ponere.
1167 941 1245 986 Sig-

160 988 236 1024 nati
255 987 392 1033 argenti
411 998 595 1023 numerum
614 987 657 1022 de
684 987 756 1022 ebit
777 985 974 1031 complecti,
994 986 1103 1021 veluti
1116 996 1244 1022 aureos

161 1037 182 1068 4
227 1036 284 1070 tot
314 1034 502 1078 pluresve³
532 1033 628 1068 furto
659 1033 691 1067 ei
721 1032 858 1066 abesse.
906 1031 961 1066 De
985 1035 1082 1066 veste
1106 1032 1244 1076 quaeri-

161 1084 236 1121 tur,
267 1089 314 1114 an
339 1078 438 1114 color
461 1078 537 1114 eius
561 1076 730 1112 dicendus
763 1075 820 1111 sit.
867 1079 903 1111 et
926 1086 1047 1111 verum
1071 1081 1126 1112 est
1149 1077 1244 1112 colo-

161 1133 234 1159 rem
259 1123 335 1159 eius
367 1123 437 1158 dici
469 1127 651 1168 oportere,
681 1126 736 1164 ut,
772 1120 1066 1173 quemadmodum
1090 1121 1128 1156 iii
1150 1121 1245 1157 vasis

161 1169 291 1204 dicitur
326 1172 453 1214 patera
481 1178 604 1210 aurea,
636 1167 687 1201 ita
717 1169 754 1201 et
782 1176 820 1200 in
851 1169 948 1201 veste
973 1166 1071 1202 color
1093 1166 1243 1202 dicatur.

161 1213 268 1259 plane
291 1214 322 1250 si
352 1214 430 1258 quis
454 1212 547 1248 iuret
577 1223 642 1257 pro
669 1216 766 1246 certo
791 1221 829 1246 se
854 1211 1009 1246 colorem
1033 1211 1151 1247 dicere
1174 1220 1245 1247 non

161 1263 180 1292 5
228 1269 352 1304 posse,
378 1258 509 1294 remitti
532 1257 564 1293 ei
587 1257 692 1292 huius
717 1256 769 1292 rei
792 1255 987 1291 necessitas
1011 1255 1129 1292 debet.
1178 1256 1246 1301 Qui

160 1303 654 1383 ἒθωιὲῗῃῗὲιῗξῗξηθὲῒιέἓῗ
673 1300 964 1391 §abdiam
983 1302 1245 1382 issffisssss‘ffiefi

161 1396 298 1429 tantum
322 1397 406 1428 tunc
430 1392 550 1429 facere
573 1391 731 1434 videtur,
764 1401 845 1426 cum
875 1391 1072 1436 possidenti
1095 1391 1169 1427 sive
1193 1395 1245 1427 te-

161 1439 257 1474 nenti
282 1438 451 1474 creditori
474 1437 601 1479 aufert,
625 1447 749 1473 verum
767 1439 803 1472 et
825 1435 858 1472 si
877 1446 919 1473 eo
943 1439 1104 1482 tempore
1122 1437 1245 1472 abstu-

162 1484 249 1525 lerit,
275 1494 344 1537 quo
363 1494 434 1518 non
459 1482 676 1528 possidebat,
701 1485 742 1517 ut
764 1484 853 1527 puta
875 1481 907 1517 si
928 1491 1003 1517 rem
1025 1482 1246 1528 pigneratam

161 1528 332 1564 vendidit:
358 1538 440 1563 nam
463 1532 500 1563 et
523 1528 581 1563 hic
604 1526 740 1562 furtum
764 1537 844 1562 eum
867 1525 986 1562 facere
1011 1530 1161 1563 constat.
1211 1530 1247 1562 et

159 1574 210 1609 ita
234 1578 270 1609 et
293 1573 452 1609 Iulianus
476 1572 632 1617 scripsit.

206 1616 259 1656 20
292 1618 449 1654 Panos
482 1618 573 1654 libro
611 1628 706 1653 nono
744 1617 794 1653 ad
828 1617 1003 1655 Sabinum
1057 1616 1145 1652 Cum
1184 1627 1246 1652 aes

185 1663 301 1709 ignori
324 1662 447 1705 datur,
485 1662 624 1698 etiamsi
654 1673 781 1698 aurum
810 1672 889 1699 esse
913 1662 1059 1704 dicitur,
1094 1662 1248 1715 turpiter

185 1713 211 1753 t,
234 1708 370 1743 furtum
394 1718 467 1744 non
489 1708 541 1743 fit.
578 1707 641 1744 sed
665 1708 696 1743 si
720 1707 843 1743 datum
867 1711 922 1743 est
944 1718 1082 1750 aurum,
1107 1706 1244 1751 deinde,

161 1765 242 1789 cum
271 1753 418 1789 dixisset
447 1763 486 1789 se
542 1753 717 1788 onderare
748 1756 812 1788 aut
835 1752 1023 1798 obsignare
1047 1752 1152 1795 velle,
1185 1762 1246 1788 aes

160 1798 324 1841 subiecit,
348 1798 483 1834 furtum
522 1798 606 1834 ecit:
632 1807 706 1833 rem
726 1798 820 1833 enim
843 1798 982 1843 pignori
1000 1797 1119 1833 datam
1136 1797 1246 1833 inter-

164 1847 177 1878 1
226 1844 342 1879 vertit.
390 1843 428 1878 Si
458 1843 555 1879 bona
583 1842 654 1878 fide
683 1852 758 1878 rem
789 1853 904 1879 meam
939 1843 1066 1879 emeris
1097 1852 1246 1887 eamque

160 1899 225 1934 ego
248 1889 479 1934 subripuere,
513 1887 569 1923 vel
598 1887 704 1923 etiam
735 1891 819 1923 tuus
850 1898 938 1923 usus
967 1887 1107 1923 fructus
1136 1887 1183 1923 sit
1213 1891 1248 1922 et

160 1944 237 1969 eam
267 1937 554 1977 contrectavero,
595 1934 744 1969 tenebor
772 1933 837 1969 tibi
865 1931 954 1968 furti
985 1932 1141 1976 actione,
1180 1932 1247 1968 etsi

161 1979 324 2014 dominus
355 1979 407 2014 rei
437 1989 528 2014 sum.
576 1978 641 2015 sed
670 1978 726 2013 his
756 1978 898 2014 casibus
937 1977 1112 2023 usucapio
1144 1977 1248 2023 quasi

159 2024 311 2059 furtivae
332 2024 383 2059 rei
405 2034 478 2059 non
495 2023 720 2069 impedietur,
745 2024 912 2068 quoniam
937 2026 974 2059 et
996 2023 1028 2058 si
1047 2022 1138 2058 alius
1160 2023 1246 2059 sub-

159 2068 267 2114 ripiat
300 2071 338 2105 et
369 2069 407 2104 in
439 2078 554 2104 meam
587 2069 822 2114 potestatem⁴
857 2078 999 2104 reversa
1034 2077 1092 2104 res
1126 2067 1245 2111 fuerit,

159 2114 450 2159 usucapiebatur.

206 2156 256 2196 21
291 2158 470 2194 Pinnas*
506 2158 598 2194 libro
639 2157 943 2205 quadraqensimo
984 2157 1035 2193 ad
1071 2156 1246 2210 Sabinum

161 2203 228 2240 Vol
275 2203 325 2239 ris
349 2206 405 2239 est
427 2203 605 2249 quaestio,
630 2213 678 2238 an
699 2202 749 2247 is,
774 2203 836 2249 qui
859 2213 903 2239 ex
926 2213 1055 2239 acervo
1078 2202 1247 2239 frumenti

159 2259 216 2286 mo
244 2249 339 2285 'um‘
371 2248 516 2285 sustulit
572 2248 682 2284 totius
710 2247 763 2284 rei
793 2247 929 2284 furtum
959 2247 1069 2284 faciat
1093 2258 1140 2283 an
1163 2258 1246 2284 vero

160 2295 235 2331 eius
267 2297 407 2330 tantuin
439 2275 535 2339 quod
558 2293 716 2329 abstulit.
765 2293 891 2330 Ofilius
914 2293 1025 2329 totius
1049 2293 1167 2329 acervi
1189 2293 1245 2328 fu-

159 2350 233 2375 rem
264 2349 345 2376 esse
400 2342 498 2374 utat:
530 2349 612 2374 nam
644 2341 680 2374 et
709 2338 769 2383 qui
792 2348 916 2374 aurem
946 2338 1097 2375 alicuius
1120 2338 1245 2383 tetigit,

159 2384 275 2430 inquit
298 2384 370 2420 Tre
395 2384 489 2420 atius
512 2387 626 2420 totum
650 2393 730 2419 eum
752 2383 864 2419 videri
886 2383 1062 2429 tetigisse:
1123 2383 1247 2420 roinde

160 2433 196 2465 et
226 2429 286 2474 qui
317 2429 451 2465 dolium
484 2429 626 2474 aperuit
649 2431 685 2464 et
706 2428 802 2475 inde
821 2439 970 2475 parvum
991 2428 1062 2464 vini
1087 2439 1109 2463 a
1135 2429 1246 2471 stulit,

160 2485 232 2511 non
255 2478 396 2510 tantum
421 2474 496 2510 eius
519 2473 615 2520 quod
638 2473 797 2518 abstulit,
829 2484 951 2509 verum
974 2474 1085 2510 totius
1108 2473 1248 2526 videtur

161 2519 219 2555 fur
242 2530 331 2556 esse.
377 2519 440 2555 sed
462 2529 584 2555 verum
607 2522 663 2555 est
685 2519 723 2554 in
745 2521 886 2554 tantuin
909 2529 972 2555 eos
995 2518 1083 2554 furti
1106 2523 1247 2555 actione

159 2565 284 2608 teneri,
310 2568 480 2610 quantum
506 2564 742 2600 abstulerunt.
785 2574 868 2599 nam
891 2565 948 2600 et⁷
973 2564 1003 2599 si
1026 2563 1107 2610 quis
1130 2574 1246 2600 arma·

160 2611 268 2653 rium,
304 2609 400 2655 quod
422 2609 547 2645 tollere
571 2619 644 2644 non
666 2613 827 2656 poterat,
860 2609 1042 2654 aperuerit
1065 2612 1102 2645 et
1124 2619 1246 2646 omnes

159 2665 235 2699 res,
267 2665 359 2708 quae
381 2655 418 2690 in
442 2664 484 2690 eo
510 2658 627 2697 erant,
660 2654 934 2690 contrectaverit
964 2658 1071 2700 atque
1099 2654 1246 2707 itania-

161 2704 323 2742 cesserit,
356 2699 483 2735 deinde
512 2710 675 2736 reversus
699 2710 806 2735 unam
836 2709 881 2735 ex
910 2699 967 2735 his
999 2699 1189 2736 abstulerit
1211 2703 1248 2735 et

160 2745 624 2826 ἓὲεᾝωὲιῗξιὲἓξῑῖἒῖθὲῑ
640 2744 1247 2826 ffli‘nizzffii‘zmssicdffiffiss}

276 2816 285 2832 9

159 2835 219 2870 fur
239 2834 316 2870 erit.
351 2834 414 2870 sed
438 2838 475 2870 et
498 2835 558 2879 qui
582 2839 735 2880 segetem
758 2834 840 2870 luce
859 2839 961 2871 secat
980 2839 1015 2871 et
1034 2839 1246 2878 contrectat,

161 2880 237 2916 eius
269 2879 365 2925 quod
397 2882 519 2915 secat*
550 2879 758 2916 manifestus
790 2884 827 2916 et
857 2890 924 2915 nec
947 2880 1156 2916 manifestus
1187 2879 1247 2916 fur

167 2929 177 2959 1
229 2928 293 2960 est.
343 2924 380 2959 Si
403 2925 452 2966 is,
485 2924 545 2969 qui
575 2925 698 2969 viginti
721 2936 944 2961 nummorum
968 2935 1112 2962 saccum
1136 2925 1245 2971 depo-

161 2970 307 3012 suisset,
333 2969 442 3005 alium
466 2979 627 3012 saccum,
650 2970 687 3005 in
711 2981 782 3023 quo
806 2970 875 3006 scit
897 2970 1044 3017 triginta
1067 2981 1164 3013 esse,
1189 2981 1245 3006 er-

160 3018 264 3051 rante
286 3025 327 3051 eo
353 3014 414 3060 qui
438 3013 548 3050 dabat
571 3018 760 3060 acceperit,
785 3015 924 3060 putavit
946 3020 1065 3052 autem
1088 3015 1161 3051 illic
1180 3026 1246 3052 sua

162 3062 182 3095 2
211 3059 350 3112 ’viginti
375 3069 464 3112 esse,
487 3059 601 3112 teneri
624 3060 711 3095 furti
734 3060 856 3096 decem
879 3061 1019 3115 nomine
1041 3061 1173 3107 placet.
1209 3060 1247 3097 Si

160 3103 761 3192 33⁸023123¹¹²31¹²¹i¹1240⁶¹33t22¹²¹0
769 3106 1018 3204 ωΡοΠῗὲοἱῗῗῗ
1045 3116 1123 3187 “sei
1148 3109 1247 3186 iffi

161 3198 224 3230 aut
246 3195 363 3230 minus
385 3204 473 3239 esse,
498 3204 580 3230 cuin
602 3194 684 3240 plus
705 3199 816 3231 esset:
841 3206 918 3231 eius
943 3196 1039 3241 quod
1057 3196 1245 3250 subripuit²

162 3242 181 3274 3
229 3239 366 3275 furtum
400 3239 606 3276 committit:
647 3239 741 3275 idem
775 3240 949 3285 Ulpianus
960 3241 986 3277 ⁹.
1041 3240 1111 3277 Sed
1145 3245 1183 3277 et
1216 3251 1247 3277 si

161 3284 240 3329 quis
280 3284 460 3330 subripuit
490 3284 587 3320 furto
620 3284 711 3320 duos
749 3285 931 3329 sacculos,
970 3296 1080 3322 unum
1112 3285 1246 3330 decem,

161 3329 313 3365 alterum
368 3329 376 3338 ‘
403 3329 411 3337 '
439 3329 484 3373 ti,
510 3339 660 3374 quorum
682 3329 834 3365 alterum
858 3341 960 3366 suum
984 3331 1132 3377 putavit,
1157 3331 1246 3368 alte-

162 3385 240 3410 rum
270 3339 541 3411 scitfflnum:
573 3374 738 3420 profecto
769 3374 927 3411 dicemus
958 3380 1098 3412 tantum
1129 3376 1246 3420 unius,

160 3487 199 3528 (1)
226 3488 414 3522 exciderunt
436 3490 597 3531 quaedam
622 3489 670 3522 ad
691 3489 750 3523 hoe
773 3490 968 3533 exemplum:
997 3489 1103 3524 donee
1126 3491 1247 3525 noxius

160 3531 203 3564 ad
226 3542 302 3565 eum
324 3535 448 3566 statum
472 3534 679 3576 pervenerit,
701 3543 724 3567 a
742 3543 810 3576 quo
826 3544 914 3568 noxa
933 3534 1080 3578 incipere
1098 3545 1167 3570 non

161 3576 279 3610 tuissct
370 3580 413 3619 (2)
439 3580 587 3621 emptore
607 3579 786 3622 Martinus,
807 3577 956 3613 debitore
974 3580 1008 3612 F
1103 3583 1144 3621 (8)
1168 3591 1191 3625 p
1207 3592 1246 3614 u·

161 3621 247 3655 risve
261 3622 292 3655 F'
389 3625 431 3664 (⁴)
457 3633 531 3656 mea
541 3625 705 3667 potestate
717 3625 751 3658 F
843 3624 887 3666 (5)
911 3626 960 3659 eie
972 3624 1022 3658 1³²
1036 3637 1104 3659 cum
1119 3626 1164 3668 B,
1184 3625 1245 3659 Ul-

160 3666 280 3708 pianus
291 3680 354 3701 scr.
368 3680 436 3702 cum
449 3667 502 3701 F²
587 3669 632 3711 (e)
654 3669 821 3703 modicum
834 3670 1015 3714 Hoffinann
1098 3672 1143 3712 (7)
1167 3681 1244 3704 nam

161 3713 194 3743 et
206 3711 266 3745 del.
361 3713 407 3755 (8)
430 3713 502 3747 eius
514 3713 604 3755 quod
615 3714 714 3757 secat]
729 3715 811 3748 talia
824 3715 1050 3758 requiruntur.-
1073 3715 1144 3748 eius
1156 3716 1245 3758 quod

160 3758 317 3797 sequente
337 3759 434 3791 noete
452 3761 625 3802 asportans
644 3758 903 3803 deprehenditur
1031 3760 1076 3801 (⁹)
1093 3762 1244 3804 sortasse

1226 139 1313 188 ‘766

1493 87 1497 106 l

1503 105 1564 152 ᾗ
2146 161 2207 192 mi
2236 160 2392 194 rumis

1314 265 1794 349 ffiffinl'ussiviussfflffli
1805 268 2043 350 fiisslffiefiikm
2062 269 2212 360 ἑῖιίἰῖὠ
2224 271 2393 353 qim

2013 342 2022 358 9

1313 365 1418 391 suum
1448 355 1606 400 putavit,
1646 360 1797 393 aterum
1835 359 1904 394 scit
1935 360 2107 395 alienum:
2145 371 2227 396 nam
2265 366 2301 398 et
2335 362 2394 399 hic

1314 403 1334 435 4
1382 400 1487 437 unius
1512 400 1552 435 fit
1583 402 1730 438 furtum.
1778 403 1848 439 Sed
1871 404 1902 439 si
1924 414 2048 440 ansam
2070 405 2107 440 in
2137 406 2268 451 poculo
2292 417 2393 443 suam

1313 445 1452 490 putavit
1473 445 1528 481 vel
1547 456 1628 481 vere
1651 446 1728 489 fuit,
1754 448 1863 484 totius
1882 450 2001 495 poculi
2022 460 2102 485 eum
2122 450 2256 486 furtum
2276 451 2395 488 facere

1314 495 1332 523 ὁ
1381 489 1599 536 Pomponius
1624 492 1775 537 scripsit.
1811 494 1882 529 Sed
1906 495 1936 530 si
1960 495 2003 530 de
2027 495 2107 530 navi
2126 500 2275 532 onerata
2297 497 2393 532 furto

1314 535 1392 580 quis
1417 536 1608 570 sextarium
1633 535 1800 573 frumenti
1823 539 1961 581 tulerit,
1994 544 2112 575 utrum
2143 541 2254 577 totius
2278 542 2394 577 oneris

1313 590 1359 615 an
1382 590 1464 615 vero
1490 580 1635 616 sextarii
1659 585 1799 618 tantum
1821 582 1954 619 furtum
1980 584 2127 621 fecerit?
2162 585 2302 622 facilius
2325 587 2394 622 hoc

1314 625 1497 677 quaeritur
1527 626 1563 660 in
1595 627 1724 662 horreo
1747 627 1870 673 pleno:
1907 634 1943 665 et
1964 629 2092 665 durum
2115 634 2172 666 est
2199 631 2316 667 dicere
2340 636 2394 667 to-

1314 675 1384 706 tius
1415 670 1550 706 furtum
1579 671 1667 706 fieri.
1717 675 1753 707 et
1782 673 1866 717 quid
1890 674 1920 709 si
1944 675 2098 710 cisterna
2120 676 2191 711 vini
2214 677 2278 718 sit,
2310 676 2395 722 quid

1314 714 1408 750 dicet
1420 716 1472 750 ¹⁰?
1513 719 1577 751 aut
1599 726 1713 761 aquae
1737 717 1915 754 cisterna?
1954 719 2039 764 quid
2063 720 2189 756 deinde
2212 721 2244 757 si
2266 723 2393 757 nave¹¹

1313 759 1449 795 vinaria
1479 762 1533 803 (ιιι
1563 766 1648 796 sunt
1679 762 1828 806 multae,
1861 763 1898 798 in
1922 774 2011 808 quas
2033 764 2152 800 vinum
2176 765 2394 809 effunditur),

1314 805 1400 850 quid
1430 805 1587 841 dicemus
1620 806 1663 842 de
1693 816 1754 850 eo,
1793 807 1853 852 qui
1875 808 1995 843 vinum
2024 809 2170 845 hausit?
2216 821 2262 846 an
2286 811 2395 846 totius

1315 850 1431 885 oneris
1461 850 1519 885 fur
1547 850 1619 887 sit?
1665 855 1702 886 et
1729 853 1839 897 magis
1872 857 1944 895 est,
1983 858 2024 889 ut
2046 858 2082 890 et
2104 855 2162 891 hic
2191 866 2262 890 non
2287 856 2394 891 totius

1315 900 1334 929 6
1382 895 1553 931 dicamus.
1601 895 1705 932 Certe
1737 897 1766 932 si
1799 908 1862 942 pro
1890 909 1978 934 onas
1991 899 2019 920 ¹²
2048 899 2085 934 in
2114 901 2291 945 apotheca
2322 911 2396 935 am-

1313 940 1445 985 phoras
1470 950 1547 976 esse
1570 941 1641 976 vini
1665 951 1795 987 easque
1826 953 1869 978 su
1895 947 2046 987 tractas,
2079 945 2296 990 singularum
2319 945 2395 980 fur-

1314 991 1389 1020 tum
1412 985 1463 1028 fit,
1488 996 1559 1021 non
1583 986 1693 1022 totius
1718 987 1932 1032 apothecae,
1965 989 2259 1033 quemadmodum
2291 990 2320 1026 si
2352 1000 2396 1026 ex

1314 1030 1474 1075 pluribus
1504 1031 1610 1066 rebus
1642 1033 1862 1068 moventibus
1892 1033 1930 1068 in
1961 1033 2088 1070 horreo
2118 1035 2267 1070 reclusis
2290 1046 2395 1070 unam

1315 1079 1332 1109 7
1380 1075 1513 1111 tulerit.
1549 1075 1617 1120 Qui
1634 1075 1723 1111 furti
1746 1077 1899 1113 faciendi
1923 1088 2033 1114 causa
2052 1079 2220 1115 conclave
2239 1080 2395 1122 intravit,

1314 1119 1471 1156 noudum
1506 1120 1565 1155 fur
1603 1125 1675 1164 est,
1715 1123 1874 1166 quamvis
1912 1123 2057 1159 furandi
2095 1134 2204 1160 causa
2241 1125 2395 1160 intravit.

1315 1165 1399 1210 quid
1418 1165 1526 1210 ergo?
1550 1176 1621 1218 qua
1645 1166 1786 1202 actione
1803 1168 2005 1204 tenebitur?
2029 1169 2151 1223 utique
2170 1169 2395 1205 iniuriarum:

1315 1214 1334 1244 8
1381 1213 1444 1245 aut
1468 1210 1512 1245 de
1535 1221 1569 1245 vi
1592 1212 1836 1254 accusabitur,
1863 1213 1893 1248 si
1916 1224 1981 1258 per
2003 1214 2071 1249 vim
2095 1215 2261 1250 introivit.
2310 1216 2397 1251 Item

1315 1255 1345 1290 si
1375 1255 1518 1291 maioris
1551 1255 1717 1301 ponderis
1749 1257 1833 1302 quid
1857 1258 1997 1302 aperuit
2020 1263 2083 1294 aut
2111 1259 2270 1304 refregit,
2303 1260 2398 1304 quod

1315 1300 1441 1336 tollere
1471 1311 1544 1335 non
1573 1302 1703 1346 possit,
1736 1313 1808 1337 non
1837 1308 1892 1338 est
1923 1304 2078 1339 omnium
2109 1315 2228 1340 rerum
2251 1315 2330 1341 cum
2355 1315 2396 1340 eo

1315 1345 1401 1380 furti
1425 1345 1530 1388 actio,
1557 1346 1620 1381 sed
1643 1357 1766 1382 earum
1789 1350 1928 1383 tantum
1952 1359 2040 1393 quas
2060 1349 2153 1392 tulit,
2179 1350 2263 1395 quia
2282 1353 2397 1386 totum

1315 1390 1442 1426 tollere
1465 1401 1537 1426 non
1561 1391 1689 1435 potuit.
1751 1392 1876 1428 roinde
1899 1393 1930 1429 si
1953 1394 2184 1438 involucrum,
2210 1395 2306 1440 quod
2329 1395 2394 1430 tol-

1314 1435 1387 1471 lere
1419 1446 1491 1471 non
1522 1437 1654 1481 potuit,
1688 1447 1728 1472 so
1744 1437 1810 1481 vit,
1844 1442 1884 1473 ut
1907 1442 2121 1482 contrectet,
2154 1439 2281 1476 deinde
2311 1450 2395 1475 con·

1314 1481 1481 1516 trectavit
1511 1481 1683 1526 quasdam
1714 1493 1788 1518 res:
1829 1484 1989 1528 quamvis
2019 1484 2176 1528 singulas
2199 1495 2273 1529 res,
2306 1495 2398 1530 quae

1314 1526 1352 1561 in
1375 1535 1416 1562 eo
1440 1525 1597 1570 fuerunt,
1621 1526 1747 1563 tollere
1770 1529 1937 1573 potuerit,
1962 1528 1993 1565 si
2016 1533 2136 1565 tamen
2159 1534 2274 1565 totum
2297 1530 2396 1565 invo-

1314 1571 1453 1606 lucrum
1476 1571 1601 1608 tollere
1624 1582 1697 1607 non
1720 1573 1887 1618 potuerit,
1912 1574 2131 1619 singularum
2154 1585 2284 1619 rerum,
2309 1585 2398 1620 quas

1313 1615 1453 1659 tulerit,
1485 1615 1544 1651 fur
1567 1621 1640 1659 est,
1675 1622 1872 1654 ceterarum
1903 1629 1976 1654 non
1998 1622 2065 1655 est.
2111 1620 2208 1665 quod
2231 1620 2261 1656 si
2283 1623 2398 1656 totum

1315 1671 1376 1697 vas
1410 1660 1536 1697 tollere
1563 1662 1698 1707 potuit,
1729 1662 1878 1699 dicimus
1907 1674 1988 1699 eum
2025 1665 2135 1701 totius
2163 1675 2242 1701 esse
2270 1664 2396 1709 furem,

1314 1706 1397 1741 licet
1419 1706 1573 1751 solverit,
1597 1710 1639 1742 ut
1656 1707 1813 1753 singulas
1837 1708 1893 1744 vel
1912 1709 2085 1754 quasdam
2107 1709 2264 1746 tolleret:
2289 1713 2326 1746 et
2346 1710 2400 1746 ita

1315 1754 1335 1786 9
1383 1754 1419 1786 et
1449 1751 1603 1787 Sabinus
1637 1752 1698 1787 ait.
1747 1752 1784 1788 Si
1821 1753 1892 1789 duo
1956 1754 2096 1791 luresve
2123 1766 2234 1790 unum
2262 1755 2398 1800 fignum

1314 1796 1424 1831 furati
1448 1801 1548 1840 sunt,
1588 1797 1684 1842 quod
1714 1798 1844 1843 singuli
1873 1802 1910 1835 to
1939 1809 2000 1835 ere
2022 1810 2095 1836 non
2117 1801 2314 1846 potuerint,
2344 1800 2397 1835 di-

1316 1841 1466 1876 cendum
1486 1845 1541 1877 est
1560 1851 1682 1878 omnes
1702 1852 1764 1879 eos
1786 1843 1875 1879 furti
1897 1843 1934 1880 in
1954 1844 2106 1881 solidum
2125 1845 2250 1889 teneri,
2275 1855 2398 1890 quam-

1315 1886 1367 1921 vis
1398 1886 1436 1922 id
1466 1890 1688 1928 contrectare
1724 1898 1790 1924 nec
1821 1889 1946 1925 tollere
1975 1890 2073 1926 solus
2102 1894 2243 1936 posset,
2280 1894 2319 1926 et
2347 1891 2400 1926 ita

1317 1931 1463 1967 utimur:
1498 1942 1612 1977 neque
1641 1932 1735 1968 enim
1763 1937 1884 1979 potest
1908 1934 2026 1971 dicere
2048 1945 2114 1988 pro
2138 1939 2241 1981 parte
2263 1935 2399 1971 furtum

1315 1976 1445 2028 fecisse
1475 1977 1649 2022 singulos,
1686 1978 1749 2014 sed
1777 1979 1888 2015 totius
1927 1980 1978 2016 rei
2009 1991 2209 2016 universos:
2246 1981 2299 2017 sic
2334 1980 2399 2017 fiet

1320 2025 1359 2057 10
1406 2022 1563 2066 singulos
1580 2022 1668 2058 furti
1687 2024 1810 2059 teneri.
1845 2024 2012 2069 Quamvis
2030 2029 2150 2061 autem
2168 2035 2290 2062 earum
2309 2037 2396 2072 quo-

1317 2076 1384 2111 que
1414 2077 1548 2111 rerum,
1588 2078 1676 2120 quas
1706 2068 1784 2113 quis
1816 2079 1888 2105 non
1917 2070 2082 2112 abstulit,
2113 2070 2201 2106 furti
2224 2075 2398 2113 teneatur,

1316 2116 1474 2147 attamen
1505 2112 1645 2148 condici
1675 2113 1708 2148 ei
1731 2124 1804 2150 non
1827 2118 1962 2159 potest,
1996 2115 2129 2151 idcirco
2153 2116 2237 2161 quia
2260 2116 2399 2152 condici

1316 2166 1359 2193 ea
1376 2167 1451 2237 ἷξε,
1477 2168 1568 2202 quae
1591 2158 1713 2194 ablata
1735 2163 1805 2203 est,
1830 2164 1964 2205 potest:
1989 2164 2026 2196 et
2047 2160 2100 2196 ita
2121 2164 2158 2197 et
2179 2160 2399 2207 Pomponius

1316 2212 1387 2238 scri
1412 2206 1451 2237 it.

1361 2245 1415 2284 22
1439 2246 1599 2284 PAULvs
1626 2248 1717 2284 libro
1746 2260 1841 2284 nono
1872 2249 1923 2285 ad
1952 2249 2125 2286 Sabinum
2171 2250 2210 2287 Si
2255 2250 2319 2287 uid
2339 2250 2395 2287 ful

1315 2292 1461 2337 fregerit
1492 2296 1556 2328 aut
1586 2293 1739 2338 ruperit,
1769 2294 1865 2340 quod
1895 2305 1968 2330 non
1992 2295 2097 2331 etiam
2120 2295 2226 2331 furan
2253 2296 2262 2305 ‘
2287 2306 2399 2332 causa

1316 2337 1606 2382 contrectaverit,
1637 2338 1714 2375 eius
1745 2339 1887 2375 nomine
1912 2350 1991 2375 cum
2016 2351 2057 2377 eo
2089 2340 2176 2376 furti
2199 2351 2304 2386 agere
2327 2351 2399 2377 non

1320 2386 1333 2418 1
1383 2386 1513 2428 potest.
1549 2382 1586 2419 Si
1604 2393 1647 2419 eo
1665 2384 1813 2420 consilio
1834 2395 1920 2420 arca
1939 2385 2097 2422 refracta
2115 2386 2171 2429 sit,
2190 2391 2232 2421 ut
2248 2386 2398 2423 uniones

1315 2431 1403 2473 puta
1426 2427 1654 2471 tollerentur,
1683 2429 1791 2474 hique
1814 2428 1901 2465 furti
1923 2429 2078 2466 faciendi
2102 2441 2212 2467 causa
2236 2435 2397 2468 contrec-

1314 2473 1382 2509 tati
1405 2472 1492 2517 sint,
1524 2483 1646 2509 eorum
1677 2474 1921 2511 tantummodo
1953 2475 2090 2512 furtum
2112 2476 2248 2512 factum
2271 2476 2397 2513 videri:

1315 2517 1411 2563 quod
1435 2522 1490 2554 est
1511 2528 1644 2554 verum.
1686 2529 1770 2554 nam
1794 2524 1934 2555 ceterae
1956 2531 2024 2564 res,
2051 2531 2142 2566 quae
2166 2525 2397 2567 seponuntur,

1315 2567 1356 2598 ut
1379 2562 1426 2598 ad
1451 2563 1600 2599 uniones
1625 2564 1870 2609 perveniatur,
1905 2576 1977 2601 non
2001 2565 2089 2601 furti
2110 2566 2265 2602 faciendi
2288 2577 2399 2603 causa

1317 2611 1336 2644 2
1384 2612 1663 2644 contrectantur.
1711 2609 1780 2654 Qui
1809 2610 1948 2646 lancem
1979 2612 2082 2656 rasit,
2121 2612 2231 2648 totius
2262 2611 2323 2647 fur
2345 2616 2399 2648 est

1315 2656 1351 2689 et
1373 2652 1463 2689 furti
1485 2657 1628 2689 tenetur
1651 2653 1698 2690 ad
1719 2655 1767 2698 id,
1792 2655 1887 2700 quod
1910 2655 2043 2692 domini
2064 2657 2223 2694 interest.

1360 2696 1413 2736 23
1446 2698 1641 2735 Uimzws
1667 2700 1757 2735 libro
1790 2700 2093 2747 quadraqensimo
2111 2703 2235 2749 primo
2259 2701 2309 2738 ad
2330 2701 2397 2738 Sa-

1315 2743 1437 2780 binum
1483 2744 1708 2789 Impuberem
1731 2744 1865 2781 furtum
1887 2745 2007 2782 facere
2029 2757 2155 2792 posse,
2180 2747 2211 2782 si
2232 2747 2303 2783 iam
2327 2747 2399 2783 doli

1315 2799 1431 2835 capax
1455 2789 1518 2834 sit,
1549 2789 1708 2826 Iulianus
1731 2790 1822 2826 libro
1846 2791 2036 2828 vicensimo
2066 2792 2221 2828 secundo
2246 2792 2398 2838 digesto-

1313 2845 1393 2869 rum
1422 2834 1585 2880 scripsit:
1623 2835 1707 2870 item
1764 2845 1844 2871 osse
1881 2846 1963 2872 cum
1992 2837 2175 2882 impubere
2204 2837 2322 2873 damni
2344 2837 2397 2872 in-

1313 2879 1406 2915 iuria
1429 2880 1496 2925 agi,
1522 2879 1605 2924 quia
1626 2880 1664 2915 id
1676 2881 1704 2903 ¹³
1744 2885 1861 2916 urtum
1886 2882 1931 2917 ab
1954 2881 2136 2927 impubere
2155 2882 2206 2918 fit.
2241 2882 2305 2919 sed
2321 2893 2396 2918 mo-

1315 2925 1399 2959 dum
1427 2935 1506 2960 esse
1537 2924 1777 2962 adhibendum
1809 2926 1875 2962 ait:
1911 2937 1995 2962 nam
2022 2928 2059 2963 in
2089 2927 2244 2963 infantes
2266 2927 2303 2963 id
2325 2938 2397 2963 non

1315 2969 1455 3006 cadere.
1501 2980 1568 3006 nos
1599 2974 1766 3015 putamus
1799 2982 1879 3007 cum
1909 2971 2092 3018 impubere
2116 2973 2242 3018 culpae
2266 2982 2398 3018 capace

1314 3014 1458 3060 Aquilia
1481 3016 1539 3060 agi
1561 3025 1678 3061 posse.
1725 3016 1809 3052 item
1832 3026 1955 3052 verum
1979 3020 2043 3060 est,
2071 3017 2167 3063 quod
2189 3017 2311 3054 Labeo
2335 3017 2396 3061 ait,

1314 3070 1381 3096 nec
1407 3070 1475 3107 ope
1497 3060 1691 3106 impuberis
1714 3060 1812 3098 furto
1834 3061 1931 3098 facto
1943 3063 1971 3084 ¹⁴
1992 3063 2106 3098 teneri
2128 3073 2220 3099 eum.

1360 3103 1415 3143 24
1447 3105 1607 3142 Pavum
1633 3106 1724 3142 libro
1755 3118 1850 3142 nono
1881 3107 1932 3143 ad
1962 3106 2148 3145 Sabinum.
2179 3107 2256 3143 Nec
2279 3107 2396 3144 minus

1315 3151 1422 3187 etiam
1445 3150 1585 3187 condici
1608 3151 1640 3187 ei
1661 3162 1768 3197 posse
1786 3152 1947 3188 Iulianus
1971 3152 2125 3198 scripsit.

1361 3194 1415 3234 25
1447 3195 1640 3232 Ulmanus
1669 3197 1759 3233 libro
1783 3197 1926 3243 quadra
1953 3198 2086 3233 ensinio
2114 3198 2234 3244 primo
2258 3197 2309 3233 ad
2330 3196 2400 3234 Sa-

1316 3241 1437 3278 binum
1481 3241 1615 3277 Verum
1653 3246 1723 3286 est,
1760 3242 1856 3288 quod
1934 3242 2055 3287 erique
2085 3243 2257 3288 probant,
2294 3242 2397 3278 fundi

1319 3290 1332 3321 1
1383 3285 1472 3321 furti
1505 3286 1561 3331 agi
1600 3296 1674 3322 non
1708 3297 1825 3332 posse.
1872 3253 1974 3324 {flide
2009 3287 2210 3332 quaeritur,
2248 3287 2282 3324 si
2317 3287 2396 3333 quis

1316 3331 1359 3367 de
1389 3330 1499 3367 fundo
1529 3330 1563 3366 vi
1593 3331 1752 3368 deiectus
1783 3332 1849 3375 sit,
1881 3342 1927 3368 an
1956 3332 2096 3368 condici
2126 3333 2159 3368 ei
2190 3332 2306 3379 possit
2336 3332 2396 3378 qui

1316 3375 1454 3412 deiecit.
1499 3375 1623 3412 Labeo
1655 3380 1779 3423 negat:
1811 3377 1876 3413 sed
1899 3376 2022 3413 Celsus
2045 3380 2150 3422 putat
2180 3387 2286 3423 posse
2309 3388 2393 3413 oon-

1315 3491 1539 3543 compilfnores
1557 3492 1606 3525 sic
1615 3492 1694 3535 sere
1715 3492 1796 3543 dare
1814 3490 2001 3525 voluerunt}-
2024 3490 2076 3543 vel
2095 3493 2220 3524 eontra.
2251 3492 2396 3569 Ponio-

1315 3534 1640 3614 xzhl‘i‘afffflg'
1654 3535 2299 3624 fiiifi⁸gffffligefflmffi¹¹ii⁸sfffssinffl
2320 3545 2396 3614 ¹:111:

1315 3625 1404 3668 quod
1426 3625 1595 3669 subripuit
1618 3626 1746 3659 furtum
1770 3626 1947 3659 committit
2095 3628 2153 3667 (10)
2180 3626 2310 3660 dicetur
2330 3638 2393 3660 rcr-

1315 3672 1370 3713 (11)
1395 3671 1488 3704 navis
1500 3673 1548 3704 est
1559 3683 1621 3704 scr.
1710 3673 1769 3712 (12)
1793 3681 1956 3714 propanas
1969 3671 2003 3703 F’
2088 3673 2145 3713 (13)
2170 3670 2205 3704 id
2218 3672 2279 3705 del.
2293 3672 2394 3714 (simi-

1315 3717 1388 3751 liter
1399 3716 1495 3758 Hal.)
1588 3718 1648 3758 (14)
1672 3726 1740 3750 non
1754 3717 1813 3750 im.
1828 3717 1987 3757 (similiter
1998 3716 2115 3758 lauch)
