2528 3918
0 395 10 431 ”v
0 335 12 389 Ἶ-
0 173 24 327 *ww
0 115 24 168 ³3³3
3 94 11 104 ψ
0 0 29 77 [μμ

119 131 335 165 msnnus

118 243 159 277 de
184 244 326 277 testibus
369 243 414 278 D.
439 244 493 286 22,
518 245 538 277 5
587 243 621 277 G.
649 246 682 286 4,
706 244 749 278 20

118 290 158 322 (10
183 289 356 322 thesauris
402 288 436 323 C.
467 290 516 331 10,
545 290 582 322 15

118 334 158 367 (10
182 336 281 377 tigno
305 334 422 366 iuncto
467 333 512 366 D.
536 336 590 376 47,
615 335 635 368 3

117 379 158 412 (10
182 380 356 413 tironibus
403 378 437 413 0.
465 380 518 422 12,
543 359 590 413 43

116 424 157 458 (10
181 423 335 458 tollenda
358 423 507 456 lustralis
530 424 605 457 auri
629 423 808 458 collatione
857 425 892 460 G.
924 428 977 468 11,
1005 427 1017 460 1

117 469 157 503 de
182 471 363 503 tractoriis
386 471 419 502 et
442 470 572 502 stativis
620 469 654 504 G.
683 471 735 513 12,
760 472 801 505 51

116 514 157 548 (10
181 515 479 548 transactionibus
525 515 567 549 D.
594 516 625 557 2,
654 516 692 548 15
743 515 777 549 C.
802 517 833 557 2,
859 518 878 549 4

116 559 158 593 ad
180 559 242 594 SC.
271 559 531 594 Trebellianum
576 560 620 594 D.
646 562 700 603 36,
729 562 740 593 l
793 561 827 594 G.
854 564 886 603 6,
910 562 953 594 49

116 605 156 638 de
179 605 356 638 comitibus
379 607 412 638 et
436 607 590 639 tribunis
611 605 800 638 scholarum
850 606 883 640 C.
914 607 964 649 12,
992 606 1030 640 11

114 650 155 684 (10
177 651 320 684 annonis
343 652 378 684 et
401 652 544 684 tributis
592 651 625 685 C.
657 653 706 693 10,
736 653 775 685 16

115 695 155 729 (10
180 697 372 729 tribuloria
395 697 527 729 actione
573 696 618 731 D.
646 699 698 739 14,
723 698 744 729 4

115 740 156 774 de
180 743 298 775 tritico
322 742 402 775 vino
426 741 478 774 vel
503 741 576 775 oleo
599 741 710 784 legato
756 742 803 776 D:
833 744 886 785 33,
912 745 933 777 6

113 786 156 819 0(1
180 786 243 821 SC.
272 786 532 830 Turpillianum
556 789 589 820 01
612 787 653 820 (10
675 786 918 821 abolitionibus
941 788 1120 821 criminum
1159 787 1202 819 D.

181 833 237 875 48,
266 834 305 867 16
354 832 388 867 0.
414 834 446 875 9,
471 835 513 867 45

115 876 155 910 (10
180 877 309 911 tutelae
332 879 366 911 01
388 877 577 911 rationibus
600 878 825 912 distrahendis
857 881 890 912 et
914 878 994 912 utili
1018 878 1204 911 curationis

183 932 282 956 causa
305 923 437 956 actione
482 924 527 958 D.
552 925 607 966 27,
631 925 650 958 3

114 968 154 1000 (10
178 969 348 1002 contraria
372 969 500 1002 tutelae
524 970 558 1002 et
579 969 659 1002 utili
682 969 815 1002 actione
862 969 906 1004 D.
931 970 987 1012 27,
1009 971 1031 1003 4

114 1013 153 1046 de
176 1014 287 1046 tutela
310 1014 560 1047 testamentaria
608 1014 642 1048 0.
668 1016 700 1058 5,
725 1017 768 1050 28

114 1058 153 1092 (le
178 1059 297 1092 tutelis
341 1059 373 1094 J.
405 1062 432 1102 l,
460 1062 499 1094 13
546 1060 590 1094 D.
616 1061 671 1103 26,
700 1061 715 1094 1

113 1103 153 1137 de
177 1107 293 1137 tutore
315 1104 369 1138 vel
393 1107 548 1138 curatore
572 1105 632 1147 qui
654 1106 734 1138 satis
756 1116 825 1139 non
849 1105 942 1138 dedit
989 1105 1024 1140 G.
1049 1107 1081 1149 5,
1104 1106 1148 1139 42

112 1148 152 1182 (10
177 1150 353 1183 tutoribus
386 1152 419 1183 et
442 1150 654 1184 curatoribus
683 1151 770 1184 datis
792 1151 833 1184 ab
857 1152 911 1183 his
941 1151 1000 1193 qui
1023 1151 1077 1183 ius
1101 1150 1202 1183 dandi

180 1195 305 1227 habent
336 1197 370 1229 et
398 1196 458 1238 qui
487 1198 520 1229 01
549 1196 586 1228 111
616 1196 739 1238 quibus
769 1197 877 1230 causis
908 1196 1098 1239 specialiter
1128 1195 1202 1228 dari

181 1241 320 1282 possunt
364 1240 409 1275 D.
434 1242 488 1284 26,
513 1243 532 1276 5

112 1284 152 1318 de
176 1286 354 1318 tutoribus
383 1285 437 1318 vel
460 1286 671 1320 curatoribus
702 1286 887 1320 illustrium
919 1286 972 1320 vel
1003 1287 1201 1320 clarissima-

158 1341 233 1364 rum
255 1341 471 1374 personarum
519 1332 555 1367 0.
579 1334 612 1375 5,
636 1334 678 1367 33

627 1435 680 1480 U.

113 1511 152 1545 de
175 1513 361 1546 vacatione
385 1514 419 1545 et
441 1514 654 1547 excusatione
677 1524 854 1547 munerum
899 1515 943 1550 D.
969 1516 1024 1558 50,
1048 1517 1068 1550 5

113 1557 153 1590 de
176 1559 362 1591 vacatione
384 1559 534 1592 muneris
582 1559 616 1594 0.
646 1561 697 1602 10,
721 1562 765 1593 46

111 1603 173 1635 ubi
194 1603 250 1655 agi
274 1605 406 1646 oportet
428 1603 468 1637 de
491 1604 680 1638 ratiociniis
702 1607 770 1638 10111
793 1606 934 1648 privatis
966 1615 1066 1647 quam
1088 1604 1200 1648 publi-

179 1648 226 1681 cis
274 1648 309 1683 G.
335 1650 367 1691 3,
391 1650 431 1683 21

111 1694 173 1726 ubi
194 1703 294 1726 causa
316 1695 422 1727 status
444 1694 501 1736 agi
524 1694 642 1728 debeat
690 1695 725 1730 0.
751 1698 782 1739 3,
808 1697 851 1730 22

110 1739 173 1772 ubi
195 1749 312 1772 causae
334 1739 461 1773 fiscales
483 1739 537 1773 vel
560 1740 694 1774 divinae
717 1741 835 1774 domus
864 1741 1105 1783 hominumque
1129 1741 1201 1774 eius

179 1786 324 1827 agantur
372 1785 406 1819 G.
431 1786 463 1828 3,
489 1787 532 1820 26

111 1830 173 1862 ubi
196 1829 416 1863 conveniatur
439 1830 500 1872 qui
524 1833 615 1864 certo
639 1831 713 1865 loco
738 1832 816 1864 dare
840 1832 995 1875 promisit
1043 1831 1077 1866 G.
1103 1834 1135 1875 3,
1161 1833 1198 1866 18

111 1876 173 1908 ubi
195 1874 235 1908 de
258 1875 456 1909 criminibus
479 1876 538 1918 agi
563 1879 695 1919 oportet
743 1877 834 1919 C.3‚
862 1880 902 1911 15

109 1921 173 1953 ubi
195 1920 235 1953 de
258 1921 444 1954 hereditate
467 1924 588 1964 agatur
611 1922 663 1955 vel
687 1922 747 1955 ubi
770 1904 887 1966 scripti
911 1922 1048 1956 heredes
1071 1922 1107 1955 in
1124 1932 1199 1965 pos·

131 1989 134 1992 -
178 1965 353 1999 sessionem
377 1967 467 1999 mitti
491 1967 660 2019 postulare
685 1968 806 2001 debent
854 1968 888 2002 G.
918 1970 950 2011 3,
975 1969 1017 2002 20

111 2012 173 2044 ubi
196 2011 237 2044 (10
259 2012 461 2054 possessione
485 2013 540 2054 agi
565 2015 697 2055 oportet
744 2013 836 2055 0.3‚
865 2016 905 2047 16

112 2057 173 2089 ubi
181 2058 237 2136 Get
265 2056 355 2100 apud
387 2067 485 2099 quem
520 2059 669 2100 cognitio
704 2059 929 2092 restitutionis
963 2059 1123 2101 agitanda
1157 2058 1201 2092 sit

207 2128 215 2136 .
241 2103 273 2144 2,
297 2104 340 2136 46

111 2148 173 2180 ubi
194 2146 482 2180 fideicommissum
505 2148 574 2190 peti
598 2150 730 2191 oportet
779 2149 813 2183 0.
839 2151 870 2192 3,
898 2151 937 2183 17

112 2193 174 2225 ubi
194 2192 231 2225 in
256 2203 326 2226 rem
349 2193 438 2226 actio
462 2194 607 2226 exerceri
631 2194 730 2227 debet
777 2194 811 2228 C.
837 2196 868 2237 3,
897 2196 935 2229 19

111 2239 174 2270 ubi
195 2239 355 2281 petantur
378 2239 506 2271 tutores
530 2238 583 2272 vel
607 2242 777 2272 curatores
826 2239 860 2274 0.
886 2243 918 2283 5,
942 2241 985 2274 32

110 2284 174 2316 ubi
194 2283 319 2327 pupilli
343 2283 527 2317 educentur
575 2284 610 2318 0.
636 2286 667 2327 5,
691 2286 734 2319 49

111 2329 174 2362 ubi·
194 2328 346 2372 pupillus
370 2328 506 2362 educari
530 2329 582 2363 vel
606 2331 730 2363 morari
754 2330 872 2364 debeat
903 2331 937 2364 et
968 2331 1009 2364 de
1032 2331 1201 2364 alimentis

181 2374 211 2406 ei
234 2374 442 2416 praestandis
487 2375 530 2409 D.
556 2377 611 2417 27,
636 2377 655 2408 2

67 2425 74 2429 ’
110 2420 172 2452 ubi
195 2419 271 2461 quis
293 2419 334 2452 de
357 2419 479 2453 curiali
502 2420 554 2453 vel
579 2420 744 2454 cohortali
772 2421 878 2454 aliave
902 2421 1098 2455 condicione
1122 2433 1201 2455 con-

178 2464 336 2498 veniatur
383 2465 416 2499 G.
444 2467 475 2508 3,
501 2467 542 2500 23

110 2511 173 2543 ubi
207 2511 374 2543 senatores
409 2510 462 2543 vel
496 2510 672 2543 clarissimi
707 2511 853 2544 civiliter
888 2511 940 2544 vel
981 2512 1201 2545 criminaliter

180 2555 425 2588 conveniantur
473 2556 508 2590 C.
533 2558 565 2599 3,
590 2558 633 2590 24

112 2600 303 2642 vectigalia
325 2611 412 2633 nova
435 2601 569 2634 institui
593 2612 662 2635 non
684 2612 778 2644 posse
827 2601 861 2636 0.
887 2603 920 2644 4,
945 2603 989 2637 62

112 2646 152 2679 (10
175 2645 408 2688 vectigalibus
432 2649 465 2679 et
488 2647 669 2680 commissis
717 2647 751 2681 C.
777 2649 808 2689 4,
833 2648 871 2681 61

113 2691 156 2724 ad
178 2690 240 2724 SO.
267 2691 488 2725 Velleianum
536 2693 579 2726 D.
608 2694 660 2735 163
689 2694 702 2726 1
756 2692 789 2726 C.
814 2693 846 2735 4,
871 2693 914 2726 29

111 2736 151 2770 (10
173 2739 360 2769 venatione
381 2737 532 2771 ferarum
582 2738 616 2772 0.
645 2739 696 2781 11,
721 2740 763 2772 45

111 2782 151 2814 (10
173 2781 365 2815 vendendis
388 2782 492 2816 rebus
515 2783 662 2815 civitatis
709 2782 744 2817 C.
771 2784 824 2825 11,
848 2783 890 2816 32

111 2827 152 2860 de
175 2827 377 2860 venditione
402 2838 515 2861 rerum
535 2828 698 2861 fiscalium
720 2838 795 2861 cum
815 2828 956 2870 privatis
975 2828 1201 2861 communium

182 2871 217 2907 0.
244 2874 297 2915 10,
320 2874 342 2906 4

111 2917 154 2950 ad
178 2916 284 2959 legem
309 2917 506 2951 Corneliam
531 2918 571 2951 de
594 2918 723 2952 sicariis
747 2920 780 2951 01
803 2918 967 2959 veneficis
1010 2918 1054 2952 D.
1080 2919 1134 2960 48,
1160 2920 1179 2952 8

112 2962 152 2995 de
180 2966 302 2996 ventre
336 2962 374 2996 in
407 2964 643 3006 possessionem
679 2963 844 2997 mittendo
874 2966 907 2996 et
943 2965 1098 2996 curatore
1132 2963 1204 2996 eius

180 3007 225 3042 D.
252 3010 306 3050 37,
331 3009 351 3042 9

113 3053 153 3087 (10
178 3054 365 3086 verborum
391 3055 424 3087 01
447 3065 558 3087 rerum
581 3055 826 3097 significatione
876 3054 910 3088 G.
936 3056 968 3096 6,
993 3055 1035 3088 38

113 3098 153 3131 (10
178 3099 366 3132 verborum
389 3098 594 3141 obligatione
640 3101 672 3134 J.
698 3102 730 3142 3,
755 3102 794 3134 15

114 3143 153 3177 (10
179 3145 366 3177 verborum
391 3144 654 3186 obligationibus
699 3145 743 3179 D.
769 3147 824 3187 45,
852 3146 866 3178 1

115 3189 155 3222 de
179 3190 366 3222 verborum
391 3189 636 3231 significatione
683 3191 726 3225 D.
753 3192 807 3232 50,
835 3192 875 3223 16

114 3234 154 3267 (10
178 3235 330 3267 vestibus
353 3234 520 3268 holoveris
544 3237 577 3269 et
600 3237 725 3268 auratis
755 3237 788 3269 et
819 3235 859 3268 de
884 3234 1087 3268 intinctione
1118 3234 1203 3267 sacri

184 3279 322 3312 muricis
371 3279 404 3314 0.
433 3282 485 3323 11,
510 3282 531 3314 9

116 3324 155 3357 (10
180 3326 355 3357 veteranis
400 3325 444 3358 D.
469 3327 524 3367 49,
553 3327 592 3359 18
642 3325 676 3359 0.
705 3327 756 3368 12,
782 3327 825 3360 46

115 3369 155 3402 (10
178 3372 427 3403 veteranorum
451 3372 485 3403 01
507 3369 656 3403 militum
679 3371 885 3404 successione
930 3370 974 3403 D.
1000 3371 1055 3412 38,
1084 3371 1123 3403 12

115 3414 156 3447 (10
179 3416 290 3448 veteri
311 3415 385 3448 iure
410 3415 615 3449 enucleando
651 3417 684 3449 et
713 3416 913 3449 auctoritate
942 3415 1027 3448 iuris
1058 3415 1202 3457 pruden-

183 3460 268 3492 tium
293 3460 354 3502 qui
376 3460 413 3493 in
437 3461 573 3502 digestis
596 3461 790 3494 referuntur
838 3461 872 3495 0.
900 3463 930 3502 1,
958 3462 996 3493 17

116 3505 157 3537 (10
180 3507 307 3538 veteris
330 3506 539 3538 numismatis
561 3508 724 3549 potestate
773 3506 807 3540 0.
835 3508 888 3548 11,
917 3506 953 3539 11

117 3549 157 3582 (10
180 3552 239 3583 via
260 3549 397 3592 publica
420 3553 453 3584 et
474 3551 597 3584 itinere
620 3551 756 3603 publico
786 3551 964 3584 reficiendo
1012 3550 1055 3584 D.
1081 3551 1135 3591 43,
1164 3551 1199 3582 11

116 3594 158 3627 de
180 3596 240 3628 via
269 3594 406 3638 publica
442 3597 476 3629 et
506 3597 535 3629 si
564 3596 646 3638 quid
675 3597 711 3629 in
745 3607 783 3629 ea
813 3597 937 3629 factum
971 3605 1038 3628 esse
1074 3595 1204 3627 (11001111

118 3686 156 3717 ei
177 3660 341 3718 bonorum
364 3687 534 3728 raptorum
583 3685 613 3720 J.
640 3688 671 3728 4,
696 3687 716 3719 2
766 3685 800 3719 0.
826 3687 858 3728 9,
885 3687 926 3718 33

118 3731 156 3762 vi
176 3729 340 3787 bonorum
365 3733 537 3772 raptorum
562 3733 595 3764 et
618 3731 658 3763 (10
681 3730 781 3763 turba
827 3730 870 3763 D.
895 3731 950 3772 47,
976 3731 995 3763 8

1197 121 1281 164 XV
1575 167 1578 169 ,
2159 163 2167 170 ,
2308 134 2365 168 cr

1274 242 1315 276 de
1339 244 1376 276 vi
1397 244 1431 276 et
1453 243 1494 277 de
1518 244 1552 277 vi
1576 246 1704 279 armata
1750 246 1872 290 D.43,
1901 249 1941 282 16

1274 289 1314 321 de
1338 288 1449 321 officio
1472 291 1604 322 vicarii
1651 290 1684 325 0.
1714 293 1743 334 1,
1768 294 1811 327 38

1275 334 1315 366 (10
1339 333 1389 366 rei
1412 335 1655 368 vindicatione
1700 336 1744 371 D.
1769 339 1801 379 6,
1828 339 1842 371 1
1896 337 1930 372 G.
1956 339 1988 380 3,
2013 337 2056 371 32

1274 378 1315 412 (10
1338 379 1497 467 υᾶηάίοἰα
1526 379 1682 414 libertate
1714 383 1747 414 et
1776 383 1865 425 apud
1895 363 2071 415 consilium
2106 383 2363 416 manumissione

1273 468 1316 502 ad
1339 468 1447 511 legem
1471 469 1655 504 Vis-elliam
1704 470 1739 505 c:
1764 473 1796 514 9,
1822 474 1861 506 21

1273 514 1368 547 unde
1391 516 1526 557 cognati
1571 516 1616 550 D.
1642 517 1697 559 38,
1722 518 1742 551 8

1272 560 1368 592 unde
1389 558 1535 602 legitimi
1581 561 1625 596 D.
1651 563 1706 604 38,
1732 563 1750 594 7

1272 605 1368 638 unde
1389 604 1534 648 legitimi
1559 608 1592 639 et
1615 606 1704 640 unde
1728 608 1863 650 cognati
1912 608 1948 644 0.
1974 611 2006 652 6,
2034 610 2075 645 15

1271 650 1368 683 unde
1390 650 1489 684 liberi
1538 652 1572 686 C.
1599 654 1630 694 6,
1657 654 1699 687 14

1272 695 1301 728 01
1324 695 1458 730 tabulae
1490 698 1681 730 testamenti
1713 697 1828 731 nullae
1860 697 2022 731 extabunt
2052 700 2147 733 unde
2174 699 2274 734 liberi
2318 700 2363 735 D.

1341 742 1441 784 38,6

1272 786 1368 819 unde
1391 787 1426 819 vi
1474 787 1508 822 0.
1533 789 1567 830 8,
1588 790 1609 822 4
1991 788 1995 792 ’

1272 831 1500 865 undeviret
1523 842 1609 866 uxor
1655 834 1699 868 D.
1726 835 1780 876 38,
1808 836 1846 869 11
1898 833 1990 876 G.6‚
2017 835 2056 868 18

1273 877 1314 909 de
1337 876 1557 918 usucapione
1577 889 1640 922 pro
1663 879 1791 913 donato
1839 879 1874 914 0.
1901 881 1933 921 7,
1958 880 2000 913 27

1273 921 1314 955 (10
1337 925 1556 967 usucapione
1578 934 1640 967 pro
1664 924 1741 957 (1010
1789 924 1822 958 0.
1850 926 1881 966 7,
1906 925 1948 958 28

1273 966 1314 1000 de
1335 970 1552 1023 usucapione
1573 979 1636 1012 pro
1660 971 1807 1013 emptore
1831 969 1884 1003 vel
1907 970 2133 1004 transactione
2181 970 2216 1006 G.
2241 973 2272 1013 7,
2295 973 2339 1005 26

1273 1012 1313 1046 de
1336 1016 1556 1057 usucapione
1577 1025 1639 1058 pro
1663 1015 1785 1048 herede
1833 1015 1867 1050 0.
1893 1017 1925 1059 7,
1949 1017 1992 1049 29

1273 1058 1313 1091 (10
1336 1062 1556 1102 usucapione
1580 1060 1848 1094 transformanda
1880 1062 1913 1093 et
1941 1061 1982 1094 de
2012 1060 2144 1094 sublata
2176 1060 2363 1095 differentia

1341 1114 1454 1137 rerum
1477 1105 1625 1148 mancipi
1649 1107 1682 1139 et
1704 1116 1766 1139 nec
1788 1106 1936 1149 mancipi
1985 1105 2020 1141 0.
2044 1109 2077 1149 7,
2101 1108 2142 1141 31

1272 1149 1462 1182 communia
1485 1150 1525 1184 de
1540 1152 1827 1203 usucapionibus
1874 1151 1909 1185 0.
1934 1153 1966 1194 7,
1990 1153 2030 1186 31

1271 1194 1312 1227 (10
1336 1195 1614 1238 usurpationibus
1640 1199 1674 1230 et
1695 1198 1974 1241 usucapionibus
2021 1196 2066 1229 D.
2090 1198 2145 1240 41,
2169 1198 2189 1231 3

1271 1239 1312 1272 (10
1334 1242 1612 1285 usucapionibus
1635 1243 1669 1275 01
1691 1241 1787 1285 longi
1798 1243 1957 1286 temporis
1968 1242 2228 1286 possessionibus
2250 1243 2281 1276 J.
2296 1243 2328 1285 2,
2341 1244 2362 1277 6

1271 1284 1312 1319 (10
1334 1295 1405 1319 usu
1428 1288 1463 1319 et
1484 1286 1694 1321 habitatione
1739 1288 1771 1323 J.
1797 1289 1830 1331 2,
1854 1290 1873 1322 5
1920 1288 1966 1323 D.
1990 1289 2023 1331 7,
2048 1289 2068 1323 8

1271 1330 1312 1364 (10
1334 1341 1403 1364 usu
1426 1333 1460 1365 et
1481 1342 1545 1366 usu
1568 1333 1683 1366 fructu
1707 1334 1741 1366 et
1762 1314 1875 1367 reditu
1907 1334 1941 1367 01
1962 1333 2172 1366 habitatione
2197 1334 2230 1366 et
2252 1332 2363 1375 operis

1337 1386 1399 1420 per
1419 1376 1569 1420 legatum
1592 1378 1645 1412 vel
1669 1378 1959 1412 fideicommissum
1982 1379 2069 1412 datis
2114 1378 2158 1414 D.
2183 1380 2238 1422 33,
2262 1379 2283 1412 2

1271 1421 1311 1454 (10
1334 1432 1403 1455 usu
1425 1422 1540 1456 fructu
1585 1423 1617 1458 J.
1642 1425 1674 1467 2,
1699 1426 1721 1458 4

1271 1466 1312 1500 (10
1333 1477 1403 1500 usu
1426 1468 1542 1502 fructu
1565 1469 1786 1503 adcrescendo
1832 1469 1877 1504 D.
1903 1471 1934 1514 7,
1959 1471 1979 1504 2

1269 1511 1564 1552 usufructuarius
1587 1515 1866 1557 quemadmodum
1890 1516 2005 1548 caveat
2049 1514 2094 1548 D.
2118 1515 2152 1556 7,
2176 1515 2197 1547 9

1270 1557 1311 1590 (10
1332 1568 1401 1591 usu
1424 1558 1539 1593 fructu
1562 1570 1677 1593 earum
1700 1571 1813 1594 rerum
1837 1571 1923 1603 quae
1945 1571 2010 1594 usu
2034 1559 2278 1594 consumuntur
2308 1559 2362 1592 vel

1337 1604 1541 1638 minuuntur
1586 1605 1631 1641 D.
1656 1608 1689 1649 7,
1714 1607 1733 1640 5

1270 1648 1311 1681 de
1340 1659 1432 1738 besu
1444 1650 1559 1684 fructu
1595 1652 1629 1685 et
1657 1650 1867 1685 habitatione
1902 1652 1937 1685 et
1970 1650 2158 1684 ministerio
2191 1658 2362 1684 servorum

1270 1738 1310 1772 de
1340 1749 1409 1773 usu
1437 1740 1552 1774 fructu
1584 1742 1618 1775 et
1648 1741 1927 1784 quemadmodum
1966 1741 2043 1783 quis
2078 1741 2194 1773 utatur
2228 1739 2362 1773 fruatur

1338 1785 1382 1818 D.
1408 1787 1440 1828 7,
1467 1786 1483 1820 1

1270 1830 1310 1863 de
1333 1832 1454 1863 usuris
1502 1831 1536 1865 G.
1562 1833 1594 1873 4,
1621 1833 1662 1866 32

1270 1875 1311 1908 (10
1333 1878 1455 1909 usuris
1477 1878 1511 1910 et
1531 1876 1699 1910 fructibus
1729 1878 1763 1910 01
1794 1877 1902 1910 causis
1925 1878 1959 1910 et
1981 1875 2137 1910 omnibus
2164 1875 2360 1908 accessioni-

1338 1920 1400 1954 bus
1424 1923 1458 1955 et
1479 1932 1573 1955 mora
1618 1922 1663 1956 D.
1688 1924 1743 1965 22,
1772 1924 1783 1955 1

1270 1965 1310 1999 (10
1333 1968 1454 2000 usuris
1477 1969 1510 2000 et
1532 1968 1708 2009 fructibus*
1724 1967 1912 2010 legatorum
1942 1977 2001 2000 seu
2032 1966 2358 2000 fideicommissorum

1340 2011 1375 2046 C.
1400 2013 1432 2055 6,
1457 2014 1499 2046 47

1270 2056 1311 2089 de
1333 2058 1454 2090 usuris
1475 2057 1703 2101 pupillaribus
1751 2057 1785 2092 G.
1811 2059 1844 2101 5,
1868 2059 1912 2091 56

1271 2101 1311 2135 (10
1334 2104 1456 2135 usuris
1478 2103 1529 2136 rei
1551 2103 1720 2136 iudicatae
1770 2103 1805 2138 G.
1831 2105 1863 2146 7,
1889 2104 1932 2138 54

1270 2147 1311 2180 (10
1332 2150 1628 2191 usurpationibus
1650 2151 1684 2182 et
1706 2147 1969 2191 usucapionibus
2013 2148 2058 2182 D.
2083 2149 2139 2191 41,
2162 2149 2183 2183 3

1269 2195 1312 2226 ut
1332 2193 1482 2227 actiones
1513 2196 1547 2227 et
1578 2193 1620 2227 ab
1648 2194 1770 2227 herede
1800 2196 1833 2227 et
1864 2196 1981 2226 contra
2012 2193 2166 2226 heredem
2195 2192 2360 2235 incipiant

1341 2238 1375 2272 C.
1400 2240 1433 2280 4,
1461 2241 1498 2272 11

1269 2286 1311 2316 ul
1344 2293 1514 2317 armorum
1549 2294 1629 2318 usus
1665 2284 1772 2318 inscio
1806 2283 1960 2327 principe
1998 2283 2199 2316 interdictus
2231 2283 2276 2316 sit
2323 2281 2358 2318 C.

1341 2329 1394 2371 11,
1418 2331 1460 2363 47

1270 2377 1311 2407 ut
1333 2384 1450 2408 causae
1472 2376 1548 2417 post
1570 2374 1782 2418 pubertatem
1804 2374 1892 2407 adsit
1914 2375 2007 2407 tutor
2055 2373 2089 2408 0.
2115 2376 2147 2418 5,
2170 2375 2214 2408 48

1270 2422 1311 2452 ut
1333 2419 1539 2461 dignitatum
1562 2420 1644 2454 ordo
1668 2422 1818 2453 servetur
1866 2419 1901 2454 G.
1930 2421 1981 2462 12,
2006 2421 2026 2454 8

1270 2468 1312 2497 ut
1344 2475 1384 2498 ex
1418 2464 1551 2507 legibus
1585 2468 1759 2498 senatusvc
1800 2464 1961 2498 consultis
2002 2464 2166 2498 bonorum
2200 2464 2359 2507 possessio

1339 2510 1437 2543 detur
1482 2511 1527 2544 D.
1553 2513 1607 2552 38,
1636 2512 1675 2544 14

1270 2558 1312 2588 ut
1333 2555 1371 2588 in
1394 2555 1533 2589 flumine
1555 2555 1692 2598 publico
1716 2555 1874 2596 navigare
1897 2554 1998 2586 liceat
2042 2554 2086 2588 D.
2110 2556 2166 2596 43,
2193 2556 2233 2587 14

1270 2603 1312 2634 ut
1333 2601 1371 2633 in
1393 2601 1597 2643 possessione
1626 2600 1815 2642 legatorum
1844 2599 1898 2632 vel
1928 2599 2255 2632 fideicommissorum
2290 2609 2359 2632 ser-

1339 2645 1526 2679 vandorum
1550 2656 1649 2679 causa
1671 2656 1739 2678 esse
1762 2645 1863 2677 liceat
1908 2645 1952 2679 D.
1979 2646 2032 2687 36,
2057 2647 2078 2678 4

1272 2694 1313 2724 ut
1334 2691 1370 2723 in
1395 2691 1632 2734 possessionem
1655 2690 1843 2733 legatorum
1865 2689 1919 2723 vel
1940 2689 2269 2723 fideicommissorum
2292 2700 2358 2723 ser-

1338 2736 1525 2770 vandorum
1549 2746 1648 2770 causa
1670 2736 1827 2769 mittatur
1855 2736 1889 2769 et
1919 2735 2055 2778 quando
2082 2736 2237 2769 satisdari
2263 2735 2360 2769 debet

1341 2781 1375 2816 0.
1401 2783 1432 2824 6,
1458 2785 1501 2816 54

1271 2830 1314 2860 ut
1333 2826 1425 2859 intra
1453 2828 1581 2860 certum
1605 2828 1735 2869 tempus
1764 2825 1948 2859 criminalis
1978 2826 2129 2869 quaestio
2160 2826 2359 2859 terminetur

1343 2872 1377 2906 C.
1402 2873 1434 2914 9,
1458 2874 1502 2906 44

1272 2918 1328 2949 uti
1348 2917 1524 2959 possidetis
1568 2916 1613 2950 D.
1637 2917 1692 2958 43,
1720 2918 1758 2950 17
1809 2916 1843 2951 C.
1868 2917 1901 2959 8,
1925 2918 1945 2950 6

1272 2965 1314 2995 ut
1334 2961 1521 3004 legatorum
1552 2971 1610 2994 seu
1640 2961 1968 2995 fideicommissorum
1999 2961 2237 2995 servandorum
2260 2971 2359 2995 causa

1341 3009 1497 3040 caveatur
1543 3007 1587 3041 D.
1613 3008 1667 3049 36,
1692 3008 1711 3040 3

1272 3055 1313 3085 ul
1335 3052 1396 3085 lite
1418 3052 1583 3095 pendente
1606 3051 1659 3085 vel
1680 3053 1756 3095 post
1778 3052 2048 3095 provocationem
2071 3053 2131 3085 aut
2154 3052 2359 3086 definitivam

1340 3097 1538 3130 sententiam
1582 3096 1671 3130 nulli
1710 3097 1811 3130 liceat
1850 3098 2045 3140 imperatori
2086 3097 2275 3141 supplicare
2322 3097 2358 3134 0.

1273 3191 1314 3220 ut
1336 3187 1463 3220 nemini
1487 3187 1588 3220 liceat
1617 3187 1654 3220 in
1687 3187 1895 3229 coemptione
1924 3187 2109 3230 specierum
2137 3197 2172 3221 se
2203 3197 2359 3221 excusare

1341 3235 1374 3265 et
1397 3233 1438 3266 de
1460 3243 1598 3266 munere
1621 3232 1763 3265 sitoniae
1812 3232 1846 3266 0.
1877 3234 1929 3274 ’10,
1954 3234 1995 3266 27

1273 3281 1313 3311 ul
1335 3278 1463 3311 nemini
1485 3277 1587 3311 liceat
1608 3277 1681 3311 sine
1700 3277 1824 3310 iudicis
1840 3278 2038 3311 auctoritete
2055 3278 2150 3320 signa
2170 3278 2359 3321 imprimere

1342 3323 1450 3366 rebus,
1474 3333 1556 3365 quas
1579 3322 1667 3356 alius
1690 3325 1782 3356 tenet
1829 3322 1865 3357 C.
1890 3324 1921 3365 2,
1950 3324 1990 3357 16

1273 3371 1314 3401 (ιί
1336 3379 1433 3401 1101110
1456 3368 1499 3401 ad
1521 3379 1618 3401 suum
1641 3367 1868 3411 patrocinium
1891 3368 2051 3410 suscipiat
2074 3368 2165 3401 vicos
2187 3367 2241 3401 vel
2260 3367 2359 3400 rusti-

1342 3424 1441 3446 canos
1464 3421 1578 3446 eorum
1627 3413 1661 3448 G.
1691 3415 1743 3455 11,
1768 3415 1812 3448 54

1273 3461 1313 3491 ul
1336 3468 1433 3492 nemo
1457 3459 1583 3491 invitus
1606 3468 1704 3500 agere
1728 3457 1782 3491 vel
1804 3467 1959 3491 accusare
1983 3459 2122 3499 cogatur
2170 3457 2204 3492 C.
2228 3459 2261 3499 3,
2285 3459 2303 3490 7

1272 3506 1313 3536 ut
1336 3514 1432 3536 nemo
1461 3503 1613 3547 privatus
1642 3503 1761 3536 titulos
1791 3502 1937 3546 praediis
1968 3503 2037 3535 suis
2068 3502 2120 3535 vel
2147 3502 2266 3534 alienis
2295 3501 2359 3533 im-

1339 3550 1444 3590 ponat
1466 3548 1520 3581 vel
1542 3548 1617 3581 vela
1640 3547 1767 3590 regalia
1790 3548 1970 3591 suspendat
2017 3547 2051 3581 0.
2080 3548 2111 3589 2,
2140 3548 2178 3580 15

1272 3596 1314 3626 ut
1341 3593 1430 3626 nulli
1460 3593 1589 3636 patriae
1618 3603 1697 3626 suae
1728 3593 1974 3626 administratio
2009 3592 2081 3624 sine
2114 3591 2249 3634 speciali
2284 3601 2359 3634 per-

1340 3638 1442 3671 missu
1466 3638 1645 3690 principis
1652 3638 1868 3681 permittatur
1915 3638 1949 3672 0.
1976 3640 2006 3679 1,
2029 3639 2070 3670 41

1273 3686 1316 3716 ut
1336 3683 1452 3716 nullus
1475 3694 1515 3716 ex
1538 3682 1665 3715 vicanis
1695 3693 1758 3726 pro
1789 3683 1908 3716 alienis
1937 3663 2057 3716 debitis
2086 3681 2281 3714 vicanorum
2310 3681 2360 3714 te-

1342 3730 1463 3762 neatur
1511 3728 1546 3762 0.
1576 3730 1627 3771 11,
1652 3730 1693 3762 57
