2528 3918
150 129 208 159 m·
235 126 502 158 mecomn
507 127 592 158 SSIS

152 242 194 276 16
239 237 402 284 paruisse
431 236 604 271 voluntati
641 236 799 271 defuncti
835 235 957 270 filium.
1021 236 1091 271 Sed
1126 240 1161 271 et
1193 235 1235 278 si,

150 294 231 320 011111
255 282 344 318 duos
369 281 604 323 exheredavit,
629 291 738 316 unum
762 280 927 316 heredem
951 281 1123 324 instituit,
1153 280 1236 316 fun-

150 329 232 364 dum
258 331 427 362 extraneo
450 326 589 370 legavit,
613 328 675 360 ut¹
700 329 805 378 putat
828 326 1021 361 Marcellus
1046 336 1152 371 posse
1176 336 1237 362 ex-

147 372 339 409 heredatos
363 375 484 416 petere
507 371 830 406 fideicommlssum.
886 370 981 416 quod
1007 372 1123 407 evenit
1147 374 1182 407 et
1206 370 1238 406 si

147 418 246 453 vivus
270 417 362 452 filios
387 416 646 461 emancipasset
670 419 705 450 et
754 419 854 451 ostea
870 416 1019 451 fundum
1034 416 1236 452 alienasset.

151 466 190 497 17
240 461 311 497 Sed
335 461 365 496 si
390 470 511 496 omnes
542 461 605 495 filii
635 461 720 496 here
748 471 785 496 es
808 461 962 496 instituti
994 462 1065 497 sint
1099 473 1141 497 ex
1167 461 1237 496 dis-

147 507 295 553 paribus
320 506 494 551 partibus,
519 517 588 541 non
614 509 766 558 possunt
814 509 909 541 etere
928 506 1239 542 fideicommissum

147 563 192 588 ex
216 552 351 587 minore
374 554 476 596 parte
500 551 634 595 scripti,
667 555 709 586 ut
731 517 868 593 visffes,
902 562 973 586 non
1005 551 1238 587 hereditarias

146 601 268 643 partes
291 597 328 631 in
353 607 394 631 eo
419 596 595 631 habeant:
621 606 743 631 verum
767 599 821 631 est
845 597 937 631 enim
961 597 998 631 in
1021 597 1158 632 familia
1182 606 1237 631 10-

151 645 191 677 18
238 642 394 687 liquisse,
418 641 502 676 licet
527 641 588 675 uni
612 641 822 686 reliquisset.
870 642 958 677 Item
990 642 1020 677 si
1043 653 1153 677 unum
1175 642 1237 677 he-

145 687 268 723 redem
291 686 503 722 instituisset
527 697 592 721 nec
618 686 806 731 quicquam
829 686 1001 731 legasset,
1035 687 1239 722 exheredati

146 732 236 767 nihil
258 732 411 773 interim,
437 731 605 776 quamdiu
629 732 666 766 in
690 731 825 766 familia
848 742 904 767 res
930 736 995 774 est,
1046 736 1140 768 etere
1156 742 1237 778 pos-

149 780 191 812 19
239 781 335 813 sunt.
382 776 567 811 Interdum
588 776 693 811 etiam
713 787 793 812 cum
809 777 909 812 lucro
929 778 1014 813 here
1041 778 1070 813 ’s
1089 778 1240 813 moritur

147 833 269 858 servus
294 822 433 867 legatus
457 822 511 856 vel
535 832 599 866 per
615 821 926 857 fideicommissum
949 823 1107 865 relictus,
1131 821 1239 857 veluti

147 868 204 904 si²
228 868 363 902 alienus
388 867 443 902 vel
465 867 550 902 licet
565 867 743 912 proprius,
767 867 930 912 pluribus
954 871 1075 903 tamen
1092 878 1238 913 separa-

146 914 211 948 tim
234 913 285 947 ita
316 912 480 954 relictus,
517 915 558 947 ut
589 922 680 947 unus
707 912 831 957 uisque
862 913 899 947 in
923 913 1075 948 solidum
1107 912 1238 958 capiat,

146 958 285 994 scilicet
308 957 339 993 si
363 957 438 992 sine
465 957 521 992 cul
549 967 570 991 a
593 957 678 992 here
706 958 733 992 's
757 961 919 993 mortuus
944 958 1000 993 sit.

197 1002 275 1040 115
308 1002 502 1038 ULPJANUS
538 1003 615 1038 ibro
639 1003 796 1038 secundo
814 1003 1078 1039 institutionum
1118 1002 1239 1038 Etiam

146 1049 216 1084 hoc
240 1048 365 1084 modo:
391 1047 508 1092 ‘cupio
534 1047 608 1083 des'
634 1051 730 1093 ‘opto
755 1047 829 1083 des’
855 1048 973 1084 ‘credo
998 1052 1034 1084 te
1059 1048 1237 1084 daturum'

147 1093 459 1129 fideicommissum
485 1096 549 1127 est.

197 1136 276 1176 116
300 1139 579 1174 FLORENTJNUS
618 1138 709 1173 libro
751 1138 938 1177 undecimo
974 1139 1239 1174 institutionum

145 1185 322 1230 Legatum
347 1187 401 1218 est
424 1183 591 1218 delibatio
615 1183 832 1225 hereditatis,
858 1194 930 1228 qua
947 1187 1099 1219 testator
1116 1194 1160 1219 ex
1184 1194 1238 1226 eo,

147 1229 244 1275 quod
267 1229 470 1264 universum
501 1228 641 1264 heredis
666 1228 777 1271 foret,
813 1229 920 1264 alicui
953 1229 1038 1274 quid
1070 1229 1239 1265 collatum

150 1279 165 1310 1
217 1275 310 1310 velit.
357 1273 489 1308 Heredi
512 1284 535 1308 a
558 1278 669 1309 semet
692 1274 770 1318 ipso
785 1274 941 1319 legatum
974 1274 1051 1309 dari
1080 1285 1153 1310 non
1173 1285 1238 1320 po-

147 1324 230 1363 test,
256 1321 302 1355 a³
327 1319 499 1355 coherede
513 1323 642 1363 potest.
690 1319 812 1363 itaque
833 1319 863 1354 si
879 1318 1012 1355 fundus
1029 1320 1167 1364 legatus
1192 1319 1240 1355 sit

146 1366 180 1401 ei
204 1365 265 1411 qui
289 1375 332 1400 ex
355 1368 458 1409 parte
482 1364 627 1399 dimidia
649 1364 753 1400 heres
788 1364 972 1400 institutus
1005 1369 1060 1400 est
1091 1368 1126 1400 et
1150 1364 1239 1400 duo-

146 1412 214 1446 bus
240 1410 429 1451 extraneis‚
455 1409 502 1444 ad
524 1409 692 1445 heredem
717 1409 774 1444 cui
795 1409 934 1454 legatus
959 1414 1014 1445 est
1037 1414 1139 1446 sexta
1154 1420 1239 1456 pars

146 1455 246 1491 fundi
271 1455 436 1500 pertinet,
462 1454 546 1499 quia
570 1465 592 1489 a
616 1465 654 1490 se
677 1454 858 1490 vindicare
881 1465 953 1491 non
977 1459 1107 1500 potest,
1132 1465 1154 1490 a
1179 1466 1239 1491 00-

144 1500 276 1536 herede
298 1510 382 1535 vero
408 1500 610 1535 semissario
644 1499 785 1535 duobus
819 1501 997 1536 extraneis
1023 1511 1238 1537 concurren-

143 1547 240 1581 tibus
265 1556 338 1581 non
361 1545 513 1590 amplius
537 1545 643 1580 tertia
662 1549 784 1590 parte:
810 1546 971 1581 extranei
995 1550 1114 1581 autem
1140 1549 1176 1581 et
1193 1546 1238 1581 ab

143 1592 224 1637 ipso
249 1590 380 1626 herede
404 1591 462 1625 cui
485 1590 641 1635 legatum
666 1594 721 1625 est
744 1591 925 1626 semissem
950 1595 986 1626 et
1010 1591 1055 1626 ab
1081 1591 1150 1626 alio
1175 1591 1238 1626 he-

145 1640 166 1672 2
213 1636 299 1672 rede
322 1636 487 1671 trientem
510 1635 752 1671 vindicabunt.
799 1636 948 1672 Alienus
980 1646 1103 1672 servus
1135 1636 1239 1672 heres

143 1682 328 1718 institutus
352 1681 384 1716 le
409 1681 462 1715 ari
495 1680 572 1726 ipse
603 1691 625 1716 a
649 1691 688 1716 se
718 1691 785 1717 nec
816 1684 916 1717 totus
947 1691 1014 1717 nec
1045 1692 1112 1727 pro
1136 1685 1240 1726 parte

145 1731 165 1763 3
213 1731 343 1772 potest.
419 1736 502 1761 ervo
527 1726 741 1762 hereditario
777 1730 874 1762 recte
897 1726 1054 1772 legatur,
1088 1727 1173 1763 licet
1198 1737 1240 1762 ea

145 1773 245 1808 adita
268 1782 340 1808 non
365 1771 422 1813 sit,
455 1771 538 1816 quia
560 1771 741 1807 hereditas
765 1782 942 1816 personae
967 1772 1145 1815 defuncti,
1179 1773 1240 1817 qui

145 1822 165 1853 4
214 1828 292 1853 eam
315 1817 475 1862 reliquit,
505 1817 581 1852 vice
603 1817 775 1862 fungitur.
823 1817 973 1853 Fundus
1000 1818 1139 1862 legatus
1158 1818 1240 1852 talis

146 1863 224 1899 dari
247 1863 363 1905 debet,
389 1862 505 1907 qualis
530 1862 676 1897 relictus
695 1866 759 1897 est.
806 1862 928 1908 itaque
944 1863 1017 1898 sive
1034 1864 1112 1908 ipse
1127 1863 1239 1898 fundo

144 1908 285 1944 heredis
310 1908 515 1943 servitutem
540 1907 663 1942 debuit
680 1908 753 1943 sive
778 1907 809 1942 ei
831 1907 966 1943 fundus
982 1908 1133 1951 heredis,
1158 1908 1242 1943 11001

146 1953 356 1989 confusione
380 1953 526 1988 dominii
557 1953 707 1988 servitus
741 1953 919 1988 exstincta
951 1953 1015 1995 sit,
1052 1954 1241 1998 pristinum

145 2000 201 2035 ius
224 1998 484 2034 restituendum
510 2002 574 2034 est.
633 2002 668 2032 et
690 1998 758 2033 nisi
782 1998 975 2043 legatarius
1006 1999 1142 2044 imponi
1166 2009 1239 2034 ser-

144 2045 293 2080 vitutem
316 2043 487 2088 patiatur,
513 2043 649 2088 petenti
665 2043 697 2078 ei
713 2043 869 2088 legatum
886 2044 1049 2088 exceptio
1067 2044 1140 2079 doli
1156 2044 1240 2078 mali

145 2092 367 2135 opponetur:
393 2089 423 2123 si
445 2099 528 2123 vero
554 2088 665 2124 fundo
690 2088 806 2133 legato
831 2089 983 2124 servitus
1008 2099 1081 2124 11011
1095 2089 1238 2124 10811111-

146 2139 236 2176 01111,
262 2134 356 2169 actio
382 2144 426 2169 ex
449 2137 662 2169 testamento
689 2138 861 2178 superest.

195 2177 273 2217 117
300 2179 537 2214 Mfflmws
558 2179 647 2214 libro
674 2180 778 2213 tertio
812 2179 948 2215 decimo
974 2179 1239 2215 institutionum

146 2225 184 2260 Si
208 2224 294 2270 quid
315 2224 479 2259 relictum
503 2224 550 2259 sit
574 2224 786 2266 civitatibus,
823 2234 928 2259 omne
950 2224 1064 2267 valet,
1097 2224 1171 2260 sive
1201 2224 1239 2260 in

146 2270 433 2306 distributionem
465 2269 687 2314 relinquatur
718 2269 791 2304 sive
821 2269 858 2304 in
891 2280 981 2314 opus
1009 2270 1082 2305 sive
1112 2270 1150 2304 in
1174 2270 1239 2305 ali-

145 2319 266 2351 menta
289 2315 345 2350 vel
368 2315 404 2349 in
429 2315 662 2350 eruditionem
686 2325 879 2360 puerorum
903 2315 976 2350 sive
1001 2314 1085 2360 quid
1110 2315 1218 2350 aliud.

195 2357 274 2398 118
300 2359 507 2395 Nmmms
539 2360 629 2395 libro
669 2360 808 2395 decimo
843 2360 1053 2405 reqularum
1110 2360 1161 2395 Et
1196 2370 1237 2396 eo

146 2405 251 2442 modo
275 2405 457 2440 relictum:
492 2405 617 2450 ‘exigo’
643 2404 829 2448 ‘desidem
853 2405 907 2440 uti
931 2405 1024 2447 des’,
1057 2405 1238 2441 fideicom-

146 2452 292 2489 missum
325 2451 436 2486 valet:
473 2450 536 2486 sed
567 2454 602 2485 et
623 2450 693 2485 ita:
731 2450 821 2486 ‘volo
861 2450 1095 2486 hereditatem
1126 2461 1240 2486 meam

148 2496 364 2556 ιΤ1111’0880’
398 2496 484 2531 ‘scio
518 2495 752 2531 hereditatem
775 2505 890 2531 meam
924 2496 1173 2532 restituturum
1203 2499 1240 2531 te

148 2542 254 2577 ‘Titio
271 2568 279 2576 .

196 2584 275 2624 119
301 2585 538 2622 MARGJANUS
558 2585 649 2621 libro
670 2586 791 2631 primo
810 2597 851 2620 re
877 2586 1021 2620 uiarum
1062 2585 1100 2621 Si
1116 2596 1239 2622 servus

147 2633 277 2667 vetitus
296 2635 351 2667 est
367 2634 575 2666 atestatore
598 2629 755 2665 rationes
774 2630 838 2665 red
866 2641 936 2672 ere,
962 2642 1034 2666 non
1058 2631 1128 2667 hoc
1153 2642 1237 2666 con-

148 2678 327 2722 sequitur,
363 2680 404 2711 ut
427 2686 471 2711 ne
496 2675 591 2720 quod
623 2675 718 2720 apud
751 2686 831 2710 eum
855 2676 902 2711 sit
932 2675 1060 2711 reddat
1092 2680 1127 2711 et
1149 2677 1241 2711 lucri

146 2723 268 2762 faciat,
294 2721 356 2757 sed
379 2732 424 2756 ne
449 2721 661 2765 scrupulosa
692 2721 872 2765 inquisitio
906 2721 987 2759 fiat,
1020 2722 1089 2756 1100
1122 2726 1177 2756 081
1200 2726 1240 2757 111

148 2767 390 2812 neglegentiae
406 2766 497 2801 ratio
516 2777 588 2801 non
605 2766 793 2808 habeatur,
811 2766 873 2802 sed
890 2769 1030 2801 tantum
1046 2766 1238 2803 fraudium.

147 2813 227 2848 ideo
253 2816 289 2847 et
312 2812 528 2847 manumisso
561 2822 634 2846 non
656 2811 797 2846 videtur

148 2858 228 2901 1100,

198 2900 249 2940 12
303 2904 317 2923 ⁴
334 2902 528 2938 ULPJANUS
549 2902 639 2937 libro
663 2901 821 2937 secundo
837 2912 896 2936 res
924 2912 1094 2936 onsorum
1141 2901 1239 2937 Nihil

148 2947 313 2994 proponi,
340 2948 428 2982 cur⁵
451 2947 686 2991 prohibeatur
708 2947 811 2982 heres
844 2957 886 2982 ae
914 2946 1006 2981 'ficia
1030 2946 1239 2989 d1strahere‚

150 3004 301 3038 quorum
324 2992 485 3028 1011111186
508 2992 691 3037 sportulae
715 2996 799 3026 sunt
822 2992 980 3033 relictae,
1006 2991 1105 3026 salva
1120 2995 1240 3027 tamen

153 3041 168 3072 1
219 3048 328 3073 causa
366 3037 483 3082 legati.
549 3037 721 3072 Omnibus
762 3037 890 3082 quibus
929 3037 1239 3072 fideicommissum

151 3083 311 3117 relictum
336 3086 390 3118 est
414 3082 460 3117 ad
485 3082 751 3117 distractionem
776 3082 1081 3117 consentientibus
1107 3082 1240 3116 nullam

152 3129 172 3162 2
218 3127 479 3163 fideicommissi
528 3127 709 3162 etitionem
733 3127 1009 3171 supersuturam.
1060 3127 1239 3162 ⁷Fructus

153 3182 197 3206 ex
225 3171 337 3208 fundo
370 3182 459 3217 pure
511 3173 637 3216 egat0⁸
667 3176 750 3216 post
781 3172 915 3208 aditam
949 3172 1182 3207 hereditatem
1218 3182 1240 3207 a

152 3217 320 3260 legatario
332 3221 521 3263 perceptos
539 3217 585 3252 ad
597 3217 714 3261 ipsum
758 3217 920 3259 ertinere,
943 3218 1108 3252 colonum
1121 3221 1240 3252 autem

154 3272 234 3296 cum
258 3261 387 3297 herede
411 3273 456 3297 ex
480 3262 655 3297 conducto
680 3262 728 3296 ha
756 3272 814 3297 ere
838 3263 1024 3298 actionem.

203 3303 278 3342 121
306 3305 541 3342 Mfflcmzws
569 3308 659 3343 libro
695 3308 799 3342 tertio
830 3308 1040 3353 reqularum
1100 3307 1137 3341 Si
1162 3307 1240 3352 quis

154 3350 323 3395 legaverit
345 3351 439 3386 Titio
470 3363 550 3387 cum
573 3352 732 3394 Maevio,
764 3355 799 3386 et
823 3352 899 3387 sine
929 3352 1042 3387 altero
1074 3352 1164 3387 alter
1194 3352 1241 3386 ad

153 3396 309 3439 legatum
333 3395 539 3431 admittitur.
587 3407 670 3431 nam
695 3400 731 3432 et
755 3407 836 3432 cum
860 3397 945 3432 dicit
956 3401 1119 3442 praetor:
1144 3400 1239 3432 ‘ven-

155 3444 256 3475 ‘trem
274 3450 354 3474 cum
370 3440 489 3475 liberis
505 3441 542 3476 in
556 3442 816 3486 possessionem
828 3453 906 3477 esse
922 3442 1051 3484 iubeo’‚
1078 3442 1143 3477 etsi
1167 3452 1239 3477 non

154 3486 226 3520 sint
248 3484 361 3526 liberi,
385 3489 506 3520 venter
528 3486 566 3520 in
589 3487 851 3532 possessionem
875 3488 1045 3521 mittetur.

204 3527 283 3567 122
308 3529 467 3564 Panos
494 3529 585 3566 libro
622 3532 727 3567 tertio
761 3532 971 3578 reqularum
1028 3532 1237 3567 Civitatibus

854 2811 1007 2846 eculium
1041 2812 1153 2856 legari
1177 2823 1240 2856 per

278 2857 349 2892 uod
372 2857 501 2892 vetitus
526 2860 581 2891 est
604 2856 762 2891 rationes
786 2866 825 2891 re
852 2856 945 2892 dere.

155 3647 193 3683 (1)
219 3645 258 3675 ut
279 3643 339 3676 del.
356 3643 430 3676 edd.

155 3690 200 3728 (4)
229 3693 243 3727 §
259 3695 276 3722 2
288 3690 386 3730 =sr.
398 3687 469 3720 Vat.
485 3694 520 3721 44

156 3733 196 3765 de
210 3732 321 3765 reditu
343 3744 405 3765 scr.

521 3643 566 3685 (2)
590 3644 636 3676 sit
657 3645 716 3678 ins.
811 3646 858 3687 (3)
883 3647 916 3677 te
938 3646 998 3678 ins.
1020 3645 1089 3685 F¹‚
1112 3645 1174 3678 del.
1190 3644 1241 3677 F2

626 3690 670 3730 (5)
695 3689 941 3731 proponiturF
1030 3692 1073 3730 (6)
1099 3700 1239 3732 quorum

522 3734 565 3773 (7)
590 3735 791 3774 r(espondit)
815 3734 949 3767 Aurelio
964 3734 1071 3766 Felici
1094 3736 1154 3767 ins.
1166 3735 1238 3767 Vat.

1273 3144 1277 3202 Ι

2275 114 2402 157 XXX

1304 233 1416 279 legari
1446 237 1566 279 potest
1606 234 1712 269 etiam
1750 235 1844 278 quod
1879 236 1926 270 ad
1962 236 2131 271 honorem
2165 240 2403 281 ornatumque

1306 279 1459 315 civitatis
1483 278 1657 325 pertinet:
1691 278 1738 313 ad
1762 284 1928 314 ornatum
1963 285 2053 326 puta
2077 280 2174 325 quod
2198 281 2245 316 ad
2267 282 2400 316 instru-

1307 324 1437 360 endum
1460 324 1578 360 forum
1609 323 1789 359 theatrum
1822 325 1976 360 stadium
2008 326 2164 370 legatum
2196 326 2322 361 fuerit:
2357 326 2402 361 ad

1305 370 1477 405 honorem
1500 373 1590 414 puta
1614 368 1710 413 quod
1729 369 1775 404 ad
1791 380 1919 404 munus
1937 370 2112 405 edendum
2132 372 2401 406 venationemve

1305 414 1411 450 ludos
1443 414 1605 450 scenicos
1636 413 1740 449 ludos
1775 413 1958 450 Circenses
1998 416 2161 451 relictum
2198 416 2308 451 fuerit
2339 420 2402 452 aut

1307 459 1403 505 quod
1433 459 1480 495 ad
1503 459 1710 494 divisionem
1742 459 1961 504 singulorum
2002 461 2128 495 civium
2170 462 2225 497 vel
2257 462 2402 506 epulum

1306 505 1471 540 relictum
1494 503 1613 539 fuerit.
1662 504 1731 539 hoc
1763 505 1915 549 amplius
1948 506 2043 549 quod
2075 506 2111 540 in
2143 507 2311 542 alimenta
2346 507 2400 541 in-

1306 549 1431 584 fimae
1454 549 1594 591 aetatis,
1630 553 1719 594 puta
1742 549 1942 585 senioribus
1966 550 2021 585 vel
2045 552 2163 595 pueris
2188 552 2400 597 puellisque,

1306 594 1472 630 relictum
1506 594 1633 636 fuerit,
1673 594 1720 629 ad
1752 595 1922 630 honorem
1955 595 2104 630 civitatis
2136 597 2314 641 pertinere
2328 607 2403 632 res-

1310 643 1324 674 1
1394 639 1583 684 pondetur.
1632 639 1778 674 ‘Lucius
1803 640 1918 675 Titius
1951 643 1987 674 et
2011 639 2121 676 Gaius
2147 642 2248 677 Seius
2271 642 2400 678 Publio

1309 684 1462 720 ‘Maevio
1489 684 1612 720 decem
1636 684 1723 719 dare
1747 685 1895 720 damnas
1920 685 2056 720 sunto’:
2083 685 2194 722 Gaius
2213 687 2313 722 Seius
2338 687 2402 722 he-

1307 739 1365 765 res
1389 740 1463 765 non
1487 729 1630 764 exstitit.
1680 729 1835 765 Sabinus
1867 730 1917 765 ait
1942 730 2075 765 Titium
2108 731 2223 766 solum
2246 733 2402 777 legatum

1308 775 1529 810 debiturum:
1565 784 1649 809 nam
1682 774 1801 810 Seium
1825 786 1891 820 pro
1923 786 1996 810 non
2030 775 2163 820 scripto
2199 777 2402 812 habendum

1308 830 1397 856 esse.
1445 820 1535 855 haec
1570 820 1747 855 sententia
1778 830 1862 855 vera
1893 824 1966 863 est,
1990 820 2060 855 hoc
2093 825 2147 856 est
2179 822 2293 857 Titius
2325 826 2403 858 tota

1308 868 1328 900 2
1377 864 1500 900 decem
1531 864 1684 900 debebit.
1740 864 1860 900 Eum⁹
1892 865 1951 901 cui
1990 866 2057 900 sub
2089 866 2157 901 hac
2193 867 2403 903 condicione

1308 909 1442 945 fundus
1465 909 1604 954 legatus
1630 913 1695 951 est,
1721 910 1751 945 si
1776 914 1919 945 centum
1942 910 2064 946 heredi
2082 911 2248 955 dedisset,
2274 913 2304 947 si
2321 917 2400 948 tan-

1307 959 1384 990 tum
1408 955 1454 990 sit
1477 954 1515 989 in
1538 955 1654 1000 pretio
1680 955 1792 998 fundi,
1830 959 2002 1001 quantum
2026 956 2150 991 heredi
2175 957 2260 992 dare
2283 958 2401 993 iussus

1308 1004 1374 1042 est,
1400 1011 1471 1035 non
1497 1005 1551 1035 est
1574 1000 1767 1045 legatarius
1793 1001 1974 1045 cogendus
1994 1000 2306 1037 fideicommissum
2325 1014 2347 1038 a
2364 1013 2402 1038 se

1307 1045 1473 1080 relictum
1497 1049 1701 1090 praestare,
1735 1046 1904 1091 quoniam
1929 1046 2017 1081 nihil
2040 1057 2085 1082 ex
2108 1050 2322 1083 testamento
2347 1048 2398 1082 vi-

1308 1090 1413 1126 detur
1437 1101 1480 1125 ca
1507 1101 1579 1133 ere,
1604 1091 1665 1136 qui
1688 1094 1829 1126 tantum
1853 1094 1986 1136 erogat,
2012 1095 2184 1136 quantum
2208 1093 2348 1138 accipit.

1357 1133 1435 1172 123
1460 1101 1703 1171 ἦΑΗσΕιισε
1724 1136 1815 1172 libro
1832 1137 1888 1172 sin
1917 1136 2018 1172 ulari
2030 1147 2287 1183 responsorum
2327 1138 2400 1172 Lu-

1309 1181 1384 1217 cius
1410 1181 1525 1216 Titius
1552 1192 1633 1216 cum
1657 1181 1746 1217 duos
1772 1181 1863 1217 filios
1914 1181 2037 1217 eredes
2061 1182 2296 1227 relinqueret,
2331 1187 2402 1218 108-

1307 1230 1464 1262 tamento
1489 1227 1541 1262 ita
1567 1227 1677 1262 cavit:
1714 1227 1885 1272 ‘quisquis
1916 1227 2003 1261 mihi
2026 1227 2219 1262 liberorum
2242 1239 2402 1266 meorum

1309 1272 1424 1307 ‘heres
1449 1272 1527 1315 erit,
1553 1272 1628 1307 eius
1652 1271 1736 1307 fidei
1760 1272 1954 1315 committo,
1979 1275 2020 1307 ut
2045 1273 2075 1307 si
2100 1273 2178 1318 quis
2205 1283 2248 1308 ex
2271 1274 2302 1309 is
2327 1274 2404 1309 81110

1309 1317 1442 1353 ‘liberis
1464 1317 1624 1360 decedat,
1650 1317 1859 1353 hereditatis
1878 1328 1979 1353 meae
2003 1318 2144 1354 bessem
2169 1329 2251 1354 cum
2274 1319 2403 1354 morie-

1309 1366 1380 1397 ‘tur
1403 1362 1577 1398 fratribus
1602 1363 1675 1398 suis
1698 1363 1897 1398 restituat’:
1923 1363 2035 1398 frater
2061 1363 2236 1399 decedens
2255 1364 2403 1400 fratrem

1308 1418 1413 1444 suum
1437 1418 1481 1443 ex
1506 1407 1681 1443 dodrante
1704 1408 1790 1443 fecit
1813 1408 1998 1444 heredem:
2032 1418 2166 1454 quaero
2180 1436 2189 1451 ,
2221 1419 2268 1444 an
2304 1409 2403 1445 fidei-

1309 1454 1497 1489 commisso
1522 1453 1745 1489 satisfecerit.
1794 1453 1988 1489 Marcellus
2012 1454 2197 1499 respondit
2221 1454 2276 1497 id,
2309 1455 2404 1500 quod

1308 1509 1353 1534 ex
1383 1502 1598 1534 testamento
1630 1498 1736 1534 Lucii
1768 1498 1853 1533 Titii
1882 1498 1987 1534 fratri
2025 1502 2179 1535 testator
2210 1500 2404 1543 debuisset,

1307 1554 1374 1589 pro
1400 1554 1442 1579 ea
1464 1547 1579 1589 parte,
1604 1554 1675 1589 qua
1697 1544 1790 1580 alius
1814 1544 1918 1580 heres
1943 1545 2156 1587 exstitisset,
2188 1545 2261 1590 peti
2285 1555 2403 1590 posse,

1308 1589 1376 1624 nisi
1399 1589 1579 1624 diversum
1603 1589 1757 1625 sensisse
1786 1599 1867 1624 eum
1889 1589 2123 1634 probaretur:
2148 1600 2231 1625 nam
2253 1601 2403 1635 parvum

1307 1634 1400 1670 inter
1423 1634 1517 1670 hanc
1542 1634 1697 1679 speciem
1720 1635 1871 1670 interest
1890 1638 1926 1670 et
1951 1645 2032 1669 cum
2055 1635 2144 1670 alias
2162 1635 2318 1671 creditor
2342 1636 2403 1671 de-

1309 1679 1415 1715 bitori
1441 1689 1506 1714 suo
1539 1679 1674 1715 exstitit
1704 1680 1820 1715 heres.
1870 1679 1933 1715 sed
1963 1680 2071 1724 plane
2103 1680 2304 1716 audiendus
2336 1681 2405 1716 erit

1310 1725 1469 1767 coheres,
1496 1724 1526 1759 si
1550 1725 1706 1769 probare
1729 1724 1844 1770 possit
1868 1735 1911 1760 ea
1933 1729 2051 1760 mente
2075 1729 2284 1762 testatorem
2302 1727 2403 1762 here-

1310 1769 1389 1805 dem
1405 1769 1602 1805 instituisse
1619 1770 1768 1805 fratrem
1785 1780 1900 1813 suum,
1918 1773 1959 1804 ut
1974 1774 2163 1806 contentus
2181 1771 2404 1807 institutione

1315 1819 1327 1849 1
1377 1814 1650 1850 fideicommisso
1687 1815 1867 1850 abstinere
1898 1815 2053 1851 deberet.
2110 1816 2152 1850 In
2187 1819 2402 1852 testamento

1308 1860 1361 1895 ita
1385 1860 1560 1905 scriptum
1584 1865 1656 1896 estz
1683 1860 1784 1895 ‘Gaio
1810 1860 1891 1895 Seio
1909 1860 1997 1895 illud
2020 1865 2055 1895 et
2078 1861 2167 1896 illud
2182 1862 2286 1897 heres
2302 1872 2402 1897 meus

1310 1905 1419 1941 ι(11110.
1468 1909 1504 1941 01
1526 1909 1562 1941 10
1586 1916 1685 1950 rogo,
1711 1905 1780 1948 Sei,
1817 1905 1970 1950 fideique
1993 1910 2078 1941 tuae
2101 1906 2252 1949 mando,
2284 1907 2338 1942 uti
2361 1917 2403 1942 ea

1310 1950 1440 1986 ‘omnia
1487 1961 1557 1986 uae
1581 1961 1692 1996 supra
1709 1951 1844 1995 scripta
1860 1954 1946 1986 sunt
1966 1951 2094 1986 reddas
2119 1952 2195 1987 sine
2213 1952 2288 1987 ulla
2302 1962 2405 1988 mora

1310 1996 1354 2031 ‘ei
1367 1997 1395 2017 ¹⁰
1418 1962 1587 2048 redderes
1603 1996 1704 2041 ipse'.
1753 2006 1899 2041 quaero,
1924 2006 1970 2030 an
1987 1997 2138 2031 tacitum
2155 1996 2403 2032 fideicommis-

1309 2051 1388 2077 sum
1412 2045 1470 2083 811,
1496 2052 1577 2076 011111
1600 2052 1792 2086 personam
1816 2044 1992 2083 testator,
2027 2042 2083 2076 cui
2116 2042 2256 2078 restitui
2286 2043 2403 2085 vellet,

1308 2089 1521 2122 testamento
1554 2097 1626 2122 non
1659 2086 1918 2132 significaverit.
1973 2086 2167 2122 Marcellus
2198 2087 2402 2132 respondit:

1309 2131 1340 2167 si
1362 2131 1400 2166 in
1424 2131 1588 2167 fraudem
1611 2132 1730 2177 legum
1752 2132 1901 2167 tacitam
1932 2131 2037 2167 fidem
2063 2131 2165 2167 Seius
2202 2143 2402 2168 accommo-

1310 2177 1441 2219 dasset,
1466 2177 1555 2211 nihil
1579 2177 1611 2212 ei
1634 2177 1806 2222 prodesse
1828 2180 1965 2222 potest,
2002 2177 2032 2212 si
2063 2177 2118 2212 his
2151 2178 2268 2213 verbis
2299 2182 2404 2223 pater

1308 2222 1461 2257 familias
1487 2233 1568 2257 cum
1592 2233 1633 2257 eo
1651 2223 1794 2258 locutus
1812 2226 1925 2258 esset:
1950 2232 2023 2257 non
2043 2222 2136 2257 enim
2151 2223 2231 2258 ideo
2251 2223 2402 2258 circum-

1308 2267 1447 2303 venisse
1480 2267 1598 2302 minus
1630 2267 1726 2312 leges
1757 2267 2015 2303 existimandus
2041 2271 2113 2310 est,
2151 2279 2232 2303 cum
2254 2268 2404 2313 perinde

1308 2312 1483 2348 incertum
1508 2313 1555 2347 sit
1580 2313 1637 2348 cui
1660 2317 1891 2358 prospectum
1913 2313 2075 2348 voluerit.

1358 2355 1438 2394 124
1463 2357 1670 2393 NERATIUS
1690 2358 1781 2394 libro
1798 2358 1923 2403 quinto
1941 2359 2229 2394 membranarum
2278 2358 2317 2394 Si
2339 2358 2402 2394 he-

1307 2403 1410 2438 redes
1441 2403 1649 2438 nominatim
1682 2403 1879 2438 enumerati
1904 2403 1990 2438 dare
2014 2403 2098 2448 quid
2123 2403 2280 2438 damnati
2307 2407 2402 2446 sunt,

1307 2448 1458 2494 propius
1484 2451 1549 2491 est,
1575 2452 1615 2483 ut
1638 2448 1756 2484 viriles
1779 2452 1899 2493 partes
1925 2448 2090 2490 debeant,
2123 2449 2206 2493 quia
2229 2458 2401 2493 persona-

1307 2504 1390 2529 rum
1415 2494 1636 2529 enumeratio
1660 2494 1757 2529 hunc
1775 2494 1941 2529 effectum
1957 2494 2076 2535 habet,
2101 2497 2142 2528 ut
2159 2497 2404 2538 exaequentur

1307 2539 1344 2574 in
1375 2539 1492 2583 legato
1526 2540 1762 2584 praestando,
1796 2539 1874 2584 qui,
1907 2539 1937 2573 si
1969 2539 2141 2573 nominati
2173 2549 2245 2574 non
2269 2542 2402 2582 essent,

1307 2584 1544 2620 hereditarias
1568 2588 1689 2629 partes
1714 2584 1868 2619 debituri
1893 2587 2022 2618 essent.

1358 2627 1436 2666 125
1462 2629 1658 2665 erlhms
1678 2629 1870 2664 MAXIMUS
1898 2629 1989 2664 libro
2012 2629 2195 2674 sz'nqulari
2216 2629 2266 2664 ad
2288 2628 2402 2681 leqem

1308 2675 1511 2711 Falcidiam
1559 2675 1597 2710 Si
1620 2675 1722 2710 heres
1748 2678 1891 2709 centum
1914 2674 2122 2719 praecipere
2151 2674 2272 2709 iussus
2298 2678 2344 2709 811
2368 2677 2404 2709 et

1308 2721 1497 2755 restituere
1520 2720 1754 2755 hereditatem
1787 2723 1822 2754 et
1852 2723 2026 2763 patronus
2058 2719 2236 2754 bonorum
2258 2730 2402 2765 posses-

1308 2765 1445 2801 sionem
1480 2770 1608 2801 contra
1640 2765 1782 2800 tabulas
1814 2764 1975 2809 petierit,
2012 2764 2105 2799 sicut
2135 2764 2255 2809 legata
2284 2765 2336 2799 ita
2367 2767 2404 2800 et

1308 2810 1514 2855 praeceptio
1546 2821 1611 2855 pro
1643 2814 1765 2855 parte,
1799 2820 1906 2854 quam
1937 2813 2111 2854 patronus
2143 2810 2304 2852 abstulit,
2336 2810 2401 2845 mi-

1308 2859 1450 2891 nuetur.

1359 2898 1437 2937 126
1464 2900 1623 2935 mes
1651 2900 1743 2935 libro
1778 2899 1962 2946 sinqulari
1993 2899 2037 2934 de
2067 2899 2237 2935 secundis
2269 2899 2403 2934 tabulis

1308 2946 1365 2980 Ab
1405 2945 1611 2980 exheredati
1650 2945 1843 2980 substituto
1878 2944 2051 2979 inutiliter
2089 2945 2246 2988 legatum
2281 2944 2397 2979 datur.

1309 3001 1392 3034 ergo
1416 3000 1482 3025 nec
1506 3000 1528 3025 a
1552 2990 1707 3035 legitimo
1741 2989 1948 3026 exheredati
1978 2989 2291 3025 fideicommissum
2323 2989 2401 3024 dari

1308 3036 1451 3080 poterit,
1477 3035 1572 3080 quod
1598 3039 1633 3070 et
1656 3035 1802 3079 legitimi
1835 3045 1876 3070 eo
1901 3035 1978 3070 iure
2001 3038 2188 3079 praestare
2212 3038 2400 3078 coguntur,

1309 3091 1378 3125 quo
1404 3081 1434 3115 si
1458 3080 1583 3125 scripti
1606 3080 1770 3115 fuissent.
1818 3080 1881 3116 sed
1898 3081 1927 3115 si
1952 3080 2194 3115 committente
2211 3079 2329 3123 aliquo
2356 3089 2400 3113 ex

1307 3125 1429 3160 liberis
1447 3125 1603 3160 edictum
1619 3125 1807 3170 praetoris,
1826 3137 1896 3171 quo
1919 3129 2045 3160 contra
2061 3125 2204 3160 tabulas
2225 3125 2399 3158 bonorum

1308 3170 1571 3215 possessionem
1594 3171 1796 3215 pollicetur,
1821 3172 1975 3216 scriptus
1997 3180 2138 3215 quoque
2155 3169 2249 3203 filius
2274 3171 2400 3220 contra

1309 3215 1451 3250 tabulas
1484 3215 1661 3250 bonorum
1691 3216 1953 3260 possessionem
1984 3215 2142 3260 petierit,
2183 3214 2399 3248 substitutus

1308 3261 1384 3296 eius
1409 3260 1527 3305 legata
1550 3271 1615 3305 pro
1639 3261 1743 3296 modo
1768 3260 1982 3306 patrimonii,
2009 3260 2103 3305 quod
2120 3259 2166 3294 ad
2189 3258 2300 3292 filium
2316 3268 2397 3301 per-

1307 3305 1415 3348 venit,
1448 3306 1657 3350 praestabit,
1689 3306 1836 3351 perinde
1860 3317 1903 3341 ac
1928 3306 1957 3341 si
1981 3305 2036 3347 id,
2070 3304 2165 3349 quod
2196 3313 2261 3347 per
2283 3303 2396 3354 bono-

1307 3361 1388 3386 rum
1419 3351 1682 3396 possessionem
1713 3351 1807 3387 filius
1839 3351 1982 3393 habuit,
2016 3360 2038 3384 a
2061 3354 2163 3394 patre
2187 3351 2395 3391 acceplsset.

1312 3399 1327 3431 1
1378 3395 1466 3430 Cum
1490 3405 1512 3430 a
1535 3399 1700 3440 postumo
1724 3396 1776 3431 ita
1800 3397 1939 3441 legetur
1963 3396 2004 3430 ‘si
2028 3395 2131 3429 heres
2156 3393 2233 3428 erit'
2266 3396 2301 3426 et
2325 3402 2397 3427 non

1307 3444 1393 3475 nato
1425 3445 1590 3485 postumo
1624 3442 1809 3477 substituti
1841 3442 1988 3481 adeant,
2026 3440 2143 3483 legata
2173 3447 2234 3472 eos
2267 3436 2398 3472 debere

1309 3485 1582 3521 existimandum
1614 3490 1687 3529 est,
1724 3497 1815 3532 quae
1846 3487 1924 3528 ille,
1962 3485 1990 3520 si
2026 3484 2175 3524 viveret,
2211 3482 2397 3517 debiturus

1309 3534 1397 3566 erat.

1309 3644 1356 3685 (8)
1393 3654 1477 3685 pure
1506 3644 1632 3687 legato]
1658 3656 1717 3686 per
1749 3642 2011 3676 vindicationem
2045 3651 2128 3684 pure
2159 3639 2279 3672 relicto
2319 3640 2395 3673 1⁷01.

1311 3690 1355 3730 (9)
1381 3699 1458 3721 011111
1471 3689 1646 3734 80111ιῖιίη9
1740 3691 1797 3731 (10)
1823 3687 1878 3720 0111
1893 3689 1951 3720 ins.
