2528 3918
185 87 290 131 118

185 209 295 244 tiores
329 207 394 243 viri
429 206 632 242 humiliores
663 205 800 241 iniuriis
832 205 1005 241 adiiciant
1037 215 1126 241 neve
1155 203 1277 241 defen-

186 264 286 290 sores
310 263 433 288 eorum
457 250 686 287 calumniosis
710 250 918 286 criminibus
935 251 1158 286 insectentur
1175 250 1277 285 inno-

186 303 327 340 centes,
364 297 410 332 ad
442 296 647 342 religionem
677 295 853 341 praesidis
885 296 1089 341 provinciae
1112 295 1276 340 pertinet.

186 347 207 379 3
254 343 383 379 Illicita
405 341 602 377 ministeria
625 341 693 377 sub
716 344 905 387 praetextu
925 340 1168 376 adiuvantium
1188 340 1278 374 mili-

184 393 281 424 tares
305 389 398 423 viros
423 386 470 422 ad
490 385 747 422 concutiendos
765 386 926 422 homines
944 384 1175 430 procedentia
1194 395 1278 430 pro-

184 434 308 469 hibere
332 436 367 468 et
390 432 612 477 deprehensa
636 441 801 467 coercere
849 441 969 466 raeses
988 430 1193 475 provinciae
1216 441 1277 465 cu-

185 482 251 521 ret,
277 482 313 513 et
335 477 402 513 sub
427 477 546 522 specie
567 476 785 512 tributorum
810 477 817 484 '
847 477 949 511 icitas
975 475 1179 511 exactiones
1202 474 1279 510 fieri

186 527 207 559 4
254 523 455 568 prohibeat.
502 521 558 557 Ne
583 532 628 557 ue
650 522 750 557 licita
773 521 1013 567 negotiatione
1037 520 1174 565 aliquos
1194 530 1278 572 pro-

185 569 299 604 hiberi
322 578 438 613 neque
461 568 567 613 prohi
591 568 666 602 ita¹
692 567 850 602 exerceri
883 575 998 611 neque
1027 565 1278 601 innocentibus

185 623 322 659 poenas
344 613 495 658 irrogari
518 612 565 648 ad
588 612 861 648 sollicitudinem
893 621 995 646 suam
1025 620 1171 655 praeses
1194 620 1278 656 pro-

186 662 205 694 5
252 658 391 693 vinciae
414 661 568 694 revocet.
616 657 671 694 Ne
683 658 802 693 tenuis
813 657 907 691 vitae
919 656 1080 691 homines
1093 655 1160 691 sub
1173 665 1278 701 prae-

185 708 287 739 textu
305 704 479 739 adventus
503 702 705 738 officiorum
727 703 783 737 vel
806 702 966 743 militum,
990 701 1147 736 lumine2
1170 700 1277 736 unico

184 749 240 784 vel
263 749 362 784 brevi
385 748 624 794 suppellectili
647 747 694 782 ad
718 747 869 782 aliorum
891 756 978 781 usus
1002 745 1198 789 translatis,
1222 746 1277 780 in-

186 797 207 830 6
252 794 351 829 iuriis
375 796 559 836 vexentur,
583 803 728 845 praeses
752 791 958 837 provinciae
979 790 1191 836 providebit.
1224 790 1281 826 Ne

186 839 271 885 quid
295 838 362 874 sub
386 839 528 874 nomine
551 838 719 880 militum,
753 836 849 882 quod
880 836 928 871 ad
959 836 1132 872 utilitates
1157 845 1280 872 eorum

185 885 223 920 in
247 893 435 920 commune
457 894 530 919 non
554 883 725 929 pertinet,
760 892 782 917 a
805 881 1021 927 quibusdam
1043 881 1190 927 propria
1213 881 1282 916 sibi

187 928 375 965 commoda
395 928 516 974 inique
549 927 809 963 vindicantibus
844 927 1104 970 committatur,
1136 936 1281 972 praeses

189 978 207 1009 7
256 974 462 1021 provinciae
471 973 670 1026 provideat.
719 972 834 1007 Sicuti
845 971 983 1008 medico
995 971 1165 1017 imputari
1177 981 1280 1007 even-

186 1024 246 1055 tus
270 1019 499 1055 mortalitatis
523 1029 596 1054 non
620 1018 743 1060 debet,
775 1017 828 1052 ita
859 1017 956 1062 quod
978 1027 1045 1063 per
1066 1016 1281 1062 imperitiam

187 1065 372 1107 commisit,
396 1064 566 1110 imputari
590 1063 622 1098 ei
646 1062 772 1099 debet:
797 1066 987 1115 praetextu
1009 1062 1188 1097 humanae
1206 1062 1280 1096 fra-

185 1110 331 1155 gilitatis
364 1109 531 1145 delictum
564 1108 772 1154 decipientis
795 1119 834 1142 m
857 1108 1018 1153 periculo
1041 1107 1203 1143 homines
1226 1107 1281 1142 in-

186 1158 207 1191 8
253 1155 400 1191 noxium
424 1165 502 1191 esse
525 1165 598 1189 non
623 1153 738 1189 debet.
787 1152 856 1197 Qui
875 1153 1060 1188 universas
1104 1152 1282 1188 rovincias

185 1204 324 1246 regunt,
345 1200 401 1235 ius
421 1199 528 1244 gladii
548 1198 683 1234 habent
703 1201 738 1233 et
756 1197 989 1233 inmetallum
1001 1197 1073 1233 dan
1100 1197 1282 1242 'potestas

186 1248 207 1281 9
255 1245 306 1281 eis
339 1246 515 1290 permissa
546 1247 610 1279 est.
658 1243 811 1279 Praeses
843 1242 1051 1288 provinciae
1079 1243 1112 1278 si
1133 1242 1283 1278 multam

186 1301 293 1336 quam
326 1290 495 1335 irrogavit
527 1299 571 1324 ex
601 1288 849 1334 praesentibus
879 1287 1114 1324 facultatibus
1147 1298 1281 1330 eorum,

186 1335 315 1381 quibus
347 1345 426 1370 eam
458 1334 566 1376 dixit,
603 1333 715 1379 redigi
748 1344 822 1369 non
852 1343 960 1379 posse
991 1332 1281 1379 deprehenderit:

186 1380 424 1416 necessitate³
456 1379 643 1415 solutionis
667 1378 872 1414 moderetur
893 1378 1113 1424 reprehensa
1136 1381 1282 1414 exacto-

187 1437 267 1462 rum
289 1425 414 1460 illicita
437 1425 599 1460 avaritia.
647 1423 796 1460 remissa
818 1427 967 1469 propter
987 1423 1147 1469 inopiam
1170 1423 1283 1458 multa

186 1482 209 1508 a
257 1471 432 1506 rovincias
456 1469 661 1515 regentibus
685 1469 778 1514 exigi
800 1479 874 1504 non
897 1469 1014 1504 debet.

231 1482 256 1552 θ
282 1515 390 1551 IDEM
409 1515 500 1550 libro
526 1515 631 1550 tertio
655 1515 868 1561 opinionum
913 1514 1065 1550 Praeses
1077 1513 1284 1559 provinciae

186 1561 354 1606 inspectis
379 1559 549 1596 aedificiis
574 1559 736 1595 dominos
762 1568 883 1595 eorum
903 1569 1016 1594 causa
1035 1558 1179 1604 cognita
1200 1558 1282 1594 refi-

186 1616 268 1642 cere
299 1615 343 1641 ea
377 1605 570 1650 compellat
601 1608 637 1639 et
660 1604 831 1640 adversus
856 1604 1116 1640 detractantem
1139 1613 1281 1649 compe-

186 1651 276 1687 tenti
298 1650 453 1686 remedio
478 1650 698 1685 deformitati
721 1650 892 1685 auxilium
914 1649 1021 1685 ferat.

232 1693 257 1734 8
282 1695 476 1731 IULIANUS
496 1696 587 1731 libro
638 1696 730 1731 rimo
753 1695 976 1741 diqestorum
1023 1694 1139 1739 Saepe
1162 1693 1283 1729 audivi

187 1741 377 1776 Caesarem
408 1744 570 1776 nostrum
602 1706 778 1776 dicentem
810 1740 880 1775 hac
912 1739 1165 1785 rescriptione:
1187 1736 1282 1774 ‘eum

186 1787 247 1832 qui
268 1785 474 1838 provinciae
496 1789 640 1830 praeest
671 1785 772 1820 adire
794 1780 941 1830 potes’⁴
965 1795 1039 1821 non
1061 1784 1196 1829 imponi
1218 1794 1281 1819 ne-

187 1834 390 1867 cessitatem
412 1830 620 1876 proconsuli
639 1830 694 1866 vel
714 1830 831 1875 legato
851 1829 926 1865 eius
947 1830 1002 1865 vel
1021 1829 1178 1875 praesidi
1197 1839 1281 1874 pro-

184 1876 323 1912 vinciae
344 1876 592 1923 suscipiendae
610 1875 841 1920 cognitionis,
879 1874 942 1910 sed
977 1885 1058 1910 eum
1093 1874 1282 1910 aestimare

186 1921 326 1963 debere,
350 1922 429 1966 ipse
452 1931 670 1966 cognoscere
693 1930 740 1955 an
763 1919 918 1956 iudicem
943 1919 1029 1955 dare
1053 1919 1193 1955 debeat.

231 1964 257 2004 9
275 1965 559 2002 &ursmarus
572 1966 663 2001 libro
669 1966 793 2012 primo
807 1965 851 2000 de
863 1965 1130 2012 coqnitionibus
1165 1964 1281 2000 Gene-

185 2011 308 2047 raliter
339 2010 503 2056 quotiens
534 2010 701 2056 princeps
733 2010 780 2045 ad
811 2010 995 2056 praesides
1018 2010 1282 2055 provinciarum

187 2055 333 2092 remittit
351 2055 493 2101 negotia
504 2066 570 2100 per
581 2055 845 2100 rescriptiones,
869 2055 981 2091 veluti
1002 2052 1097 2091 ‘eum
1139 2055 1177 2090 ui
1196 2066 1281 2107 pro-

183 2101 324 2156 ‘vinciae
332 2104 479 2153 praeest
491 2101 590 2136 adire
609 2096 762 2146 poteris’
787 2101 868 2136 vel⁵
890 2111 971 2136 cum
990 2100 1060 2154 hac
1082 2066 1282 2136 adqiectlone

195 2147 227 2182 is
251 2146 472 2188 aest1mabit,
507 2146 593 2191 quid
616 2146 663 2182 sit
684 2146 842 2191 partium
865 2156 1010 2181 suarum
1030 2171 1040 2188 ‚
1072 2156 1145 2181 non
1167 2146 1215 2180 im
1242 2156 1281 2181 o-

185 2192 283 2227 nitur
317 2191 512 2226 necessitas
546 2191 755 2236 proconsuli
789 2191 846 2226 vel
878 2191 997 2235 legato
1033 2190 1213 2235 suscipien
1240 2200 1282 2226 ae

186 2236 417 2289 cognitionis,
450 2235 610 2280 quamvis
645 2246 718 2289 non
742 2235 790 2271 sit
813 2235 992 2271 adiectum
1011 2234 1056 2270 ‘is
1080 2235 1283 2271 aestimabit

186 2281 271 2327 quld
294 2281 342 2317 sit
364 2280 520 2326 partium
543 2291 691 2316 suarum
718 2293 728 2316 ι
765 2280 829 2316 sed
858 2280 889 2316 is
925 2280 1115 2316 aestimare
1138 2280 1245 2316 debet
1256 2282 1280 2323 ὓ,

185 2330 307 2362 utrum
328 2326 341 2361 i
367 2336 408 2362 se
431 2329 625 2371 cognoscat
648 2336 696 2361 an
717 2325 870 2361 iudicem
894 2325 981 2361 dare
1005 2325 1145 2361 debeat.

235 2370 286 2409 10
351 2380 658 2407 ERMOGENJANUS
666 2371 757 2407 libro
769 2371 926 2407 secundo
939 2372 1031 2407 iuris
1090 2371 1279 2406 itomarum

185 2417 244 2452 Ex
275 2416 440 2452 omnibus
473 2416 611 2459 causis,
647 2415 693 2452 de
723 2416 853 2461 quibus
883 2416 941 2452 vel
970 2425 1058 2461 prae
1075 2419 1176 2451 ectus
1199 2416 1281 2451 urbi

185 2462 240 2498 vel
272 2461 476 2507 praefectus
507 2461 686 2507 praetorio
710 2460 865 2506 itemque
889 2461 1054 2497 consules
1080 2464 1116 2496 et
1137 2464 1279 2506 praeto-

185 2517 242 2542 res
257 2507 437 2552 ceterique
448 2506 585 2542 Romae
598 2510 831 2552 cognoscunt,
856 2509 1100 2542 correctorum
1121 2509 1157 2542 et
1175 2516 1280 2551 prae-

186 2552 302 2588 sidum
350 2551 588 2588 rovinciarum
613 2556 669 2587 est
690 2551 803 2587 notio.

235 2596 283 2634 11
351 2606 549 2632 ARGIANUS
576 2597 668 2633 libro
705 2597 809 2633 tertio
842 2596 1107 2632 institutionum
1153 2595 1281 2632 Omnia

187 2643 280 2677 enim
302 2642 535 2687 provincialia
558 2641 746 2684 desideria,
770 2651 863 2687 quae
886 2641 1024 2677 Romae
1045 2641 1165 2677 varios
1188 2641 1279 2677 iudi-

187 2697 246 2723 ces
269 2687 415 2730 habent,
440 2687 488 2722 ad
511 2686 671 2722 officium
693 2686 898 2732 praesidum
921 2687 1112 2732 pertinent.

236 2729 288 2769 12
314 2733 537 2767 Pnowzus⁷
561 2732 655 2768 libro
680 2735 812 2778 quarto
837 2731 1076 2778 epistularum
1114 2730 1186 2767 Sed
1197 2731 1282 2767 licet

186 2778 230 2821 is,
255 2777 316 2823 qui
338 2776 541 2822 provinciae
564 2780 727 2822 praeest,
752 2777 910 2813 omnium
932 2776 1069 2813 Romae
1092 2777 1279 2822 magistra-

187 2827 291 2858 tuum
301 2822 378 2858 vice
391 2825 427 2858 et
438 2821 558 2858 officio
578 2822 679 2868 fungi
698 2822 837 2866 debeat,
857 2833 931 2858 non
947 2822 1091 2858 tamen⁸
1114 2825 1279 2868 spectan-

188 2867 273 2904 dum
294 2870 349 2902 est
360 2866 445 2912 quid
458 2867 594 2902 Romae
604 2867 741 2903 factum
754 2871 819 2911 est,
832 2877 940 2913 quam
976 2867 1037 2903 uid
1049 2867 1128 2903 fieri
1140 2867 1278 2903 debeat.

238 2909 288 2950 13
320 2911 516 2948 Πιηᾼινσε
543 2913 635 2949 libro
658 2914 811 2959 septimo
835 2913 880 2948 de
902 2913 954 2959 of
973 2914 1029 2949 cio
1045 2913 1281 2960 proconsulis

189 2957 362 3003 Congruit
384 2957 479 2992 bono
513 2961 549 2992 et
578 2958 676 3003 gravi
707 2958 863 3003 praesidi
895 2967 1041 3001 curare,
1074 2960 1117 2994 ut
1149 2961 1281 3003 pacata

189 3007 299 3055 atque
347 3002 443 3037 uieta
465 3002 649 3047 provincia
673 3003 719 3038 sit
743 3013 850 3048 quam
872 3003 974 3048 regit.
1034 3003 1108 3039 uod
1126 3013 1199 3039 non
1213 3002 1279 3038 dif-

189 3046 282 3083 ficile
305 3057 326 3083 o
354 3047 498 3089 tinebit,
524 3047 555 3082 si
578 3048 729 3083 sollicite
752 3052 854 3093 agat,
887 3052 930 3083 ut
952 3059 988 3083 m
1078 3048 1280 3084 hominibus

214 3092 374 3128 rovincia
398 3095 520 3128 careat
544 3102 604 3128 eos
630 3103 675 3128 ue
699 3094 906 3138 conquirat:
930 3103 1014 3129 nam
1035 3097 1072 3129 et
1089 3094 1280 3139 sacrilegos

188 3103 348 3190 fau-ones
367 3137 584 3217 ‘plagiarios
603 3104 700 3173 iures
732 3139 941 3184 conquirere
973 3138 1078 3174 debet
1107 3141 1144 3174 et
1173 3141 1282 3184 prout

190 3192 341 3229 quisque
392 3182 553 3228 ehquent
575 3194 613 3218 ιιι
637 3193 717 3218 eum
742 3183 1035 3225 animadvertere,
1060 3187 1280 3229 receptores-

189 3238 260 3274 que
283 3237 407 3264 eorum
430 3237 616 3270 coercere,
641 3228 718 3263 sine
741 3229 871 3274 quibus
894 3229 987 3265 latro
1012 3229 1145 3264 diutius
1167 3228 1282 3264 latere

193 3276 208 3308 1
259 3283 333 3309 non
355 3275 486 3319 potest.
533 3272 716 3315 Furiosis,
750 3274 780 3308 si
810 3284 882 3310 non
906 3274 1047 3320 possint
1068 3284 1135 3319 per
1156 3283 1280 3309 neces-

189 3317 304 3354 sarios
329 3316 520 3360 contineri,
553 3327 595 3353 eo
627 3317 781 3353 remedio
814 3329 879 3364 per
909 3318 1110 3364 praesidem
1141 3318 1283 3355 obviam

191 3363 371 3399 eundum⁹
393 3366 464 3399 est:
489 3362 627 3398 scilicet
649 3365 690 3398 ut
713 3372 856 3399 carcere
879 3364 1140 3400 contineantur.
1178 3367 1214 3399 et
1232 3364 1283 3399 ita

191 3477 232 3517 (ι)
245 3475 454 3519 prohibitam
465 3488 529 3510 scr.
542 3488 612 3510 cum
629 3476 662 3509 B
709 3477 753 3518 (2)
767 3475 903 3509 homine
917 3477 1122 3511 Hotomanus
1168 3480 1209 3516 (3)
1223 3487 1281 3510 ne-

190 3521 343 3554 cessitati
356 3534 425 3556 cum
438 3522 474 3555 B
486 3521 738 3555 Brencmannus
829 3524 872 3562 (4)
897 3524 1008 3564 potest
1017 3522 1075 3556 F’S
1162 3526 1204 3561 (5)
1230 3521 1282 3555 vel

191 3566 395 3610 simpliciter
409 3566 459 3600 vel
470 3578 534 3600 ser.
604 3568 650 3608 (0)
675 3565 893 3609 cognitionis,
906 3567 974 3607 sed,
988 3567 1140 3609 quamvis
1150 3591 1158 3599 .
1168 3591 1177 3599 .
1187 3590 1195 3598 .
1206 3577 1281 3599 sua-

191 3622 277 3651 rum,
290 3611 320 3644 is
333 3614 414 3646 aest.
428 3611 530 3645 debet
540 3623 603 3645 scr.
674 3613 717 3654 (τ)
743 3610 956 3654 proconsulis
969 3612 1003 3644 F
1074 3613 1120 3655 (8)
1144 3622 1211 3644 non
1228 3614 1280 3644 ta-

193 3658 282 3698 men]
305 3667 372 3689 non
394 3660 464 3689 tam
484 3656 516 3689 ei
535 3668 598 3690 ser.
727 3658 772 3698 (9)
796 3656 981 3690 eundemF
1106 3658 1166 3699 (ιο)
1192 3657 1281 3700 plec-

194 3702 330 3734 κιαι-Ρ
426 3703 480 3742 (ιι)
505 3701 576 3734 divi
588 3713 650 3735 ιον.
753 3702 812 3742 (12)
837 3701 925 3735 neF
1018 3702 1076 3742 (13)
1101 3705 1212 3745 potest
1224 3702 1282 3735 FS

1288 77 1337 127 16

1897 95 1959 126 DE
1990 94 2173 126 0FF1010
2202 95 2437 128 PRAESIDIS

1347 204 1448 240 divus
1471 203 1558 239 Pius
1588 202 1784 248 rescripsit.
1820 214 1907 240 sane
1939 204 2190 240 excutiendum
2213 204 2283 240 divi
2304 203 2437 240 fratres

1346 251 1563 295 putaverunt
1585 248 1623 283 in
1645 258 1801 294 persona
1824 250 1921 292 eius,
1946 249 2006 295 qui
2029 249 2262 302 parricidium
2285 249 2436 286 admise-

1346 298 1422 337 rat,
1458 298 1580 331 utrum
1613 293 1780 330 simulato
1814 293 1937 331 furore
1969 294 2111 331 facinus
2149 294 2350 331 admisisset
2391 305 2438 330 an

1347 350 1429 375 vero
1454 349 1492 374 re
1514 348 1601 374 vera
1619 348 1765 384 compos
1786 340 1915 376 mentis
1935 351 2008 376 non
2027 343 2132 383 esset,
2156 343 2198 375 ut
2220 340 2252 376 si
2274 339 2438 376 simulas-

1348 388 1414 426 set,
1463 384 1706 426 lectereturffl,
1730 384 1762 419 si
1782 384 1929 428 fureret,
1953 385 1990 420 in
2014 395 2159 421 carcere
2183 385 2437 421 contineretur.

1396 428 1415 466 1
1472 427 1616 464 Maesa
1639 428 1732 465 libro
1754 430 1913 466 secundo
1937 430 1982 466 de
2006 430 2151 466 iudiciis
2166 430 2327 476 publicis
2373 430 2438 464 Di-

1347 475 1452 510 vus¹¹
1475 473 1623 509 Marcus
1659 477 1695 510 et
1729 473 1942 511 Commodus
1976 474 2154 521 Scapulae
2186 474 2346 511 Tertullo
2382 485 2439 510 re-

1347 519 1570 565 scripserunt
1591 519 1629 554 in
1650 518 1741 555 haec
1763 520 1890 555 verba:
1911 517 1963 555 ‘Si
1981 520 2046 556 tibi
2064 520 2196 566 liquido
2219 523 2440 565 compertum

1345 561 1416 600 ‘est
1439 564 1579 599 Aelium
1602 563 1765 600 Priscum
1787 565 1825 599 in
1849 575 1890 600 eo
1915 565 2037 600 furore
2068 576 2163 608 esse,
2197 569 2238 600 ut
2270 565 2442 601 continua

1345 606 1488 645 ‘mentis
1513 609 1726 645 alienatione
1749 610 1845 645 omni
1867 610 2049 645 intellectu
2069 614 2202 652 careat,
2227 621 2293 646 nec
2306 610 2334 631 ¹²
2354 610 2440 646 sub-

1345 651 1416 691 ‘est
1444 654 1519 690 ulla
1549 654 1705 699 suspicio
1737 658 1887 690 matrem
1911 655 1957 690 ab
1982 664 2023 691 eo
2048 655 2272 691 simulatione
2296 655 2439 690 demen-

1346 696 1432 736 ‘tiae
1451 700 1626 736 occisam:
1651 702 1754 745 potes
1767 700 1795 722 ¹³
1818 699 1863 735 de
1885 699 1990 735 modo
2013 710 2151 752 poenae
2175 700 2251 736 eius
2275 700 2438 736 dissimu-

1346 741 1446 788 ‘lare‚
1471 755 1553 780 cum
1577 744 1665 781 satis
1687 743 1811 781 furore
1834 745 1913 790 ipso
1936 748 2119 790 pumatur.
2156 749 2192 782 et
2214 748 2337 781 tamen
2361 745 2440 780 dili-

1347 787 1500 843 {gentius
1513 789 1768 870 gustodiendus
1781 790 1914 870 efftgc,
1939 790 1969 826 si
2014 790 2144 833 utabis‚
2170 790 2277 827 etiam
2296 790 2440 871 Vildmtsso

1361 846 1403 871 co
1488 846 1512 870 n
1665 845 1783 870 oniam
1886 846 1922 870 m
2425 854 2441 862 -

1347 845 1881 917 ‘telgxiiieeiiilss’eglslsecuritatem
1902 845 2374 960 frssxjssssssfflmp‘ssfflessst,
2399 846 2443 916 lsi

1347 921 1464 969 ‘ver0,
1499 929 1541 961 ut
1571 925 1779 971 plerumque
1813 925 1900 961 adso
1916 928 1969 968 et,
2003 925 2197 962 intervallis
2228 925 2443 972 quibusdam

1347 966 1470 1007 ‘sensu
1493 971 1646 1013 saniore,
1669 981 1743 1006 non
1765 969 1859 1006 forte
1883 980 1924 1006 eo
1949 974 2128 1007 momento
2153 971 2270 1007 scelus
2291 970 2442 1006 admise-

1349 1011 1410 1052 ‘rit
1432 1026 1498 1052 nec
1521 1016 1644 1052 morbo
1668 1016 1746 1051 eius
1769 1015 1890 1050 danda
1913 1019 1968 1052 est
1990 1015 2145 1060 venia¹⁵‚
2170 1016 2356 1062 diligenter
2380 1025 2441 1051 ex-

1348 1057 1520 1108 ‘plorabis
1537 1062 1565 1083 ¹⁶
1589 1064 1625 1096 et
1647 1060 1678 1096 si
1702 1060 1788 1107 quid
1810 1061 1883 1096 tale
1907 1061 2140 1106 compereris,
2174 1061 2340 1098 consules
2363 1071 2443 1103 nos,

1348 1102 1403 1159 :ut
1426 1107 1673 1149 aestimemus,
1709 1116 1757 1141 an
1788 1116 1853 1151 per
1883 1106 2142 1142 immanitatem
2173 1106 2367 1148 facinoris,
2400 1105 2443 1148 si,
2511 1084 2528 1130 ξ’

1363 1162 1445 1187 cum
1494 1154 1591 1188 osset
1612 1151 1725 1187 videri
1748 1151 1899 1194 sentire,
1926 1151 2152 1194 commiserit,
2176 1151 2352 1198 supplicio
2377 1150 2441 1186 ad·
2508 1148 2518 1173 ⁴³

1348 1163 1536 1250 {ficiengus
1567 1197 1626 1232 sit.
1675 1207 1756 1232 cum
1779 1199 1899 1232 autem
1923 1207 1968 1232 ex
1989 1197 2116 1233 litteris
2139 1197 2212 1233 tuis
2236 1196 2442 1242 cognoveri-

1361 1252 1441 1278 mus
1464 1242 1529 1278 tali
1553 1252 1633 1278 eum
1655 1241 1736 1277 loco
1762 1245 1870 1287 atque
1893 1242 2017 1278 ordine
2041 1252 2138 1284 esse,
2170 1245 2212 1278 ut
2243 1252 2266 1277 a
2289 1242 2364 1278 suis
2388 1240 2444 1277 vel

1348 1282 1471 1323 ‘etiam
1503 1288 1542 1327 in
1571 1287 1718 1333 propria
1748 1286 1832 1322 villa
1868 1287 2112 1323 custodiatur:
2147 1290 2246 1323 recte
2278 1286 2443 1322 facturus

1348 1327 1466 1368 ‘nobis
1488 1332 1631 1375 videris,
1656 1332 1686 1367 si
1710 1342 1783 1375 eoS,
1809 1342 1831 1367 a
1855 1332 1983 1378 quibus
2006 1332 2067 1368 illo
2091 1335 2253 1378 tempore
2275 1332 2443 1368 observa-

1348 1373 1422 1431 {tus
1456 1381 1567 1421 esset,
1602 1377 1785 1413 vocaveris
1818 1380 1854 1412 et
1885 1387 2032 1413 causam
2054 1380 2179 1413 tantae
2201 1377 2445 1423 neglegentiae

1364 1423 1564 1459 excusseris
1599 1426 1636 1458 et
1668 1423 1706 1457 in
1741 1433 2028 1475 unumquemque
2062 1433 2203 1466 eorum,
2238 1425 2347 1468 prout
2380 1422 2445 1457 tibi

1349 1463 1473 1504 ‘levari
1495 1469 1551 1504 vel
1575 1467 1718 1503 onerari
1741 1467 1849 1513 culpa
1873 1478 1949 1503 eius
1972 1467 2170 1510 videbitur,
2203 1467 2443 1503 constitueris.
2511 1495 2513 1497 .

1348 1508 1446 1548 ‘nam
1470 1513 1639 1549 custodes
1662 1512 1807 1548 furiosis
1831 1523 1904 1548 non
1927 1512 1975 1548 ad
1994 1512 2063 1548 hoc
2083 1513 2199 1549 solum
2218 1512 2444 1555 adhibentur,

1348 1554 1408 1594 ‘ne
1431 1558 1518 1604 quid
1548 1557 1785 1603 perniciosius
1815 1557 1885 1603 ipsi
1914 1558 1952 1592 in
1984 1568 2023 1594 se
2054 1558 2266 1600 moliantur,
2301 1557 2366 1593 sed
2399 1566 2446 1593 ne

1348 1599 1441 1639 ‘aliis
1464 1613 1607 1649 quoque
1631 1602 1738 1638 exitio
1770 1602 1861 1638 sint:

1348 1644 1535 1684 ‘immerito
1561 1648 1689 1701 culpae
1720 1657 1844 1684 eorum
1876 1657 1898 1683 a
1924 1648 2151 1684 scribendum
2182 1651 2258 1692 est,
2290 1647 2351 1694 qui
2382 1657 2444 1683 ne-

1349 1690 1597 1739 ‘glegentiores
1620 1704 1659 1728 ιιι
1682 1692 1801 1728 officio
1825 1703 1892 1729 suo
1916 1688 2072 1728 fuerint.’

1401 1738 1451 1777 15
1476 1738 1714 1774 MARCIANUS
1753 1738 1846 1774 libro
1873 1739 1999 1784 primo
2035 1738 2080 1774 de
2113 1738 2258 1774 iudiciis
2283 1737 2447 1784 publicis

1351 1783 1445 1820 Illud
1468 1783 1731 1820 observandum
1754 1786 1821 1826 est,
1845 1793 1891 1818 ne
1914 1783 1975 1829 qui
1997 1783 2218 1829 provinciam
2240 1783 2332 1828 regit
2355 1782 2445 1818 fines

1352 1829 1427 1865 eius
1453 1828 1604 1864 excedat
1625 1828 1695 1864 nisi
1716 1827 1791 1863 voti
1810 1828 1970 1864 solvendi
1989 1838 2111 1872 causa,
2136 1828 2221 1864 dum
2240 1831 2359 1863 tamen
2380 1827 2444 1863 ab·

1351 1878 1501 1910 noctare
1525 1874 1557 1909 ei
1579 1884 1653 1909 non
1676 1873 1794 1908 liceat.

1401 1917 1452 1958 16
1476 1918 1620 1955 Macen
1643 1919 1734 1955 libro
1751 1919 1876 1965 primo
1900 1918 1944 1955 de
1967 1917 2094 1964 officio
2115 1918 2298 1966 praesidis
2332 1917 2444 1954 Sena·

1351 1968 1411 2001 tus
1436 1964 1600 2001 consulto
1626 1967 1791 2007 cavetur,
1814 1967 1856 1999 ut
1879 1963 1924 1999 de
1947 1963 2021 2006 his,
2047 1973 2140 2009 quae
2161 1963 2364 2009 provincias
2387 1973 2444 1999 re-

1351 2013 1474 2055 gentes
1488 2010 1527 2052 ¹⁷,
1552 2009 1699 2045 comites
1729 2011 1794 2044 aut
1822 2009 1979 2044 libertini
2004 2019 2146 2052 eorum,
2183 2011 2377 2054 antequam
2407 2008 2445 2044 in

1351 2055 1570 2101 provinciam
1592 2054 1764 2097 venerint,
1790 2057 2056 2096 contraxerunt,
2081 2053 2289 2100 parcissime
2311 2054 2367 2089 ius
2391 2053 2444 2089 di-

1352 2104 1475 2144 catur,
1499 2100 1551 2136 ita
1573 2103 1615 2135 ut
1638 2099 1818 2142 actiones,
1844 2110 1936 2145 quae
1958 2099 2005 2135 ob
2029 2109 2108 2135 eam
2132 2109 2280 2135 causam
2302 2099 2444 2134 institu-

1350 2150 1411 2181 tae
1434 2156 1507 2181 non
1532 2150 1662 2188 essent,
1686 2149 1922 2190 posteaquam
1945 2145 2024 2197 quis
2050 2155 2173 2180 eorum
2196 2154 2239 2181 ea
2261 2144 2446 2190 provincia

1352 2191 1557 2233 excesserit,
1581 2191 1853 2226 restituerentur
1866 2191 1904 2226 ¹⁸.
1942 2200 1972 2226 si
1996 2189 2083 2235 quid
2105 2193 2227 2226 tamen
2249 2190 2358 2225 invito
2383 2199 2444 2225 ac-

1351 2235 1457 2279 cidit,
1492 2236 1603 2272 veluti
1626 2235 1657 2272 si
1678 2235 1846 2270 iniuriam
1876 2238 1940 2271 aut
1968 2234 2105 2270 furtum
2127 2245 2257 2280 passus
2282 2238 2355 2277 est,
2378 2234 2444 2269 ha·

1351 2284 1476 2317 ctenus
1500 2281 1533 2316 ei
1555 2281 1612 2316 ius
1637 2280 1828 2316 dicendum
1851 2283 1916 2322 est,
1942 2283 1983 2315 ιιι
2004 2279 2103 2315 litem
2127 2283 2349 2316 contestetur
2367 2289 2444 2315 res-

1350 2335 1420 2372 que
1443 2325 1566 2361 ablata
1596 2325 1806 2361 exhibeatur
1836 2328 1873 2360 et
1905 2324 2107 2370 deponatur
2139 2328 2203 2360 aut
2235 2324 2314 2360 sisti
2345 2324 2466 2360 exhi·>

1349 2370 1469 2409 berive
1492 2370 1666 2406 satisdato
1690 2369 1930 2416 promittatur.

1399 2413 1450 2453 17
1478 2415 1623 2452 Cusus
1643 2415 1735 2451 libro
1760 2415 1865 2450 tertio
1889 2415 2110 2461 diqestorum
2143 2413 2182 2450 Si
2192 2413 2287 2450 forte
2298 2424 2444 2460 praeses

1349 2460 1555 2506 provinciae
1565 2460 1811 2496 manumiserit
1822 2459 1878 2496 vel
1895 2463 2052 2495 tutorem
2073 2456 2221 2502 dederit,
2259 2460 2443 2505 riusquam

1351 2517 1393 2542 co
1443 2506 1557 2543 overit
1579 2515 1823 2542 successorem
1854 2505 2059 2548 advenisse,
2094 2508 2199 2540 erunt
2256 2515 2320 2541 aec
2349 2508 2441 2540 rata.

1426 2548 1451 2590 8
1475 2550 1732 2587 Monesrmvs
1741 2550 1832 2587 libro
1846 2551 1972 2596 quinto
1985 2549 2196 2597 reqularum
2238 2549 2339 2586 Plebi
2351 2550 2443 2586 scito

1351 2597 1574 2639 continetur,
1607 2600 1649 2632 ut
1671 2606 1718 2631 ne
1741 2595 1820 2641 quis
1843 2595 2047 2641 praesidum
2070 2605 2200 2631 munus
2224 2594 2358 2631 donum
2381 2604 2442 2630 ca-

1349 2645 1450 2687 peret
1472 2641 1542 2678 nisi
1566 2641 1787 2678 esculentum
1809 2641 2095 2687 potulentumve‚
2127 2639 2224 2686 quod
2246 2640 2342 2676 intra
2366 2639 2443 2675 dies

1349 2688 1534 2733 proximos
1558 2686 1783 2732 prodigatur.

1398 2730 1450 2771 19
1478 2731 1862 2769 Cazmsrfflwslibro
1868 2731 1990 2777 primo
2003 2729 2048 2766 de
2060 2730 2325 2776 monitionibus
2368 2729 2441 2766 Ob-

1350 2777 1562 2814 servandum
1586 2780 1641 2813 est
1662 2777 1718 2813 ius
1741 2775 1922 2818 reddenti,
1954 2779 1996 2810 ut
2025 2775 2063 2810 in
2098 2774 2262 2811 adeundo
2299 2774 2441 2821 quidem

1349 2822 1491 2859 facilem
1510 2833 1550 2859 se
1567 2822 1751 2869 praebeat,
1775 2821 1839 2857 sed
1860 2820 2038 2857 contemni
2057 2830 2129 2856 non
2152 2821 2321 2865 patiatur.
2346 2819 2443 2856 unde
2491 2862 2495 2864 ἡ

1349 2867 1528 2904 mandatis
1552 2867 1725 2910 adicitur,
1760 2876 1807 2902 ne
1828 2865 2011 2912 praesides
2059 2865 2301 2901 rovinciarum
2324 2864 2363 2901 in
2385 2865 2440 2901 ul-

1349 2914 1516 2949 teriorem
1537 2912 1817 2948 familiaritatem
1847 2910 2007 2956 provinci
2045 2921 2082 2946 es
2113 2910 2322 2946 admittant:
2356 2920 2440 2946 nam
2485 2943 2493 2956 ,⁴
2527 2891 2528 2913 ³

1350 2968 1395 2994 ex
1419 2958 1688 2995 conversatione
1710 2955 1851 3002 aequali
1875 2955 2092 3002 contemptio
2116 2955 2297 3001 dignitatis
2322 2955 2438 2991 nasci·

1353 3006 1367 3039 1
1416 3006 1486 3040 tur.
1534 3002 1605 3038 Sed
1627 3002 1723 3038 etin
1754 3012 1796 3038 co
1847 3000 2001 3037 escendo
2034 3010 2150 3046 neque
2181 2999 2442 3036 excandescere

1349 3047 1520 3084 adversus
1541 3057 1615 3090 eos,
1639 3057 1729 3093 quos
1748 3057 1807 3082 ma
1821 3057 1861 3082 os
1882 3050 1997 3092 putat,
2022 3056 2137 3091 neque
2155 3045 2323 3091 precibus
2343 3045 2438 3081 cala-

1349 3093 1559 3129 mitosorum
1580 3092 1799 3128 inlacrimari
1824 3095 1983 3137 oportet:
2007 3091 2045 3127 id
2069 3091 2162 3126 enim
2185 3101 2257 3126 non
2281 3093 2336 3126 est
2353 3100 2437 3126 con-

1350 3138 1480 3174 stantis
1505 3140 1541 3173 et
1563 3137 1654 3173 recti
1675 3137 1821 3179 iudicis,
1855 3137 1957 3172 cuius
1971 3136 2000 3159 ¹⁹
2022 3135 2130 3171 animi
2161 3139 2297 3171 motum
2319 3135 2440 3171 vultus

1350 3183 1491 3229 detegit.
1528 3186 1576 3218 et.
1587 3183 1790 3218 summatim
1812 3182 1864 3217 ita
1886 3182 1942 3218 ius
1962 3181 2063 3217 reddi
2082 3180 2196 3223 debet,
2221 3184 2263 3215 ut
2280 3180 2437 3216 auctori·
2485 3209 2487 3213 .

1348 3231 1460 3264 tatem
1483 3227 1663 3273 dignitatis
1686 3227 1826 3274 ingenio
1850 3237 1915 3263 suo
1940 3230 2079 3272 augeat.

1395 3270 1450 3312 20
1474 3272 1722 3309 Pammws
1749 3272 1840 3309 libro
1865 3272 1989 3319 primo
2019 3280 2276 3317 responsorum
2320 3269 2437 3316 Lega-

1349 3321 1409 3354 tus
1433 3317 1616 3361 Caesaris,
1639 3318 1678 3354 id
1700 3321 1755 3354 est
1776 3326 1920 3363 praeses
1943 3316 1998 3353 vel
2021 3319 2202 3351 corrector
2224 3315 2438 3361 provinciae,

1350 3362 1552 3399 abdicando
1576 3373 1616 3399 se
1638 3374 1711 3400 non
1735 3362 1866 3399 amittit
1887 3361 2072 3407 imperium
2082 3361 2123 3394 ²⁰.

1352 3477 1411 3518 (14)
1436 3476 1526 3518 quod
1546 3487 1614 3510 non
1625 3488 1687 3510 scr.
1780 3477 1839 3518 (15)
1863 3484 1924 3507 vsa
1940 3474 1995 3514 Ρ,
2015 3484 2100 3507 vena
2112 3473 2160 3508 Γ*
2252 3475 2311 3516 (ιο)
2337 3483 2436 3506 sensu

1351 3521 1483 3554 saniore
1494 3524 1554 3562 est,
1567 3531 1649 3554 num
1662 3520 1748 3554 forte
1762 3545 1770 3552 .
1780 3544 1788 3552 .
1798 3543 1806 3551 .
1820 3519 1996 3553 admiserit
2008 3529 2069 3552 nec
2082 3543 2089 3551 .
2101 3544 2108 3551 .
2122 3545 2129 3552 .
2145 3518 2255 3552 danda
2267 3519 2313 3552 sit
2326 3519 2434 3560 venia,
2481 3537 2488 3542 ‹

1350 3565 1533 3609 diligenter
1541 3565 1732 3610 explorabis
1741 3565 1823 3599 Hal.
1882 3565 1940 3606 (17)
1955 3564 2102 3606 regentis
2113 3576 2175 3598 scr.
2189 3565 2287 3608 idque
2285 3565 2435 3608 fortasse

1352 3611 1498 3656 leyerunt
1513 3611 1637 3646 Graeci
1703 3612 1762 3651 (18)
1786 3609 2062 3643 restituanturffl
2140 3611 2200 3651 (ιο)
2224 3609 2254 3642 si
2266 3609 2361 3642 ouius
2370 3620 2431 3643 scr.

1351 3658 1414 3697 (20)
1440 3657 1586 3689 amittim
1598 3655 1776 3699 imperium
1788 3655 1859 3695 Fae,
1873 3654 1985 3687 amitti
1997 3654 2078 3697 imp.
2090 3654 2162 3687 1⁴²¹·

1918 1602 1991 1638 uod
2021 1603 2053 1638 si
2083 1603 2347 1645 committatur,
2372 1613 2446 1639 non
2511 1645 2514 1647 Α
