2528 3918
85 113 275 146 PECULIO

85 223 178 260 neri:
212 233 296 258 nam
321 224 357 256 et
380 220 409 256 si
433 218 518 264 quid
543 218 634 254 servi
658 217 799 252 nomine
823 226 894 250 non
919 216 1174 251 condemnatus

85 268 323 315 praestitisset
345 263 522 306 creditori,
548 263 654 298 etiam
678 263 747 297 hoc
771 261 972 296 deduceret.

136 313 185 351 10
215 313 338 349 GAJUS
365 310 455 346 libro
487 319 582 343 nono
615 308 665 343 ad
688 308 842 342 edictum
879 305 1090 342 â€˜rovincz'ale
1136 305 1173 340 Si

86 370 168 395 vero
203 358 322 393 adhuc
344 356 381 390 in
404 364 578 398 suspenso
604 357 658 388 est
680 353 780 397 prius
804 318 974 387 iudicium
998 351 1042 386 de
1064 361 1173 396 pecu-

85 405 132 440 lio
169 407 206 439 et
235 413 279 437 ex
312 399 510 446 posteriore
544 398 676 433 iudicio
713 408 769 432 res
801 397 1039 439 iudicaretur,
1075 396 1172 431 nullo

86 449 190 485 modo
223 447 328 482 debet
358 445 486 490 prioris
509 443 631 479 iudicii
654 443 746 478 ratio
770 443 895 477 haberi
918 443 955 477 in
978 442 1174 487 posteriore

86 491 399 533 condemnatione,
427 489 511 534 quia
533 489 571 523 in
595 489 735 524 actione
760 487 803 523 de
826 488 965 532 peculio
992 497 1171 532 occupan-

85 540 130 575 tis
154 538 276 573 melior
299 539 355 570 est
378 534 560 576 condicio,
595 543 773 578 occupare
797 537 916 568 autem
939 532 1078 567 videtur
1101 542 1172 567 non

87 584 146 630 qui
169 583 265 629 prior
288 581 386 615 litem
411 583 631 614 contestatus
657 583 721 621 est,
747 578 810 614 sed
830 578 890 623 qui
908 578 1007 624 prior
1027 578 1075 613 ad
1092 587 1172 613 sen-

85 629 232 665 tentiam
256 626 382 661 iudicis
408 625 578 670 pervenit.

133 673 180 712 11
216 672 411 708 ULPJANUS
431 670 526 705 libro
548 670 739 705 vicensimo
763 680 859 704 nono
879 668 930 704 ad
945 668 1099 704 edictum
1136 667 1174 703 Si

86 719 204 757 noxali
226 717 357 753 iudicio
383 719 578 751 conventus
603 714 766 750 dominus
789 714 861 749 litis
891 714 1173 749 aestimationem

85 764 264 805 obtulerit,
289 762 333 797 de
356 760 495 807 peculio
521 760 765 795 deducendum
789 763 862 794 est:
889 759 985 804 quod
1009 759 1039 794 si
1056 769 1173 794 noxae

90 816 102 846 1
153 808 308 850 dederit,
344 807 432 842 nihil
463 809 518 841 est
549 805 808 840 deducendum.
858 804 928 839 Sed
960 809 995 839 et
1026 804 1057 839 si
1089 804 1173 849 quid

85 855 246 892 dominus
270 853 470 888 soluturum
494 862 533 886 se
564 851 655 886 servi
687 850 829 885 nomine
858 850 1079 895 repromisit,
1111 849 1172 884 de-

86 901 166 937 duci
189 898 376 944 oportebit,
402 896 697 942 quemadmodum
721 896 751 930 si
775 895 859 940 quid
884 895 1024 930 domino
1050 905 1173 930 servus

84 957 148 992 pro
174 945 333 980 debitore
358 942 624 988 expromiserat.
665 941 760 976 idem
784 944 839 975 est
863 945 898 976 et
922 940 952 975 si
975 951 1040 985 pro
1065 940 1171 975 liber-

84 996 159 1027 tate
206 990 267 1025 uid
298 989 439 1024 domino
470 987 692 1032 expromisit,
726 986 828 1031 quasi
860 986 1000 1021 debitor
1030 985 1170 1021 domino

85 1037 131 1073 sit
155 1047 173 1071 e
202 1039 313 1076 ectus,
338 1034 400 1070 sed
423 1033 475 1068 ita
497 1033 647 1074 demum,
672 1033 703 1067 si
725 1031 941 1067 manumisso
968 1042 1008 1066 eo
1034 1035 1170 1075 agatur.

86 1086 105 1118 2
153 1081 224 1117 Sed
247 1080 277 1116 si
308 1090 331 1114 a
363 1079 522 1114 debitore
553 1077 728 1113 dominico
763 1087 883 1112 servus
917 1077 1091 1122 exegerit,
1125 1087 1171 1111 an

85 1127 215 1163 domini
239 1126 434 1161 debitorem
466 1134 504 1159 se
534 1123 677 1165 fecerit,
710 1123 911 1167 quaeritur:
945 1127 980 1157 et
1011 1123 1172 1157 Iulianus

84 1174 174 1208 libro
208 1171 417 1206 duodecimo
443 1169 659 1214 digestorum
682 1179 754 1203 non
779 1168 882 1203 aliter
906 1167 1087 1203 dominum
1111 1168 1171 1202 de-

86 1219 275 1254 ducturum
308 1216 376 1257 ait,
413 1225 518 1260 quam
544 1214 573 1249 si
596 1219 714 1248 ratum
738 1214 923 1248 habuisset
947 1213 1042 1258 quod
1067 1223 1171 1248 exac-

84 1268 160 1299 tum
184 1267 255 1298 est:
281 1261 405 1296 eadem
428 1265 464 1296 et
486 1260 523 1295 in
546 1259 619 1295 filio
640 1259 793 1294 familias
815 1259 965 1293 dicenda
986 1263 1099 1294 erunt.
1138 1262 1173 1293 01

85 1313 170 1354 puto
195 1318 314 1343 veram
337 1305 466 1341 Iuliani
490 1305 717 1340 sententiam:
744 1304 920 1339 naturalia
941 1304 1033 1339 enim
1055 1303 1173 1339 debita

86 1359 288 1399 spectamus
311 1353 348 1387 in
379 1351 511 1396 peculii
542 1350 773 1385 deductione:
807 1353 861 1385 est
893 1354 1011 1384 autem
1042 1353 1173 1384 natura

86 1410 238 1444 aequum
259 1398 402 1432 liberari
421 1397 533 1431 filium
551 1396 606 1431 vel
626 1405 766 1431 servum
787 1395 1002 1440 obligatione
1023 1405 1064 1430 eo
1079 1395 1174 1439 quod

87 1448 105 1481 3
152 1444 348 1479 indebitum
360 1442 499 1477 videtur
512 1441 681 1486 exegisse.
715 1441 784 1475 Est
804 1444 923 1475 autem
943 1440 1172 1485 quaestionis,

89 1500 132 1527 an
161 1490 215 1532 id,
249 1488 344 1534 quod
376 1488 537 1523 dominus
561 1486 667 1522 semel
692 1486 838 1521 deduxit
863 1497 943 1520 cum
969 1486 1172 1521 convenire-

92 1539 162 1578 tur,
194 1545 317 1569 rursus
350 1533 381 1569 si
413 1532 660 1574 conveniatur,
694 1532 738 1566 de
768 1532 908 1576 peculio
934 1531 1087 1567 eximere
1113 1531 1172 1567 de-

90 1580 187 1623 beat,
214 1591 260 1615 an
283 1590 366 1614 vero
391 1578 499 1614 veluti
523 1578 678 1613 solutum
703 1577 734 1612 ei
757 1577 920 1612 videatur
944 1578 1051 1612 semel
1075 1577 1174 1612 facta

86 1626 310 1662 deductione.
348 1628 384 1660 et
406 1623 575 1659 Neratius
600 1626 634 1658 et
651 1622 770 1658 Nerva
793 1626 934 1667 putant,
959 1623 1045 1657 item
1064 1623 1172 1657 Iulia-

85 1682 152 1707 nus
176 1671 267 1706 libro
292 1670 500 1705 duodecimo
526 1669 667 1710 scribit,
701 1668 732 1703 si
761 1668 902 1713 quidem
935 1668 1082 1703 abstulit
1105 1669 1174 1703 1100

87 1717 130 1753 (10
153 1716 312 1762 peculio,
345 1726 417 1750 non
442 1714 571 1750 debere
596 1713 741 1756 deduci,
774 1714 804 1749 si
828 1724 910 1749 vero
936 1713 1085 1748 eandem
1135 1724 1172 1748 o-

86 1766 107 1797 4
154 1762 316 1797 sitionem
328 1760 459 1805 peculii
470 1759 623 1804 reliquit,
645 1759 772 1794 debere
786 1770 866 1794 eum
879 1759 1064 1794 deducere.
1138 1769 1172 1794 e-

86 1808 192 1852 nique
216 1807 349 1848 scribit,
376 1806 405 1841 si
429 1815 551 1841 servus
575 1804 746 1839 vicarium
770 1804 926 1849 quinque
943 1804 1118 1839 valentem
1137 1804 1174 1839 in

86 1853 264 1899 peculium
298 1851 425 1886 habuit
460 1854 495 1886 et
531 1850 671 1885 domino
709 1850 863 1895 quinque
899 1850 1063 1891 deberet,
1107 1861 1172 1894 pro

87 1899 214 1944 quibus
227 1898 397 1933 vicarium
417 1896 578 1931 dominus
601 1895 815 1937 deduxisset,
836 1899 871 1930 et
890 1899 1029 1930 mortuo
1049 1899 1175 1941 postea

86 1944 217 1980 vicario
254 1943 362 1978 alium
398 1942 554 1977 eiusdem
589 1941 693 1986 pretii
738 1951 860 1976 servus
904 1941 1173 1987 comparaverit,

87 2000 159 2024 non
183 1989 345 2023 desinere
370 1987 502 2022 domini
532 1997 611 2022 esse
642 1986 855 2029 debitorem,
889 1987 991 2031 quasi
1020 1987 1173 2022 vicarius

88 2035 145 2070 ille
177 2034 319 2069 domino
351 2032 560 2068 decesserit:
598 2032 666 2067 nisi
697 2033 809 2074 forte,
848 2043 928 2067 cum
961 2043 1041 2067 eum
1073 2042 1172 2067 servo

88 2084 107 2115 5
155 2079 346 2115 ademisset
370 2082 405 2113 et
429 2078 496 2113 sibi
520 2077 693 2119 solvisset,
718 2081 805 2112 tunc
829 2077 1032 2112 decesserit.
1076 2077 1174 2113 Idem

87 2129 184 2161 recte
208 2125 276 2167 ait,
308 2125 359 2167 si,
392 2134 473 2159 cum
496 2123 650 2158 vicarius
675 2123 808 2158 valeret
839 2122 977 2165 decem,
1011 2123 1174 2158 dominus

89 2174 283 2206 conventus
307 2169 352 2204 de
375 2169 516 2215 peculio
542 2168 696 2213 quinque
719 2178 784 2212 pro
806 2178 905 2203 servo
925 2168 1174 2213 praestitisset,

88 2216 255 2261 quoniam
279 2215 435 2260 quinque
458 2214 527 2259 ipsi
551 2213 791 2256 debebantur,
822 2224 905 2249 mox
935 2214 1089 2248 vicarius
1115 2214 1173 2249 de-

89 2262 273 2303 cessisset,
307 2260 476 2295 adversus
502 2259 610 2294 alium
634 2263 795 2303 agentem
820 2259 864 2294 de
887 2259 1027 2304 peculio
1053 2259 1175 2294 decem

89 2307 269 2342 dominum
294 2305 547 2347 deducturum,
574 2305 657 2349 quia
681 2308 715 2339 et
738 2304 776 2339 in
801 2315 862 2347 eo,
895 2304 992 2349 quod
1014 2305 1085 2339 iam
1109 2315 1174 2349 pro

89 2363 130 2388 00
163 2352 284 2394 solvit,
318 2351 513 2386 debitorem
545 2361 683 2385 servum
716 2350 783 2384 sibi
805 2349 942 2385 fecerit.
979 2350 1070 2395 quae
1095 2360 1174 2385 sen-

89 2398 200 2433 tentia
223 2407 307 2432 vera
331 2401 403 2438 est,
428 2396 496 2431 nisi
519 2406 620 2431 servo
653 2395 785 2430 ademit
814 2396 1003 2437 vicarium,
1036 2399 1077 2430 ut
1109 2396 1177 2430 sibi

90 2447 109 2479 6
157 2443 317 2478 solveret.
368 2441 469 2486 Quod
501 2444 620 2476 autem
651 2440 779 2476 deduci
811 2440 940 2476 debere
964 2441 1116 2476 diximus
1140 2441 1178 2476 id

89 2489 184 2534 quod
198 2488 344 2523 debetur
356 2487 388 2522 ei
400 2488 460 2532 qui
472 2486 515 2521 de
528 2486 667 2531 peculio
689 2486 906 2529 convenitur,
927 2486 979 2521 ita
998 2487 1075 2522 acci
1102 2487 1175 2521 ien-

90 2537 107 2568 7
157 2534 241 2568 dum
261 2538 325 2575 est,
347 2532 456 2568 sinon
469 2532 538 2567 hoc
551 2531 693 2567 aliunde
712 2532 881 2576 consequi
901 2531 1029 2576 potuit.
1103 2533 1175 2567 eni-

89 2590 156 2624 que
179 2579 337 2613 Iulianus
363 2577 486 2613 scribit
508 2577 737 2619 venditorem,
763 2577 822 2621 qui
846 2587 986 2612 servum
1010 2588 1091 2612 cum
1114 2588 1176 2622 pe-

90 2624 181 2659 culio
206 2623 373 2665 vendidit,
400 2623 430 2658 si
454 2622 496 2658 de
520 2623 660 2667 peculio
686 2623 929 2664 conveniatur,
954 2633 1026 2657 non
1049 2622 1177 2658 debere

90 2670 263 2705 deducere
287 2668 383 2714 quod
408 2668 476 2703 sibi
500 2667 667 2703 debetur:
700 2667 817 2712 potuit
842 2668 934 2702 enim
957 2668 1026 2703 hoc
1051 2678 1094 2703 ex
1118 2679 1175 2703 ra-

89 2716 185 2751 tione
216 2714 347 2760 peculii
379 2713 566 2749 detrahere
597 2717 633 2748 et
664 2724 760 2748 nunc
785 2713 972 2748 condicere
997 2714 1099 2758 quasi
1122 2713 1174 2748 in-

90 2761 247 2795 debitum
280 2760 460 2805 (quoniam
491 2769 563 2794 non
596 2762 650 2793 est
680 2758 717 2792 in
748 2758 888 2803 peculio
915 2758 1010 2803 quod
1034 2758 1175 2794 domino

91 2806 262 2847 debetur).
311 2806 472 2850 potestÂ¹â€š
503 2804 638 2848 inquit,
672 2804 778 2838 etiam
810 2805 854 2838 ex
885 2804 1027 2839 vendito
1061 2815 1174 2849 agere.

90 2851 185 2896 quod
207 2851 259 2886 ita
283 2850 349 2885 erit
371 2849 615 2894 probandum,
648 2849 678 2884 si
707 2853 847 2884 tantum
877 2849 947 2883 fuit
976 2849 1014 2884 in
1037 2850 1175 2894 peculio

91 2908 171 2932 cum
194 2895 381 2938 venderet,
410 2898 451 2930 ut
474 2894 681 2930 satisfacere
706 2894 823 2929 debito
850 2894 1011 2929 dominus
1043 2895 1174 2939 possit:

91 2946 246 2977 ceterum
277 2941 308 2976 si
335 2944 462 2985 postea
509 2940 571 2975 uid
595 2940 748 2975 accessit
772 2939 1041 2974 condicionibus
1068 2940 1176 2975 debiti

92 2987 341 3028 existentibus,
367 2985 461 3030 quod
510 2985 648 3020 ominus
673 2996 744 3020 non
769 2985 1024 3027 distraxerat2â€š
1050 2990 1177 3021 contra

91 3035 111 3068 8
158 3033 224 3067 erit
242 3031 439 3067 dicendum.
488 3030 587 3066 Idem
599 3031 731 3072 scribit,
754 3031 784 3065 si
804 3031 882 3075 quis
903 3041 1052 3073 servum,
1075 3031 1176 3066 cuius

91 3078 230 3113 nomine
255 3077 298 3112 de
330 3076 470 3121 peculio
502 3076 659 3111 habebat
691 3076 886 3118 actionem,
921 3080 1175 3120 comparasset,

91 3133 137 3157 an
160 3123 274 3168 possit
297 3122 472 3157 deducere
496 3121 590 3166 quod
614 3121 680 3156 sibi
713 3121 881 3163 debetur,
914 3121 1081 3166 quoniam
1114 3122 1175 3156 ad-

91 3178 212 3203 versus
236 3167 452 3203 venditorem
475 3167 633 3201 habeatÂ³
658 3167 834 3201 actionem
866 3166 910 3201 de
941 3167 1105 3211 peculio?
1142 3171 1177 3201 et

91 3217 187 3248 recte
212 3213 262 3247 ait
285 3223 408 3257 posse:
442 3222 525 3246 nam
557 3216 593 3247 et
624 3212 735 3256 quivis
768 3211 857 3247 alius
887 3215 1006 3256 potest
1038 3212 1175 3256 eligere,

93 3262 208 3293 utrum
233 3269 313 3293 cum
338 3261 496 3302 emptore
520 3268 566 3292 an
591 3268 672 3292 cum
695 3257 878 3292 venditore
910 3260 1046 3301 ageret:
1080 3258 1176 3291 hunc

92 3304 196 3347 igitur
231 3303 357 3348 eligere
391 3313 454 3347 pro
492 3303 632 3337 actione
668 3302 925 3337 deductionem.
974 3313 1039 3337 nec
1074 3302 1174 3337 video

94 3349 177 3392 quid
199 3349 356 3383 habeant
380 3347 571 3383 creditores
593 3347 687 3392 quod
707 3351 913 3392 querantur,
940 3358 1019 3382 cum
1039 3348 1177 3392 possint

92 3393 159 3437 ipsi
182 3393 398 3428 venditorem
424 3393 627 3434 convenire,
663 3393 694 3427 si
718 3392 803 3437 quid
825 3392 920 3427 forte
944 3396 1074 3437 putant
1099 3403 1176 3427 esse

94 3440 113 3472 9
159 3438 196 3472 in
226 3436 377 3482 peculio.
425 3438 507 3472 Non
540 3438 654 3473 solum
686 3441 805 3472 autem
836 3437 932 3481 quod
965 3438 996 3472 ei
1029 3437 1177 3473 debetur

94 3483 152 3527 qui
178 3483 386 3518 convenitur
410 3483 656 3518 deducendum
682 3486 745 3525 est,
770 3493 892 3517 verum
917 3483 1023 3517 etiam
1042 3483 1073 3517 si
1093 3482 1176 3534 quid

94 3528 190 3562 socio
216 3528 289 3563 eius
315 3528 481 3570 debetur,
516 3532 551 3563 et
580 3529 630 3562 ita
653 3527 812 3562 Iulianus
844 3527 934 3563 libro
968 3527 1175 3562 duodecimo

96 3572 309 3616 digestorum
329 3573 467 3607 scribit:
492 3583 575 3608 nam
596 3583 667 3618 qua
686 3573 825 3608 ratione
843 3573 881 3607 in
902 3572 1052 3608 solidum
1071 3572 1175 3607 alter-

97 3685 136 3724 (1)
161 3683 312 3723 debetur)
326 3689 454 3726 potest:
468 3688 579 3726 potest
587 3698 648 3718 scr.

100 3728 143 3762 (3)
170 3729 270 3761 habet
281 3730 316 3761 F
320 3729 334 3748 Â²
445 3730 488 3771 (4)
515 3730 709 3763 alterumter
722 3734 756 3764 F

834 3687 877 3724 (2)
903 3686 1092 3717 detraxerat
1105 3685 1177 3718 edd.

857 3733 899 3770 (5)
923 3732 971 3763 sic
984 3730 1036 3762 Î™1á¼¹2
1050 3742 1117 3762 cum
1133 3730 1177 3769 B,

1171 89 1247 136 197

2199 93 2329 135 XVl

1244 216 1349 249 uterâ´
1374 214 1600 256 convenitur,
1626 215 1705 258 pari
1728 215 1867 250 ratione
1892 215 2067 251 deducere
2092 226 2171 251 eum
2196 219 2337 260 oportet

1245 259 1342 304 quod
1366 260 1469 294 alteri
1493 259 1661 294 debetur:
1688 270 1778 303 quae
1803 261 1978 296 sententia
2001 265 2147 306 recepta
2171 265 2243 296 est:

1292 303 1342 341 12
1367 304 1560 339 IULIANUS
1569 304 1659 339 libro
1673 305 1881 341 duodecimo
1894 306 2115 352 dz'qestorum
2163 307 2248 352 quia
2266 307 2335 341 hoc

1244 361 1331 385 casu
1355 350 1461 429 ettiam
1486 360 1567 384 cum
1593 360 1632 385 eo
1658 350 1715 394 agi
1739 354 1868 394 potest,
1893 362 2001 396 penes
2027 363 2131 397 quem
2157 352 2336 397 peculium

1243 406 1314 431 non
1339 405 1376 430 es
1397 423 1404 430 .

1292 438 1341 478 13
1382 440 1578 476 ULPJANUS
1616 440 1706 475 libro
1743 441 1932 475 vicensimo
1966 453 2061 477 nono
2097 443 2148 477 ad
2181 443 2335 479 edictum

1243 486 1315 521 Sed
1338 486 1374 520 in
1400 490 1559 531 emptore
1584 489 1620 520 et
1642 485 1826 520 venditore
1857 497 1940 520 vera
1970 498 2043 522 non
2076 492 2147 530 est,
2179 489 2265 523 item
2297 489 2334 523 in

1241 531 1441 566 fructuario
1475 535 1510 566 et
1541 530 1776 575 proprietario
1810 534 1845 565 et
1879 533 2005 566 ceteris
2039 533 2121 577 (1015
2148 544 2219 569 non
2252 538 2336 569 sunt

1243 577 1350 618 socii,
1385 581 1420 611 et
1443 577 1480 610 in
1506 576 1648 612 domino
1675 582 1711 610 et
1734 576 1851 610 bonae
1875 575 1958 610 fidei
1983 583 2160 622 emptore:
2193 590 2275 614 nam
2302 584 2336 614 et

1242 622 1402 657 Iulianus
1434 622 1523 657 libro
1551 621 1760 656 duodecimo
1786 621 1910 655 scribit
1934 626 2099 657 neutrum
2123 624 2250 659 horum
2274 625 2334 660 de-

1244 667 1374 702 ducere
1397 667 1435 702 id
1459 667 1555 713 quod
1579 667 1684 702 alteri
1708 666 1868 701 debetur.

1292 711 1343 749 14
1378 711 1574 748 IULIANUS
1605 712 1697 748 libro
1732 711 1942 747 duodecimo
1978 712 2200 757 diqestorum
2246 715 2335 750 Item

1243 768 1324 792 cum
1348 761 1562 793 testamento
1586 758 1768 802 praesenti
1788 757 1844 792 die
1865 767 1988 791 servus
2008 758 2098 792 liber
2119 769 2194 794 esse
2215 760 2333 795 iussus

1243 807 1307 846 est,
1335 814 1416 838 cum
1441 804 1605 838 omnibus
1629 802 1820 838 heredibus
1846 802 1890 837 de
1913 803 2053 847 peculio
2079 805 2255 848 agendum
2280 810 2334 841 est

1241 859 1308 883 nec
1344 849 1532 893 quisquam
1567 859 1690 884 eorum
1725 848 1877 892 amplius
1914 847 2065 883 deducet
2101 860 2206 893 quam
2239 851 2335 895 quod

1245 897 1259 928 1
1308 894 1377 939 ipsi
1398 894 1581 929 debeatur.
1630 894 1719 929 Item
1740 905 1821 928 cum
1842 903 1963 928 servus
1982 894 2059 929 vivo
2081 894 2220 930 domino
2241 907 2334 931 mor-

1241 942 1324 974 tuus
1350 944 1415 982 est,
1441 939 1568 975 deinde
1593 939 1756 974 dominus
1777 939 1872 973 intra
1892 949 2025 973 annum
2046 939 2165 984 plures
2187 941 2334 977 heredes

1240 985 1398 1065 Reliquit,
1433 989 1468 1020 et
1498 985 1542 1020 de
1565 985 1706 1030 peculio
1732 985 1825 1019 actio
1852 987 1886 1019 et
1911 984 2134 1020 deductionis
2159 985 2214 1020 ius
2240 987 2333 1021 scin-

1265 1042 1277 1065 1
1295 1041 1347 1065 01.

1291 1074 1340 1112 15
1381 1075 1577 1111 ULPIANUS
1617 1075 1707 1111 libro
1739 1076 1931 1110 vicensimo
1966 1086 2062 1111 nono
2099 1076 2149 1111 ad
2182 1076 2336 1112 edictum

1242 1121 1312 1156 Sed
1337 1121 1367 1156 si
1392 1121 1461 1156 duo
1484 1121 1555 1156 sint
1575 1121 1691 1156 bonae
1709 1120 1793 1155 fidei
1811 1131 2049 1165 possessores,
2074 1121 2193 1156 adhuc
2215 1121 2336 1157 dicen-

1242 1167 1326 1201 dum
1358 1167 1424 1201 erit
1455 1171 1620 1201 neutrum
1650 1167 1730 1211 plus
1757 1166 1993 1201 deducturum
2018 1177 2124 1211 quam
2149 1167 2246 1211 quod
2270 1168 2338 1202 sibi

1243 1212 1402 1247 debetur.
1437 1212 1599 1256 idemque
1624 1216 1659 1246 et
1682 1212 1712 1246 si
1737 1211 1807 1247 duo
1828 1216 1912 1246 sunt
1930 1211 2130 1254 fructuarii,
2155 1212 2239 1257 quia
2259 1213 2336 1247 nul-

1241 1258 1312 1292 lam
1343 1257 1435 1292 inter
1460 1268 1499 1292 se
1522 1258 1657 1292 habent
1680 1257 1898 1292 societatem.
1935 1257 2029 1292 idem
2060 1257 2197 1292 dicetur
2228 1258 2337 1292 inter-

1244 1303 1328 1338 dum
1363 1307 1398 1338 et
1421 1303 1460 1337 in
1484 1303 1610 1344 sociis,
1644 1303 1674 1337 si
1698 1303 1793 1338 forte
1818 1307 1987 1347 separata
2011 1303 2109 1347 apud
2133 1313 2171 1338 se
2195 1304 2337 1347 peculia

1242 1349 1419 1391 habeant,
1452 1352 1493 1383 ut
1524 1348 1615 1383 alter
1648 1348 1793 1383 alterius
1827 1348 1958 1392 peculii
1989 1348 2130 1383 nomine
2155 1359 2228 1383 non
2253 1360 2337 1384 con-

1242 1394 1421 1429 veniatur:
1460 1397 1618 1428 ceterum
1650 1394 1680 1428 si
1713 1403 1900 1429 commune
1932 1393 1978 1428 sit
2001 1394 2199 1438 peculium,
2235 1398 2270 1429 et
2301 1394 2337 1428 in

1242 1439 1396 1520 {olidum
1430 1439 1685 1474 convenientur
1709 1443 1745 1474 et
1769 1439 1965 1474 deducetur
1989 1439 2086 1484 quod
2110 1440 2252 1485 utrique
2277 1440 2336 1475 de-

1269 1489 1358 1520 etur.

1293 1529 1343 1568 16
1376 1530 1571 1566 IULIANUS
1603 1531 1694 1566 libro
1732 1530 1942 1566 duodecimo
1980 1530 2200 1575 diqestorum
2250 1530 2336 1575 Quis

1243 1586 1324 1621 ergo
1351 1587 1455 1611 casus
1481 1581 1553 1618 est,
1579 1587 1649 1621 quo
1674 1576 1852 1621 peculium
1877 1576 1969 1610 servi
1994 1576 2189 1611 communis
2214 1576 2261 1610 ad
2285 1577 2336 1611 al-

1242 1626 1358 1657 terum
1382 1632 1427 1656 ex
1452 1622 1602 1657 dominis
1627 1621 1741 1656 solum
1766 1621 1969 1665 pertineat?
2004 1621 2041 1655 in
2061 1621 2183 1666 primis
2206 1621 2236 1656 si
2257 1621 2336 1666 quis

1243 1667 1334 1703 servi
1365 1671 1505 1712 partem
1541 1667 1723 1702 dimidiam
1758 1666 1955 1701 vendiderit
1990 1677 2056 1701 nec
2091 1667 2270 1711 peculium
2307 1667 2338 1702 ei

1244 1713 1478 1748 concesserit:
1505 1712 1633 1747 deinde
1658 1712 1688 1747 si
1713 1712 1791 1756 quis
1817 1723 1916 1747 servo
1944 1712 2123 1747 communi
2147 1713 2336 1756 pecuniam

1242 1759 1296 1794 vel
1331 1769 1388 1794 res
1420 1758 1558 1803 aliquas
1592 1768 1634 1792 ea
1665 1762 1783 1792 mente
1815 1757 1970 1799 dederit,
2006 1761 2048 1791 ut
2082 1757 2338 1802 proprietatem

1244 1814 1366 1839 earum
1390 1804 1577 1846 retineret,
1612 1803 1956 1838 administrationem
1981 1806 2100 1837 autem
2126 1813 2226 1838 servo
2252 1814 2337 1838 con-

1244 1849 1395 1885 cederet.
1445 1848 1686 1884 MARCELLUS
1706 1852 1826 1883 notat:
1858 1852 1911 1883 est
1943 1848 2050 1883 etiam
2073 1848 2133 1882 ille
2158 1859 2282 1891 casus,
2309 1848 2338 1884 si

1244 1895 1335 1930 alter
1367 1894 1553 1929 ademerit:
1586 1894 1641 1929 vel
1676 1894 1706 1929 si
1742 1894 1838 1929 omni
1875 1893 2017 1937 quidem
2049 1893 2154 1928 modo
2189 1904 2337 1929 conces-

1243 1940 1330 1976 serit
1355 1940 1530 1982 dominus,
1557 1939 1621 1975 sed
1644 1939 1681 1974 in
1705 1939 1907 1974 nominibus
1934 1938 2000 1974 erit
2026 1939 2222 1975 concessio.

1293 1983 1342 2022 17
1377 1985 1572 2021 ULPJANUS
1593 1985 1683 2020 libro
1708 1985 1900 2020 vicensimo
1925 1995 2020 2019 nono
2041 1985 2091 2019 Î±Î¹á½·
2109 1984 2264 2020 edictum
2301 1985 2338 2019 Si

1243 2041 1365 2066 servus
1390 2041 1489 2066 meus
1514 2030 1714 2066 ordinarius
1739 2029 1891 2065 vicarios
1916 2030 2066 2071 habeat,
2098 2029 2136 2064 id
2168 2030 2263 2075 quod
2287 2031 2337 2064 vi-

1245 2077 1331 2112 carii
1355 2076 1441 2111 mihi
1465 2076 1596 2111 debent
1621 2086 1667 2110 an
1693 2075 1867 2110 deducam
1892 2085 1935 2110 ex
1960 2075 2100 2119 peculio
2126 2076 2217 2110 servi
2242 2076 2336 2110 ordi-

1244 2123 1362 2158 narii?
1399 2126 1433 2157 et
1457 2122 1571 2166 prima
1595 2122 1656 2155 illa
1681 2121 1842 2165 quaestio
1869 2124 1933 2163 est,
1960 2131 2006 2155 an
2029 2120 2120 2155 haec
2140 2121 2281 2165 peculia
2301 2121 2337 2155 in

1243 2168 1384 2213 peculio
1418 2167 1509 2202 servi
1541 2166 1710 2202 ordinarii
1743 2169 2006 2218 computentur.
2044 2169 2079 2201 et
2102 2166 2277 2201 Proculus
2304 2170 2338 2201 et

1244 2213 1434 2248 Atilicinus
1459 2213 1680 2254 existimant,
1707 2212 1801 2246 sicut
1823 2211 1892 2256 ipsi
1916 2211 2038 2245 vicarii
2062 2215 2145 2246 sunt
2167 2212 2204 2246 in
2228 2223 2336 2256 pecu-

1244 2259 1302 2301 lio,
1327 2259 1379 2293 ita
1399 2258 1506 2293 etiam
1525 2258 1668 2302 peculia
1688 2267 1829 2292 eorum:
1857 2260 1891 2291 et
1910 2257 1944 2291 id
1964 2257 2115 2301 quidem,
2139 2257 2235 2301 quod
2254 2257 2338 2291 mihi

1245 2304 1410 2339 dominus
1435 2315 1567 2345 eorum,
1592 2303 1628 2338 id
1653 2307 1707 2338 est
1725 2302 1926 2338 ordinarius
1948 2313 2069 2336 servus
2090 2302 2205 2344 debet,
2231 2303 2337 2337 etiam

1246 2360 1289 2385 ex
1313 2349 1452 2394 peculio
1479 2359 1601 2384 eorum
1626 2348 1850 2383 detrahetur:
1884 2347 1920 2381 id
1951 2358 2034 2382 vero
2068 2347 2163 2391 quod
2195 2348 2263 2392 ipsi
2285 2348 2336 2382 vi-

1246 2395 1335 2431 carii
1359 2395 1507 2437 debent,
1540 2394 1727 2428 dumtaxat
1759 2404 1802 2428 ex
1833 2393 1990 2437 ipsorum
2014 2393 2172 2437 peculio:
2207 2392 2269 2427 sed
2303 2397 2338 2427 et

1245 2441 1276 2476 si
1301 2440 1386 2485 quid
1410 2451 1482 2474 non
1506 2439 1610 2482 mihi,
1636 2439 1699 2474 sed
1723 2438 1901 2474 ordinario
1927 2448 2028 2473 servo
2055 2437 2199 2480 debent,
2225 2438 2334 2473 dedu-

1247 2490 1348 2521 cetur
1372 2485 1414 2520 de
1439 2485 1579 2530 peculio
1606 2495 1727 2520 eorum
1776 2484 1854 2518 uasi
1889 2493 2057 2518 conservo
2091 2483 2265 2518 debitum:
2300 2483 2337 2518 id

1245 2542 1340 2573 vero,
1366 2531 1462 2576 quod
1479 2531 1566 2575 ipsis
1586 2530 1690 2565 debet
1710 2541 1750 2565 or
1777 2529 1910 2563 inarius
1932 2538 2065 2570 801Î½Î¿8,
2090 2539 2163 2563 11011
2184 2528 2335 2563 (10(1000-

1245 2581 1304 2612 tur
1328 2576 1372 2611 de
1396 2576 1536 2621 peculio
1562 2575 1731 2610 ordinarii
1755 2574 1864 2616 servi,
1898 2573 1981 2618 quia
2011 2573 2190 2618 peculium
2215 2584 2336 2609 eorum

1245 2623 1282 2657 in
1306 2622 1445 2666 peculio
1470 2621 1581 2667 ipsius
1607 2624 1662 2655 est
1694 2623 1742 2661 (et
1773 2620 1825 2654 ita
1850 2619 1990 2653 Servius
2023 2619 2240 2663 respondit),
2274 2619 2336 2654 sed

1245 2667 1424 2713 peculium
1449 2677 1572 2702 eorum
1593 2666 1789 2710 augebitur,
1815 2668 1856 2699 ut
1876 2664 2012 2708 opinor,
2039 2664 2336 2708 quemadmodum

1245 2714 1276 2749 si
1301 2713 1463 2748 dominus
1488 2722 1588 2747 servo
1615 2722 1679 2745 suo
1706 2711 1844 2745 debeat.

1295 2755 1345 2795 18
1371 2757 1529 2792 PAULUS
1551 2757 1641 2792 libro
1666 2759 1797 2801 quarto
1823 2756 2071 2800 quaestionum
2119 2754 2186 2790 Cui
2211 2765 2334 2790 conse-

1247 2815 1357 2848 quens
1383 2807 1455 2845 est,
1488 2806 1546 2844 ut,
1580 2802 1610 2836 si
1635 2801 1755 2836 Sticho
1780 2801 1960 2845 peculium
1984 2811 2088 2835 suum
2110 2801 2266 2845 legatum
2290 2801 2336 2835 sit

1245 2850 1347 2894 isque
1380 2859 1423 2883 ex
1453 2852 1666 2883 testamento
1703 2847 1795 2891 agit,
1832 2857 1904 2880 non
1942 2846 2045 2881 aliter
2083 2847 2254 2890 cogeturâ¶
2285 2846 2333 2887 id,

1247 2895 1342 2939 quod
1366 2894 1518 2929 vicarius
1545 2893 1619 2927 eius
1644 2892 1807 2926 testatori
1832 2891 1946 2933 debet,
1971 2892 2179 2936 relinquere,
2205 2891 2273 2926 nisi
2291 2892 2334 2933 is,

1245 2940 1281 2975 id
1306 2944 1359 2974 est
1382 2938 1535 2973 vicarius
1560 2938 1738 2982 peculium
1762 2937 1904 2971 habeat.

1295 2983 1345 3021 19
1387 2984 1582 3020 ULPJANUS
1614 2983 1704 3018 libro
1738 2983 1928 3017 vicensimo
1965 2993 2060 3017 nono
2096 2982 2145 3017 ad
2181 2981 2334 3017 edictum

1244 3031 1338 3065 Hinc
1371 3028 1570 3074 quaeritur,
1601 3028 1631 3062 si
1663 3027 1832 3062 ordinarii
1865 3028 1955 3062 servi
1979 3028 2120 3062 nomine
2146 3031 2264 3062 actum
2289 3027 2334 3061 sit

1246 3075 1290 3110 de
1313 3075 1464 3120 peculio,
1490 3085 1535 3108 an
1560 3073 1615 3118 agi
1639 3073 1752 3117 possit
1777 3076 1811 3107 et
1835 3073 2063 3108 vicariorum:
2091 3076 2126 3107 et
2149 3076 2236 3117 puto
2261 3083 2333 3106 nou

1245 3131 1361 3166 posse.
1399 3119 1461 3154 sed
1486 3119 1516 3154 si
1540 3123 1659 3153 actum
1684 3119 1730 3153 sit
1761 3118 1804 3152 de
1835 3118 1974 3162 peculio
2007 3118 2146 3160 vicarii,
2181 3117 2237 3161 agi
2267 3128 2331 3160 po-

1249 3171 1263 3200 1
1314 3166 1396 3200 terit
1413 3169 1448 3199 et
1465 3164 1509 3199 de
1530 3164 1669 3210 peculio
1692 3163 1871 3198 ordinarii.
1920 3164 2046 3198 Potest
2066 3174 2142 3198 esse
2164 3162 2258 3206 apud
2278 3171 2333 3195 me

1247 3211 1396 3256 duplicis
1420 3210 1506 3244 iuris
1531 3209 1727 3254 peculium:
1762 3213 1802 3243 ut
1833 3212 1921 3253 puta
1953 3220 2073 3243 servus
2107 3211 2161 3243 est
2192 3207 2332 3247 dotalis,

1244 3260 1364 3301 potest
1387 3255 1519 3289 habere
1543 3254 1739 3298 peculium,
1773 3254 1869 3299 quod
1894 3253 1940 3288 ad
1964 3265 2020 3288 me
2049 3253 2233 3297 respiciat,
2267 3262 2330 3296 po-

1245 3305 1316 3337 test
1347 3305 1382 3335 et
1414 3299 1509 3344 quod
1541 3299 1588 3334 ad
1619 3300 1810 3334 mulierem.
1849 3310 1931 3333 nam
1963 3298 2057 3343 quod
2090 3309 2132 3332 ex
2156 3308 2193 3331 re
2218 3296 2333 3330 mariti

1246 3346 1396 3391 quaesiit
1420 3345 1471 3379 vel
1497 3355 1540 3379 ex
1564 3344 1679 3389 operis
1704 3344 1795 3386 suis,
1827 3344 1863 3379 id
1895 3344 1941 3379 ad
1972 3344 2136 3378 maritum
2160 3341 2329 3391 pertinet3

1246 3396 1281 3427 et
1304 3391 1401 3432 ideo,
1436 3390 1465 3424 si
1489 3393 1654 3434 respectu
1678 3390 1795 3424 mariti
1819 3390 1921 3424 heres
1946 3389 1991 3424 sit
2014 3389 2197 3422 institutus
2221 3386 2275 3419 vel
2300 3396 2331 3419 e1

1245 3437 1399 3480 legatum
1433 3435 1572 3478 datum,
1602 3435 1639 3470 id
1664 3446 1744 3470 eum
1768 3446 1841 3470 non
1866 3435 1993 3469 debere
2017 3433 2202 3468 restituere
2224 3431 2330 3464 Pom-

1245 3481 1373 3526 ponius
1399 3481 1532 3515 scribit.
1571 3481 1600 3515 si
1631 3480 1738 3525 igitur
1768 3491 1907 3515 mecum
1939 3482 2065 3523 agatur
2097 3487 2139 3510 ex
2171 3487 2210 3510 00
2245 3485 2329 3509 con-

1245 3530 1363 3560 tractu
1399 3525 1457 3569 qui
1493 3525 1538 3560 ad
1573 3536 1629 3560 me
1663 3526 1824 3570 respicit,
1866 3528 1984 3559 utrum
2019 3532 2121 3557 omne
2157 3520 2330 3572 deducam

1246 3570 1460 3615 quodquodâ·
1485 3571 1634 3606 debetur
1657 3571 1760 3613 mihi,
1793 3570 1866 3604 sive
1890 3580 1932 3603 ex
1956 3578 2034 3602 mea
2059 3576 2167 3601 cansa
2191 3575 2263 3599 sive
2287 3575 2330 3598 ex

1248 3684 1327 3725 quia
1340 3684 1414 3717 FÂ¹S
1505 3687 1516 3724 á½·
1519 3686 1549 3724 6)
1575 3687 1716 3727 cogatur
1727 3696 1789 3716 scr.
1885 3687 1927 3720 (7)
1954 3681 2041 3723 quod
2054 3678 2100 3712 Î¡Î™
