2528 3918
188 124 363 169 mae

1118 189 1189 196 —.

188 247 304 294 patris
328 247 448 290 duxit,
474 246 632 292 quamvis
655 245 827 283 liberatus
850 249 1028 293 potestate
1052 247 1170 294 patria
1202 256 1281 283 eam

187 293 348 335 retinuit,
372 303 445 329 non
468 295 624 328 notatur.

240 336 291 377 13
324 338 519 374 ULPIANUS
546 337 638 373 libro
668 341 774 373 sexto
798 336 850 373 ad
870 337 1023 374 edictum
1070 337 1164 383 Quid
1198 347 1281 383 ergo

191 384 223 420 si
253 394 326 420 non
358 383 489 418 ducere
520 382 567 418 sit
598 387 729 427 passus
740 383 763 425 ¹,
799 381 863 418 sed
903 386 1138 428 posteaquam
1181 382 1283 418 duxit

190 432 310 465 ratum
321 427 538 463 habuerit2?
560 430 602 462 ut
624 430 714 473 puta
735 427 837 464 initio
860 428 1037 473 ignoravit
1059 427 1168 463 talem
1192 437 1281 471 esse,

190 478 318 520 postea
341 473 437 509 scit?
461 482 535 508 non
558 472 760 508 notabitur:
785 477 931 518 praetor
954 472 1048 508 enim
1072 472 1119 508 ad
1142 473 1282 508 initium

193 522 209 554 1
260 517 467 564 nuptiarum
479 527 517 553 se
528 517 676 554 rettulit.
724 517 763 554 Si
786 518 865 564 quis
889 518 1006 553 alieno
1030 517 1174 553 nomine
1196 518 1283 553 bina

191 563 376 609 sponsalia.
400 563 636 606 constituerit,
660 573 734 600 non
756 567 922 605 notatur,
947 562 1016 598 nisi
1041 563 1116 598 eius
1140 563 1283 599 nomine

191 608 406 651 constituat,
455 618 537 644 uem
560 618 711 654 quamve
732 609 770 644 in
793 611 971 654 potestate
994 608 1161 644 haberet:
1188 612 1285 645 certe

214 654 252 689 ui
274 653 388 689 filium
410 664 431 689 v
483 653 594 689 filiam
613 654 831 690 constituere
851 653 997 699 patitur,
1023 653 1283 699 quodammodo

191 698 1285 790 ‹tedpsssse'v'fflffiffiffi‘ffiissitsffiisssssteffiss‘220{3333ss

189 755 327 825 factifm
346 770 595 835 accipiendum
607 792 671 832 est,
697 789 760 825 sed
783 789 813 824 si
834 789 872 824 in
894 788 1009 824 idem⁴
1033 792 1175 835 tempus
1199 800 1284 825 con-

193 837 213 870 3
263 838 420 870 currant.
468 835 558 870 Item
582 835 613 870 si
637 835 739 870 alteri
763 844 916 880 sponsa,
948 834 1051 870 alteri
1082 838 1196 880 nupta
1226 835 1283 877 sit,

190 882 213 915 4
260 889 305 915 ex
328 879 506 916 sententia
530 879 635 915 edicti
667 880 825 925 punitur.
875 878 964 914 Cum
996 883 1118 915 autem
1148 879 1286 915 factum

190 927 355 968 notetur,
388 924 525 960 etiamsi
558 935 639 960 cum
672 934 714 960 ea
769 924 824 959 uis
855 924 1000 969 nuptias
1023 925 1079 960 vel
1102 925 1286 970 sponsalia

191 970 407 1014 constituat,
433 981 539 1016 quam
562 980 710 1005 uxorem
758 979 865 1005 ucere
888 970 943 1005 vel
966 980 1040 1005 non
1063 973 1184 1022 potest
1206 970 1286 1006 vel⁵

190 1018 211 1050 5
257 1014 316 1051 fas
340 1025 413 1051 non
437 1018 501 1058 est,
527 1015 593 1050 erit
616 1018 773 1050 notatus.
809 1014 868 1050 Ex
881 1025 1137 1060 compromlsso
1151 1015 1286 1051 arbiter

189 1059 375 1096 infamiam
405 1071 478 1096 non
509 1059 615 1102 facit,
651 1059 735 1105 quia
767 1069 840 1095 non
870 1070 935 1106 per
967 1060 1086 1096 omnia
1109 1060 1286 1096 sententia

191 1108 213 1141 6
261 1108 325 1141 est.
374 1105 555 1150 Quantum
579 1105 626 1140 ad
648 1104 832 1140 infamiam
856 1105 1031 1151 pertinet,
1055 1105 1207 1141 multum
1229 1106 1284 1140 in-

189 1153 318 1194 terest,
341 1149 380 1185 in
404 1160 515 1185 causa
539 1159 630 1195 quae
653 1150 827 1195 agebatur
851 1160 962 1186 causa
986 1151 1128 1196 cognita
1152 1150 1286 1197 aliquid

189 1195 461 1241 pronuntiatum
494 1195 540 1230 sit
570 1205 617 1229 an
649 1195 825 1248 quaedam
858 1196 1080 1231 extrinsecus
1104 1200 1189 1232 sunt
1213 1196 1284 1232 elo-

191 1243 211 1274 ’1
261 1244 364 1276 cutax
398 1250 482 1275 nam
507 1250 550 1275 ex
572 1240 627 1275 his
650 1239 799 1276 infamia
822 1250 896 1277 non
919 1241 1116 1294 inrogatur.
1163 1241 1287 1277 Poena

189 1285 331 1331 gravior
362 1285 458 1320 ultra
487 1285 794 1331 legemrimposita
818 1286 1116 1322 existimationem
1140 1296 1285 1323 conser-

191 1334 262 1373 vat,
287 1334 328 1366 ut
353 1334 388 1366 et
411 1330 672 1366 constitutum⁶
696 1334 750 1366 est
773 1334 809 1366 et
831 1342 888 1367 res
917 1341 1053 1367 onsum.
1079 1334 1120 1367 ut
1142 1335 1233 1378 puta
1255 1331 1286 1368 si

190 1385 283 1418 eum,
308 1375 368 1421 qui
391 1377 495 1427 parte
516 1375 693 1411 bonorum
716 1376 860 1412 multari
908 1377 1016 1419 ebuit‚
1040 1386 1183 1422 praeses
1195 1377 1285 1413 rele-

188 1420 342 1466 gaverit:
369 1420 557 1456 ‹hcendum
578 1421 645 1456 erit
665 1420 801 1456 duriori
821 1421 999 1457 sententia
1020 1433 1102 1457 cum
1114 1432 1155 1458 eo
1163 1425 1285 1461 ,trans-

190 1469 311 1501 actum
344 1465 388 1500 de
421 1465 680 1502 existimatione
704 1466 781 1502 eius
804 1465 1010 1520 idcircoque
1033 1478 1106 1503 non
1131 1477 1209 1503 esse
1230 1467 1285 1503 in-

189 1512 331 1547 famem.
357 1510 421 1546 sed
433 1511 464 1546 si
485 1511 523 1546 in
542 1521 653 1547 causa
670 1511 760 1546 furti
779 1521 847 1547 nec
868 1511 1050 1548 mamfesti
1070 1513 1107 1547 in
1128 1512 1284 1558 quadru-

188 1555 288 1601 plum
299 1554 408 1591 iudex
420 1555 679 1599 condemnavit,
704 1560 892 1592 oneratum
904 1557 1046 1603 quidem
1056 1567 1157 1593 reum
1168 1567 1287 1603 poena

190 1604 298 1636 aucta
308 1601 334 1643 ⁷,
359 1610 443 1636 nam
467 1611 511 1636 ex
533 1600 630 1637 furto
655 1612 728 1637 non
751 1602 941 1638 manifesto
965 1603 1003 1638 in
1027 1602 1175 1648 duplum
1199 1613 1284 1638 con-

189 1645 299 1682 veniri
311 1645 453 1681 debuit:
478 1657 600 1682 verum
622 1646 718 1682 hanc
740 1657 815 1682 rem
840 1647 1137 1684 existimationem
1162 1648 1194 1683 ei
1213 1658 1286 1684 non

190 1700 430 1734 conservasse,
456 1692 627 1736 quamvis,
652 1691 683 1727 si
694 1691 732 1727 in
749 1702 867 1738 poena
885 1703 959 1728 non
976 1693 1185 1738 pecuniaria
1205 1701 1286 1729 eum

189 1735 209 1768 8
258 1739 460 1779 onerasset,
484 1739 708 1772 transactum
733 1748 814 1772 cum
846 1748 888 1774 eo
919 1737 1060 1774 videtur
1070 1739 1093 1773 ⁸.
1142 1737 1285 1774 Crimen

191 1780 416 1816 stellionatus
428 1780 611 1817 infamiam
622 1781 758 1827 irrogat
777 1782 959 1826 damnato,
984 1783 1145 1828 quamvis
1164 1784 1283 1829 publi-

190 1836 273 1861 cum
295 1836 368 1861 non
393 1829 448 1861 est
468 1826 650 1862 iudicium.

239 1868 290 1923 14
311 1870 369 1907 ΡΑ
377 1880 473 1909 ULUS
506 1871 598 1909 libro
617 1872 744 1917 quinto
764 1871 815 1907 ad
824 1872 978 1909 edictum
1017 1872 1159 1915 Servus,
1184 1871 1286 1907 cuius

190 1928 333 1955 nomme
363 1920 494 1955 noxale
523 1920 695 1955 iudicium
729 1918 892 1957 dominus
924 1922 1125 1967 acceperit,
1159 1921 1286 1956 deinde

190 1964 343 2000 eundem
364 1965 516 2000 liberum
540 1968 576 2001 et
598 1965 766 2002 heredem
788 1965 992 2009 instituerit,
1018 1977 1062 2001 ex
1086 1966 1210 2002 eodem
1229 1966 1283 2001 iu-

189 2008 283 2045 dicio
308 2009 499 2046 damnatus
522 2021 596 2046 non
620 2014 675 2046 est
696 2010 875 2055 famosus,
908 2011 993 2064 quia
1023 2021 1096 2046 non
1129 2021 1194 2047 suo
1219 2022 1283 2047 no-

189 2054 282 2090 mine
295 2054 571 2091 condemnatur:
597 2056 727 2101 quippe
751 2067 834 2092 cum
856 2056 956 2092 init1o
976 2056 1020 2092 lis
1039 2056 1078 2091 in
1097 2067 1177 2092 eum
1199 2067 1283 2092 con-

188 2102 322 2135 testata
346 2111 419 2136 non
442 2101 496 2136 sit.

240 2143 290 2181 15
324 2144 520 2181 ULPJANUS
552 2145 642 2181 libro
679 2149 806 2182 octavo
842 2146 893 2181 ad
926 2145 1081 2182 edictum
1126 2145 1284 2182 Notatur

189 2199 282 2235 quae
304 2199 369 2235 per
393 2190 607 2225 calumniam
629 2191 764 2226 ventris
787 2191 930 2226 nomine
952 2191 990 2226 in
1021 2191 1284 2236 possessionem

189 2234 298 2270 missa
322 2238 386 2278 est,
412 2235 495 2270 dum
520 2246 559 2271 se
582 2235 769 2271 adseverat
792 2239 1033 2281 praegnatem,

239 2276 290 2316 16
314 2278 373 2314 ΡΑ
381 2289 476 2315 πως
508 2280 600 2316 libro
636 2283 762 2317 octavo
797 2277 852 2316 ad
881 2281 1036 2317 edictum
1093 2291 1175 2317 cum
1210 2291 1283 2317 non

189 2334 256 2370 pra
325 2335 366 2360 as
391 2328 485 2361 esset
507 2325 563 2360 vel
586 2335 630 2360 ex
653 2325 723 2361 alio
750 2325 990 2372 concepisset:

238 2335 516 2407 ῙΘξΠΠιΡΙΔΝσε
536 2370 628 2406 libro
652 2373 778 2406 octavo
799 2370 850 2406 ad
867 2371 1022 2407 edictum
1057 2370 1180 2406 debuit
1192 2371 1284 2406 enim

190 2415 347 2451 coerceri
365 2425 456 2460 quae
467 2418 669 2460 praetorem
681 2415 832 2461 decepit.
868 2414 932 2451 sed
952 2425 995 2451 ea
1013 2419 1171 2459 notatur,
1192 2426 1284 2462 quae

189 2470 271 2495 cum
295 2470 383 2496 suae
406 2460 595 2505 potestatis
620 2464 715 2496 esset
737 2460 807 2496 hoc
829 2460 928 2496 facit.

241 2502 291 2543 18
320 2505 443 2541 (ἔωσε
463 2505 554 2542 libro
580 2506 684 2541 tertio
708 2505 759 2541 ad
778 2505 933 2542 edictum
949 2505 1180 2553 provinciale
1213 2505 1282 2548 Ea,

214 2561 283 2586 uae
305 2549 400 2586 falsa
424 2550 687 2587 existimatione
710 2550 863 2596 decepta
887 2554 959 2594 est,
992 2562 1065 2587 non
1088 2554 1209 2597 potest
1231 2551 1282 2587 vi-

188 2561 267 2631 geri
288 2605 353 2640 per
377 2595 590 2642 calumniam
613 2596 650 2631 in
673 2596 901 2641 possessione
924 2595 1050 2632 fuisse.

241 2638 291 2677 19
323 2639 519 2676 ULPIANUS
547 2641 639 2677 libro
672 2644 798 2677 octavo
822 2641 873 2677 ad
895 2641 1050 2678 edictum
1095 2639 1180 2677 Non
1212 2641 1283 2676 alia

189 2689 309 2720 autem
342 2689 489 2720 notatur
520 2696 626 2731 quam
650 2696 710 2728 ea,
743 2686 787 2722 de
820 2696 892 2732 qua
922 2685 1195 2731 pronuntiatum
1228 2690 1283 2721 est

190 2730 388 2765 calumniae
412 2740 523 2765 causa
547 2741 625 2766 eam
647 2730 759 2767 fuisse
781 2732 820 2766 in
842 2731 1105 2776 possessionem
1124 2731 1280 2767 missam.

188 2774 296 2820 idque
309 2775 394 2810 etin
441 2779 518 2811 atre
537 2777 604 2811 erit
622 2776 846 2819 servandum,
872 2776 933 2822 qui
953 2776 1153 2812 calumniae
1172 2786 1284 2815 causa

189 2829 318 2865 passus
339 2823 394 2855 est
450 2820 529 2863 'am,
555 2831 661 2866 quam
683 2820 722 2855 in
745 2825 924 2867 potestate
946 2821 1114 2865 habebat,
1138 2821 1176 2857 in
1197 2831 1282 2867 pos-

190 2865 384 2900 sessionem
408 2865 540 2901 ventris
564 2867 706 2901 nomine
729 2866 831 2902 mitti.

235 2907 288 2947 20
314 2909 561 2946 Papmfflvs
578 2911 668 2947 libro
715 2913 807 2947 rimo
826 2922 1082 2959 responsorum
1117 2910 1172 2947 Ob
1192 2911 1282 2947 haec

189 2955 297 2990 verba
328 2955 525 2990 sententiae
557 2922 730 3001 praesidis
762 2957 967 3002 provinciae
1000 2955 1148 2992 ‘callido
1184 2966 1279 2991 com-

190 3002 320 3035 ‘mento
352 2999 481 3035 videris
517 3002 757 3037 accusationis
787 3002 977 3047 instigator
1008 3000 1131 3037 fuisse'
1163 3001 1281 3047 pudor

189 3045 311 3090 potius
347 3048 534 3088 oneratur,
571 3057 678 3091 quam
710 3047 903 3092 ignominia
936 3046 1078 3082 videtur
1109 3046 1279 3091 irrogari:

188 3099 262 3125 non
293 3090 386 3124 enim
410 3090 471 3135 qui
495 3090 706 3127 exhortatur
728 3091 949 3128 mandatoris
973 3101 1084 3138 opera
1107 3091 1278 3137 fungitur.

235 3132 286 3172 21
322 3133 484 3170 Panos
515 3135 605 3171 libro
639 3136 796 3172 secundo
831 3147 1088 3184 responsorum
1144 3136 1280 3172 Lucius

189 3178 306 3214 Titius
330 3179 464 3215 crimen
487 3180 639 3215 intendit
662 3181 751 3217 Gaio
777 3181 858 3218 Seio
883 3181 986 3227 quasi
1007 3181 1173 3217 iniuriam
1195 3191 1279 3226 pas-

189 3234 252 3260 sus
283 3227 392 3277 atque
423 3224 462 3276 in
485 3234 563 3260 eam
586 3236 661 3261 rem
684 3227 913 3262 testationem
936 3226 1035 3273 apud
1057 3226 1280 3272 praefectum

188 3272 367 3315 praetorio
391 3270 572 3304 recitavit:
606 3271 809 3315 praefectus
832 3271 903 3307 fide
926 3282 999 3307 non
1020 3271 1147 3306 habita
1169 3274 1279 3307 testa-

188 3314 322 3350 tionis⁹
344 3313 478 3349 nullam
500 3314 664 3349 iniuriam
688 3316 839 3351 Lucium
864 3316 997 3352 Titium
1019 3326 1166 3362 passum
1202 3326 1281 3352 esse

191 3369 214 3394 a
238 3358 329 3395 Gaio
353 3358 435 3395 Seio
457 3360 704 3404 pronuntiavit
716 3362 754 3396 ¹⁰.
792 3372 937 3406 quaero,
962 3372 1009 3397 an
1033 3365 1164 3404 testes,
1190 3371 1278 3407 quo-

190 3475 230 3513 (1)
255 3472 285 3504 si
298 3482 417 3516 passus
426 3473 463 3506 F
468 3471 492 3515 ¹,
505 3482 626 3516 passus
640 3475 691 3505 est
703 3470 787 3506 17³8
842 3475 885 3514 (2)
911 3473 1051 3507 habueri
1064 3473 1099 3506 F
1153 3475 1196 3516 (3)
1210 3474 1276 3506 ini-

190 3517 240 3550 tia
251 3517 286 3550 F
336 3518 379 3559 (4)
405 3530 461 3551 em.
475 3516 579 3558 adVB,
592 3516 629 3549 id
642 3517 701 3550 F'S
765 3518 808 3560 (5)
833 3518 886 3550 vel
899 3518 936 3558 S,
950 3527 1021 3553 non
1033 3519 1069 3552 F
1128 3519 1172 3561 (6)
1198 3528 1277 3551 con·

190 3561 310 3594 stitum
322 3561 357 3601 F
421 3563 465 3604 (7)
490 3560 667 3595 auctamF
731 3563 775 3604 (8)
801 3562 972 3596 videretur
989 3564 1073 3597 Hal.
1140 3564 1185 3606 (9)
1210 3566 1277 3597 tes-

189 3606 315 3639 tationi
338 3607 413 3640 edd.
512 3607 573 3648 (ιο)
597 3607 872 3651 pronuntiaverit
890 3608 925 3641 F
1010 3609 1065 3650 (u)
1089 3607 1279 3641 habeantur

191 3649 243 3684 F’
342 3652 401 3693 (12)
426 3650 609 3685 Marcellus
619 3651 656 3686 F
664 3664 733 3685 cum
746 3652 793 3694 B,
806 3650 921 3685 Macer
933 3652 963 3685 S
973 3660 1058 3687 recte
1149 3654 1206 3695 (13)
1230 3654 1279 3687 eie

192 3693 286 3735 1³⁸3,
298 3696 448 3738 postium
460 3696 496 3730 F
501 3695 511 3716 ¹
571 3697 629 3738 (14)
652 3697 702 3730 sic
713 3695 753 3737 S,
766 3697 839 3730 eius
848 3699 1023 3739 quaestum
1034 3699 1107 3730 eius
1120 3697 1192 3738 ΕΜ,
1206 3698 1278 3730 eius

191 3742 367 3779 quaestum
378 3739 451 3772 W
554 3742 613 3782 (15)
639 3741 659 3774 l.
680 3748 716 3776 25
737 3743 818 3775 citat
843 3741 1006 3785 Ulpianus
1032 3741 1104 3775 Vae.
1118 3743 1169 3785 fr.
1194 3745 1210 3782 5
1225 3748 1277 3776 821

1289 118 1346 168 38

1955 137 2016 169 DE
2045 138 2133 170 PRO
2137 137 2443 172 ennaremus

1350 255 1430 281 rum
1446 245 1689 281 testimonium
1700 246 1929 292 reprobatum
1951 251 2016 291 est,
2041 247 2143 293 quasi
2165 257 2210 283 ex
2229 248 2322 284 falso
2341 248 2442 285 testi-

1350 290 1469 326 monio
1502 291 1596 327 inter
1626 290 1778 327 infames
1807 291 2040 328 habentur¹¹.
2087 292 2225 328 Paulus
2258 293 2444 340 respondit

1351 335 1441 372 nihil
1464 335 1628 381 proponi,
1653 345 1718 371 cur
1739 336 1788 379 hi,
1813 336 1858 373 de
1882 337 2012 383 quibus
2036 337 2233 383 quaeritur,
2256 338 2443 375 infamium

1350 381 1430 416 loco
1453 380 1580 416 haberi
1602 380 1774 424 debeant,
1807 392 1889 418 cum
1919 393 1991 419 non
2022 386 2166 428 oportet
2199 393 2243 419 ex
2266 384 2444 420 sententia

1351 425 1528 462 siveiusta
1539 426 1612 461 sive
1619 425 1753 462 iniusta
1796 437 1836 463 ro
1854 427 1924 463 alio
1941 428 2067 463 habita
2083 428 2192 463 alium
2203 429 2442 475 praegravari.

1398 468 1452 508 22
1477 470 1755 507 Minariacum
1792 472 1870 508 ibro
1893 473 2051 509 secundo
2067 471 2302 520 publicorum
2344 474 2444 512 Ictus

1350 515 1500 552 fustium
1514 516 1543 538 ¹⁸
1565 515 1749 552 infamiam
1772 527 1845 553 non
1867 517 1916 552 im
1943 521 2049 561 ortat,
2074 518 2137 554 sed
2151 529 2272 562 causa,
2296 528 2363 565 pro

1351 571 1458 608 quam
1479 561 1517 596 id
1539 562 1616 607 pati
1637 562 1776 605 meruit,
1801 562 1832 598 si
1856 572 1898 598 ea
1916 529 1999 606 Fuit,
2024 574 2117 609 quae
2139 563 2322 600 infamiam
2370 575 2444 600 am-

1352 609 1439 642 nato
1475 606 1619 652 irrogat.
1656 607 1694 642 in
1718 608 1846 643 ceteris
1870 618 2011 654 quoque
2033 609 2223 654 generibus
2247 619 2445 655 poenarum

1352 651 1476 687 eadem
1497 651 1615 687 forma
1638 655 1775 688 statuta
1799 656 1863 688 est.

1398 694 1451 735 23
1484 696 1680 733 Uzmffvs
1706 697 1798 733 libro
1830 700 1956 733 octavo
1993 698 2043 733 ad
2071 698 2226 735 edictum
2271 700 2445 737 Parentes

1353 746 1390 778 et
1420 742 1524 777 liberi
1554 742 1740 789 utriusque
1772 753 1880 778 sexus
1912 753 1979 778 nec
2011 754 2084 779 non
2109 747 2145 779 et
2168 745 2278 780 ceteri
2302 745 2447 798 adgnati

1352 788 1407 823 vel
1440 788 1582 840 cognati
1613 787 1809 823 secundum
1831 788 1975 833 pietatis
2000 789 2176 825 rationem
2199 793 2236 825 et
2259 790 2368 826 animi
2391 790 2446 827 sui

1352 832 1576 879 patientiam,
1599 837 1710 878 prout
1733 834 1884 886 quisque
1905 833 2073 877 voluerit,
2092 834 2236 914 ffiendi
2260 838 2360 871 sunt:
2386 836 2447 881 qui

1354 880 1475 913 autem
1499 887 1560 914 eos
1583 887 1657 913 non
1680 879 1802 921 eluxit,
1827 888 1899 914 non
1924 882 2071 914 notatur
2095 879 2103 887 ”
2147 880 2253 915 amia.

1402 920 1456 960 24
1480 922 1590 958 IDEM
1617 923 1708 959 libro
1740 926 1847 959 sexto
1879 926 1928 958 ad
1957 924 2113 960 edictum
2160 925 2357 970 Imperator
2383 925 2445 962 Se-

1352 978 1457 1004 verus
1481 968 1665 1014 rescripsit
1687 979 1759 1004 non
1779 968 1925 1004 offuisse
1944 969 2103 1005 mulieris
2123 968 2242 1006 famae
2261 973 2446 1016 quaestum

1355 1013 1431 1049 eius
1444 1013 1472 1035 ¹⁴
1495 1013 1533 1048 in
1559 1013 1729 1049 servitute
1751 1013 1899 1049 factum.

1400 1056 1453 1096 25
1470 1059 1500 1080 ¹⁵
1522 1057 1770 1094 Papzmfflvs
1785 1059 1876 1094 libro
1896 1058 2054 1094 secundo
2100 1060 2325 1095 uaestionum
2370 1060 2445 1096 Ex·

1353 1103 1564 1140 heredatum
1587 1113 1728 1150 quoque
1751 1103 1862 1138 filium
1884 1103 2021 1138 luctum
2035 1104 2063 1126 ¹⁸
2111 1103 2218 1140 abere
2238 1105 2351 1150 patris
2372 1116 2445 1142 me-

1353 1149 1671 1230 ream
1689 1149 1914 1229 sear
1925 1194 2081 1239 ...1
2127 1149 2329 1231 m
2345 1151 2446 1233 sus

1355 1239 1545 1282 ceciderit,
1572 1239 1638 1275 etsi
1662 1249 1794 1285 corpus
1819 1239 1894 1275 eius
1919 1249 1992 1274 non
2017 1206 2231 1285 conpareaff,
2255 1240 2444 1287 lugebitur.

1844 1331 1953 1371 111⁰.

1422 1399 1484 1432 DE
1509 1396 1912 1432 PROGURATORIBUS
1936 1397 1998 1431 ET
2021 1398 2377 1435 DEFENSORIBUS.

1403 1464 1422 1502 1
1458 1463 1653 1500 ULPIANUs
1685 1463 1776 1499 libro
1811 1474 1908 1500 nono
1943 1464 1995 1499 ad
2026 1464 2180 1501 edictum
2226 1465 2445 1503 Procurator

1356 1513 1410 1545 est
1434 1509 1495 1555 qui
1518 1510 1636 1545 aliena
1666 1508 1809 1553 negotia
1840 1509 2013 1545 mandatu
2045 1509 2179 1546 domini
2210 1510 2444 1548 administrat.

1358 1559 1372 1590 1
1422 1555 1642 1590 Procurator
1662 1557 1782 1589 autem
1800 1554 1855 1590 vel
1879 1555 2036 1590 omnium
2055 1565 2175 1591 rerum
2195 1555 2250 1591 vel
2268 1556 2375 1593 unius
2394 1557 2444 1592 rei

1355 1610 1435 1636 esse
1467 1603 1587 1645 potest
1618 1599 1835 1635 constitutus
1866 1599 1921 1635 vel
1953 1610 2075 1636 coram
2105 1601 2160 1636 vel
2191 1611 2257 1647 per
2279 1602 2444 1637 nuntium

1353 1645 1408 1681 vel
1432 1654 1497 1691 per
1520 1645 1726 1690 epistulam:
1763 1645 1922 1689 quamvis
1955 1645 2117 1691 quida-m,
2151 1650 2193 1681 ut
2226 1646 2444 1699 Pomponius

1352 1690 1444 1726 libro
1467 1690 1659 1726 vicensimo
1684 1693 1812 1735 quarto
1837 1690 1979 1733 scribit,
2015 1700 2089 1726 non
2112 1695 2242 1736 putent
2265 1702 2371 1728 umus
2393 1693 2445 1728 rei

1353 1734 1562 1770 mandatum
1585 1734 1837 1780 suscipientem
1858 1738 2128 1780 procuratorem
2152 1746 2249 1772 esse:
2274 1737 2380 1772 sicuti
2401 1747 2446 1773 ne

1352 1781 1382 1816 is
1418 1780 1577 1826 quidem,
1638 1780 1674 1815 ui
1706 1789 1781 1814 rem
1812 1779 2060 1825 perferendam
2092 1781 2148 1817 vel
2180 1781 2368 1828 epistulam
2390 1782 2446 1819 vel

1353 1826 1517 1861 nuntium
1550 1835 1596 1871 pe
1632 1824 1801 1860 erendum
1836 1825 2012 1871 suscepit,
2054 1827 2198 1872 proprie
2231 1830 2446 1871 procurator

1353 1871 1565 1916 appellatur.
1603 1870 1666 1906 sed
1689 1870 1807 1905 verius
1832 1873 1886 1905 est
1909 1881 1990 1906 eum
2013 1881 2154 1917 quoque
2175 1875 2444 1917 procuratorem

1354 1921 1373 1954 2
1421 1928 1498 1955 esse
1531 1918 1593 1965 qui
1628 1915 1675 1955 ad
1706 1927 1815 1953 unam
1846 1927 1921 1952 rem
1951 1917 2057 1952 datus
2091 1917 2148 1952 sit.
2198 1916 2292 1952 Usus
2329 1922 2446 1956 autem

1352 1964 1596 2010 procuratoris
1619 1973 1791 2010 perquam
1814 1965 2038 2000 necessarius
2071 1970 2143 2008 est,
2175 1966 2216 2000 ut
2247 1966 2308 2011 qui
2338 1965 2445 2002 rebus

1353 2009 1427 2045 suis
1449 2009 1518 2062 ipsi
1542 2018 1732 2054 superesse
1753 2008 1809 2044 vel
1833 2008 1961 2044 nolunt
1983 2010 2040 2046 vel
2070 2021 2143 2046 non
2172 2013 2344 2056 possunt,
2381 2020 2446 2057 per

1354 2057 1373 2090 3
1421 2054 1510 2090 ahos
1534 2054 1674 2100 possint
1696 2054 1752 2089 vel
1776 2063 1882 2099 agere
1904 2054 1960 2089 vel
1985 2055 2173 2091 conveniri.
2212 2055 2302 2090 Dari
2325 2059 2445 2092 autem

1352 2102 1567 2145 procurator
1590 2103 1626 2134 et
1649 2099 1779 2134 absens
1803 2102 1934 2144 potest,

1400 2142 1426 2182 2
1449 2144 1611 2180 Panos
1631 2145 1723 2180 libro
1747 2147 1874 2180 octavo
1897 2144 1949 2180 ad
1969 2144 2122 2180 edictum
2157 2144 2349 2182 dummodo
2368 2155 2444 2182 cer·

1351 2193 1410 2225 tus
1435 2189 1482 2225 sit
1505 2190 1567 2235 qui
1591 2189 1697 2225 datus
1720 2189 1820 2224 intell
1865 2192 1944 2225 etur
1968 2192 2004 2225 et
2025 2189 2057 2225 is
2071 2190 2101 2212 ¹⁸
2122 2193 2242 2226 ratum
2264 2190 2442 2227 habuerit.

1354 2238 1368 2269 1
1419 2234 1594 2270 Furiosus
1618 2245 1692 2270 non
1715 2237 1770 2270 est
1792 2234 1840 2269 ha
1867 2234 1980 2270 endus
2004 2234 2163 2271 absentis
2185 2235 2278 2278 loco,
2303 2236 2389 2282 quia
2407 2236 2444 2272 in

1351 2289 1392 2315 eo
1418 2280 1557 2314 animus
1582 2279 1692 2322 deest,
1717 2282 1758 2314 ut
1780 2282 1898 2314 ratum
1920 2279 2059 2314 habere
2077 2290 2150 2315 non
2172 2281 2297 2326 possit.

1397 2321 1421 2362 3
1455 2323 1650 2360 Urmffvs
1678 2324 1770 2359 libro
1803 2334 1899 2359 nono
1932 2323 1984 2360 ad
2004 2325 2157 2361 edictum
2204 2325 2293 2361 Item
2328 2329 2364 2361 et
2398 2326 2445 2363 ad

1349 2369 1449 2405 litem
1470 2368 1630 2414 futuram
1654 2372 1690 2404 et
1711 2369 1749 2404 in
1773 2368 1866 2404 diem
1891 2372 1926 2404 et
1948 2369 2016 2405 sub
2041 2369 2250 2406 condicione
2273 2374 2309 2406 et
2330 2381 2444 2417 usque

1352 2414 1398 2450 ad
1423 2414 1514 2450 diem
1538 2414 1614 2449 dari
1663 2416 1757 2450 otest

1397 2457 1423 2496 4
1447 2459 1608 2495 PAULUs
1640 2459 1718 2495 ebro
1740 2462 1865 2494 octavo
1878 2458 1929 2494 ad
1938 2459 2092 2495 edictum
2116 2460 2200 2495 etin
2218 2471 2244 2506 p

1399 2502 1423 2542 5
1455 2504 1652 2540 ULPJANUS
1679 2504 1771 2540 libro
1802 2504 1953 2550 septimo
1986 2504 2038 2539 ad
2067 2504 2221 2541 edictum

1351 2549 1506 2585 habetur
1529 2552 1566 2585 et
1589 2549 1649 2596 qui
1671 2549 1710 2584 in
1731 2549 1846 2585 hortis
1869 2552 1925 2584 est

1398 2592 1423 2632 6
1448 2594 1611 2630 Psvws
1637 2594 1729 2631 libro
1754 2596 1860 2630 sexto
1883 2594 1935 2630 ad
1956 2594 2110 2631 edictum
2158 2598 2194 2631 et
2217 2595 2280 2648 qui
2301 2596 2339 2631 in
2362 2596 2441 2633 foro

1352 2643 1388 2676 et
1434 2640 1472 2676 ui
1493 2640 1531 2675 in
1555 2639 1645 2675 urbe
1669 2642 1705 2675 et
1727 2640 1765 2674 in
1789 2638 2052 2675 continentibus
2076 2639 2262 2676 aedificns:

1455 2684 1651 2721 ULPIANUS
1682 2684 1773 2720 libro
1807 2685 1959 2731 septimo
1995 2685 2047 2720 ad
2080 2685 2234 2721 edictum
2292 2689 2328 2721 et
2360 2686 2440 2723 ideo

1350 2733 1564 2776 procurator
1588 2730 1664 2765 eius
1687 2729 1888 2775 praesentis
1901 2729 1931 2751 ¹⁹
1953 2738 2031 2766 esse
2053 2729 2203 2765 videtur.

1397 2773 1422 2814 8
1446 2774 1554 2810 Iesu
1574 2775 1667 2811 libro
1690 2778 1816 2811 octavo
1840 2774 1891 2810 ad
1912 2774 2066 2811 edicmm
2110 2774 2266 2811 Filius²⁰
2286 2774 2441 2813 familias

1351 2824 1387 2856 et
1410 2820 1457 2857 ad
1480 2819 1657 2866 agendum
1681 2819 1768 2855 dare
1788 2823 2060 2865 procuratorem
2090 2822 2231 2866 potest,
2264 2820 2295 2856 si
2326 2831 2398 2874 qua
2409 2821 2439 2843 ²¹

1350 2866 1398 2902 sit
1409 2865 1515 2909 actio,
1541 2876 1613 2911 qua
1634 2865 1712 2910 ipse
1735 2864 1887 2910 experiri
1936 2868 2048 2901 otest:
2073 2875 2146 2900 non
2170 2865 2287 2901 solum
2309 2875 2340 2901 si
2361 2876 2440 2903 cas-

1350 2914 1470 2947 trense
1493 2910 1674 2956 peculium
1696 2909 1840 2952 habeat,
1865 2919 1904 2945 se
1952 2913 1988 2945 et
2011 2909 2124 2955 quivis
2147 2909 2242 2946 filius
2264 2910 2440 2947 familias:

1350 2959 1391 2991 ut
1412 2960 1502 3002 puta
1524 2955 1690 2991 iniuriam
1713 2964 1843 3000 passus
1876 2954 1976 2990 dabit
2007 2955 2055 2990 ad
2084 2955 2294 2991 iniuriarum
2326 2957 2439 2992 actio-

1350 3011 1449 3044 nem,
1484 3000 1516 3037 si
1549 3000 1655 3046 forte,
1673 3009 1789 3045 neque
1819 3002 1924 3044 pater
1954 3009 2126 3046 praesens
2157 3001 2204 3036 sit
2236 3010 2303 3037 nec
2324 3001 2439 3047 patris

1374 3049 1562 3082 rocurator
1584 3044 1669 3080 velit
1701 3044 1871 3090 experiri,
1905 3048 1941 3080 et
1973 3045 2040 3081 erit
2068 3045 2146 3081 iure
2176 3045 2222 3081 ab
2253 3045 2332 3091 ipso
2364 3045 2438 3083 filio

1365 3091 1502 3126 amilias
1524 3092 1739 3136 procurator
1763 3088 1879 3125 datus.
1911 3090 1982 3126 hoc
2006 3090 2158 3136 amplius
2169 3090 2329 3127 Iulianus
2349 3091 2437 3127 scri-

1348 3136 1401 3171 bit
1424 3138 1460 3171 et
1482 3135 1513 3171 si
1535 3133 1608 3170 filio
1631 3133 1785 3170 familias
1807 3135 1902 3180 patri
1925 3144 1990 3181 per
2011 3134 2123 3170 fllium
2146 3135 2221 3171 eius
2244 3135 2283 3171 in
2315 3135 2437 3172 eadem

1347 3183 1528 3226 potestate
1549 3182 1752 3215 manentem
1774 3178 1841 3214 fiat
1862 3179 1993 3216 iniuria
2016 3190 2132 3226 neque
2155 3189 2242 3215 avus
2265 3190 2436 3226 praesens

1349 3226 1406 3268 sit,
1429 3235 1536 3271 posse
1558 3228 1698 3271 patrem
1720 3228 1991 3271 procuratorem
2015 3224 2101 3261 dare
2124 3224 2171 3260 ad
2195 3225 2435 3261 ulciscendam

1346 3269 2027 3361 ἒῗὲἙῗὲῗᾰωῖἓίῗςέἒΡοέιίᾏΐῧὲῖζῗ

1347 3370 1421 3396 rem
1453 3359 1548 3395 dare.
1585 3360 1648 3396 sed
1670 3364 1706 3396 et

2310 2464 2441 2498 etuum.

2297 2515 2443 2544 raesens

2056 3314 2193 3350 amilias
2224 3319 2434 3361 procurato-

1348 3474 1408 3515 (ιο)
1433 3472 1561 3506 lucium
1573 3473 1608 3506 F

1392 3518 1451 3560 (ιτ)
1474 3518 1838 3554 Ed.1...27.29.81...⁴s.
1852 3524 1899 3551 ss.
1913 3523 1961 3550 w.
1982 3523 2105 3551 48...59.
2127 3524 2246 3551 onmes.
2270 3523 2324 3557 τις
2346 3516 2432 3560 Pap.

1347 3567 1394 3598 ao.
1408 3570 1455 3597 so.
1469 3569 1599 3602 eo...·13;
1619 3562 1702 3596 Sat.
1715 3569 1765 3598 28.
1779 3569 1824 3596 44.
1838 3568 1885 3596 4¹1.
1899 3567 2016 3596 ¹1⁴...7a
2032 3567 2079 3596 τε.
2092 3580 2139 3586 -
2149 3561 2235 3595 Bas.
2250 3561 2282 3601 8,
2295 3567 2323 3602 2,
2337 3566 2427 3595 1...·1⁴.

1346 3625 1392 3632 ·-
1408 3608 1459 3651 C'f·
1478 3607 1556 3642 cod.
1570 3608 1602 3648 2,
1615 3612 1647 3642 13
1740 3607 1800 3649 (18)
1825 3605 1856 3639 is
1865 3605 1905 3647 S,
1917 3605 1948 3638 is
1961 3606 1989 3638 si
2002 3603 2037 3640 F
2122 3606 2182 3648 (19)
2206 3607 2254 3639 εἰσ
2265 3605 2295 3639 S
2303 3612 2372 3640 eum
2384 3603 2423 3638 B

1346 3654 1520 3696 praesente
1531 3652 1605 3695 ΕΜ,
1618 3651 1790 3695 praesenti
1800 3651 1873 3685 Dm·
1987 3651 2050 3693 (20)
2074 3645 2162 3684 filios
2173 3647 2210 3683 17
2318 3650 2377 3692 (21)
2401 3628 2431 3683 a(

1347 3705 1414 3740 qna
1426 3697 1482 3738 ΙΝ,
1495 3697 1623 3740 siquae
1637 3694 1694 3736 ΙΝ,
1707 3696 1736 3730 si
1749 3702 1816 3739 qua
1828 3694 1860 3728 ei
1871 3694 1903 3729 S
1993 3697 2055 3738 (22)
2068 3697 2189 3739 nepost
2199 3690 2233 3728 12·

2076 3279 2178 3306 assus
2202 3273 2267 3306 est.
2304 3270 2352 3306 ad
2374 3270 2435 3307 de·
2479 3279 2485 3286 ⁷

1769 3360 1802 3395 'a
1823 3359 1978 3396 familias
1999 3359 2132 3405 poterit
2154 3358 2240 3396 dare
2262 3369 2434 3406 procura·
2487 3358 2504 3409 ἴ

2526 3676 2528 3722 A
