2528 3918
111 134 171 165 DE
202 134 514 165 snnvrrn'mnns
546 134 708 163 PRAED.
726 132 885 163 URBAN.
1190 117 1265 165 113

108 245 215 280 veluti
239 246 268 279 si
292 255 419 290 aquam
444 245 548 279 alicui
577 243 705 278 dedere
720 246 729 264 ¹
753 243 882 277 ducere
905 253 976 277 non
1002 243 1191 287 expediret,

109 291 216 325 nihilo
250 290 365 324 minus
399 288 564 324 constitui
602 299 644 323 ea
675 289 823 323 servitus
854 289 985 332 possit:
1020 288 1192 333 quaedam

109 335 199 369 enim
231 335 382 370 debere²
411 334 544 368 habere
577 344 786 378 possumus,
827 334 985 377 quamvis
1019 344 1061 368 ea
1090 333 1192 368 nobis

109 380 207 414 utilia
232 391 303 415 non
327 383 419 414 sunt.

155 423 206 461 20
233 425 278 459 IA
287 433 454 459 VOLENUS
484 423 575 458 libro
612 424 736 467 quinto
769 434 818 458 ex
838 423 1099 467 posterioribus
1121 423 1191 457 La-

109 471 230 505 beonis
276 469 445 513 Quotiens
470 468 526 502 via
554 472 617 502 aut
648 468 806 512 aliquid³
839 470 894 503 ius
926 467 1028 503 fundi
1059 478 1190 503 emere-

107 519 184 557 tur,
219 514 413 549 cavendum
444 517 549 558 putat
584 522 660 547 esse
684 513 805 548 Labeo
838 524 902 558 per
933 517 968 547 te
1000 524 1072 548 non
1103 513 1190 554 fieri,

108 571 177 604 quo
203 560 318 593 minus
344 569 384 593 eo
416 559 493 592 iure
524 559 577 592 uti
611 558 742 602 possit,
777 559 860 602 quia
891 558 989 592 nulla
1021 558 1192 593 eiusmodi

106 605 191 639 iuris
216 614 330 638 vacua
355 603 498 638 traditio
525 608 630 637 esset.
669 613 731 647 ego
765 608 852 647 puto
878 613 981 638 usum
1007 604 1080 637 eius
1105 603 1190 638 iuris

105 659 170 694 pro
202 649 394 683 traditione
425 648 663 693 possessionis
697 649 943 693 accipiendum
983 659 1061 683 esse
1092 648 1190 683 ideo-

106 704 173 739 que
198 698 233 729 et
255 694 443 729 interdicta
474 694 582 728 veluti
614 694 838 738 possessoria
871 694 1065 729 constituta
1095 697 1189 728 sunt.

610 786 686 824 11⁴.

114 853 175 885 DE
202 852 528 884 SERVITUTIBUS
554 852 855 884 PRAEDIORUM
879 853 1171 885 URBANORUM.

152 917 170 955 1
199 918 359 953 PAULUS
386 919 476 954 libro
510 920 699 954 vicensimo
724 920 851 965 primo
882 920 933 955 ad
954 920 1106 955 edictum
1154 919 1191 954 Si

102 963 300 998 intercedat
335 965 449 998 solum
482 964 666 1008 publicum
701 969 752 999 vel
787 964 844 998 via
874 965 1038 1010 publica,
1076 974 1190 1010 neque

102 1009 236 1043 itineris
269 1013 414 1044 actusve
446 1019 560 1054 neque
591 1010 697 1044 altius
728 1010 877 1044 toHendi
909 1011 1094 1045 servitutes
1125 1011 1189 1044 im-

101 1054 218 1133 pedit:
252 1054 314 1089 sed
345 1054 555 1089 immittendi
579 1055 789 1099 protegendi
823 1055 1074 1099 prohibendi⁵,
1107 1056 1191 1090 item

130 1100 287 1133 uminum
313 1104 348 1134 et
380 1100 638 1134 stillicidiorum
671 1101 875 1135 servitutem
906 1101 1073 1145 impedit,
1108 1101 1191 1145 quia

103 1145 251 1186 caelum,
276 1144 371 1189 quod
397 1155 505 1189 supra
528 1145 564 1179 id
585 1146 699 1180 solum
719 1146 916 1187 intercedit,
942 1147 1092 1180 liberum
1114 1156 1191 1181 esse

104 1193 118 1223 1
170 1189 285 1224 debet.
335 1189 371 1224 Si
395 1201 481 1224 usus
505 1190 644 1225 fructus
668 1194 751 1225 tuus
777 1191 840 1232 sit,
866 1191 1007 1225 aedium
1031 1192 1189 1236 proprie-

101 1238 156 1269 tas
180 1245 269 1276 mea,
296 1245 387 1279 quae
412 1245 520 1270 onera
543 1235 647 1269 vicini
667 1236 842 1271 sustinere
863 1237 1027 1278 debeant,
1053 1247 1190 1272 mecum

100 1279 137 1314 in
161 1280 312 1314 solidum
337 1281 392 1324 agi
416 1284 544 1324 potest,
571 1285 687 1315 tecum
712 1281 809 1316 nullo
835 1282 950 1317 modo.

147 1322 172 1360 2
200 1324 323 1360 GAIUS
343 1326 433 1360 libro
453 1327 602 1371 septimo
623 1327 672 1360 ad
692 1326 844 1361 edictum
859 1327 1087 1373 provinciale
1122 1327 1188 1362 Ur-

101 1370 276 1405 banorum
300 1370 527 1414 praediorum
551 1371 630 1405 iura
654 1371 741 1405 talia
765 1376 866 1407 sunt:
903 1373 1009 1407 altius
1042 1372 1189 1407 tollendi

102 1420 137 1450 et
169 1415 350 1450 officiendi
380 1416 596 1451 luminibus⁰
627 1417 733 1451 vicini
764 1421 827 1451 aut
859 1429 930 1452 non
972 1418 1186 1452 extollendi:

99 1460 183 1495 item
206 1461 421 1495 stillicidium
445 1461 625 1496 avertendi
648 1462 684 1495 in
709 1466 842 1496 tectum
867 1463 920 1497 vel
945 1473 1063 1497 aream
1084 1463 1188 1497 vicini

101 1510 163 1540 aut
186 1517 258 1540 non
282 1506 481 1540 avertendi:
515 1507 598 1541 item
630 1507 841 1542 immittendi
871 1509 970 1553 tigna
1001 1509 1038 1542 in
1071 1509 1186 1552 parie-

99 1555 171 1585 tem
195 1551 300 1586 vicini
324 1555 358 1585 et
384 1551 534 1596 denique
557 1552 753 1596 proiciendi
776 1553 1027 1598 protegendive
1052 1558 1186 1588 cetera-

100 1607 168 1641 que
191 1596 268 1631 istis
294 1597 429 1631 similia.

147 1639 170 1678 3
204 1641 398 1677 ULPJANUS
439 1642 529 1677 libro
572 1643 762 1678 vicensimo
798 1654 893 1678 nono
930 1644 979 1678 acl
1015 1642 1187 1678 Sabinum

99 1686 167 1721 Est
191 1690 226 1721 et
248 1687 337 1722 haec
363 1687 523 1729 servitus,
549 1698 594 1722 ne
617 1689 824 1732 prospectui
848 1688 1038 1723 officiatur.

146 1731 171 1768 4
196 1731 253 1766 ΡΑ
261 1741 355 1767 ULUS
383 1732 473 1767 libro
505 1733 662 1768 secundo
687 1734 950 1768 institutionum
996 1734 1188 1768 Luminum

103 1776 159 1811 in⁷
184 1777 352 1812 servitute
377 1777 570 1812 constituta
593 1778 630 1812 id
654 1778 867 1823 adquisitum
891 1779 1049 1821 videtur,
1074 1783 1115 1814 ut
1138 1779 1187 1813 vi-

102 1822 201 1857 cinus
237 1822 371 1856 lumina
405 1827 528 1857 nostra
564 1824 735 1867 excipiat:
773 1835 854 1858 cum
886 1828 1005 1859 autem
1037 1824 1188 1859 servitus

101 1867 303 1912 imponitur,
324 1878 368 1902 ne
388 1868 579 1902 lumini-bus
593 1868 784 1911 officiatur,
807 1869 876 1903 hoc
896 1870 1048 1904 maxime
1068 1869 1188 1914 adepti

102 1913 276 1955 videmur,
310 1923 354 1948 ne
384 1913 439 1947 1118
472 1914 518 1947 811
549 1913 663 1948 vicino
688 1914 805 1949 invitis
832 1915 935 1949 nobis
960 1915 1066 1950 altius
1092 1915 1186 1950 aedi-

100 1957 208 2009 ficare
243 1962 351 2003 atque
385 1958 438 1993 ita
471 1959 630 1993 minuere
664 1959 799 1994 lumina
830 1968 1035 1995 nostrorum
1066 1960 1186 1995 aedifi-

101 2013 245 2038 olorum.

146 2047 169 2084 5
203 2047 397 2084 ULPJANUS
417 2049 507 2083 libro
532 2049 682 2094 septimo
707 2049 843 2085 decimo
868 2050 918 2085 ad
941 2050 1093 2085 edictum
1128 2050 1186 2085 In-

100 2093 209 2128 vitum
240 2097 359 2128 autem
391 2094 428 2128 in
459 2094 687 2129 servitutibus
720 2095 883 2139 accipere
916 2095 1083 2130 debemus
1116 2107 1187 2130 non

101 2148 182 2172 eum
230 2139 266 2172 ui
300 2143 425 2174 contra
457 2139 561 2180 dicit,
595 2139 658 2174 sed
690 2150 770 2174 eum
805 2140 864 2185 qui
896 2152 968 2175 non
1000 2141 1186 2176 consentit.

98 2183 177 2218 ideo
202 2150 418 2228 ssomponius
442 2184 532 2219 libro
559 2184 855 2229 quadragensimo
881 2190 916 2220 et
947 2186 1120 2220 infantem
1153 2190 1188 2221 et

98 2228 450 2264 101108011111111108Β
473 2234 570 2264 recte
603 2229 673 2264 dici
703 2231 771 2265 ait:
805 2241 878 2265 non
910 2231 1002 2265 enim
1034 2231 1080 2265 ad
1110 2231 1186 2266 fac-

98 2277 185 2316 tum,
212 2274 275 2309 sed
299 2274 344 2308 ad
368 2274 423 2309 ius
448 2275 624 2309 servitutis
649 2275 738 2310 haec
762 2276 871 2310 verba
894 2276 1107 2311 referuntur.

145 2316 169 2356 6
198 2319 419 2355 GAJUslibro
432 2321 582 2365 septimo
595 2320 644 2354 ad
655 2321 808 2356 edictum
815 2322 1044 2366 provinciale
1087 2322 1187 2356 Haec

99 2368 218 2399 autem
241 2365 319 2399 iura
343 2365 502 2399 similiter
532 2370 573 2399 ut
603 2366 819 2400 rusticorum
851 2377 993 2411 quoque
1023 2367 1186 2411 praedio-

98 2420 176 2444 rum
201 2414 298 2444 certo
330 2413 489 2454 tempore
520 2421 592 2444 non
624 2411 756 2445 utendo
789 2416 957 2456 pereunt:
993 2412 1061 2446 nisi
1092 2412 1187 2456 quod

98 2454 188 2489 haec
212 2455 456 2490 dissimilitudo
483 2459 554 2497 est,
589 2456 683 2500 quod
715 2467 787 2491 non
813 2457 1012 2491 omnimodo
1037 2461 1188 2501 pereunt

98 2510 170 2534 non
194 2500 338 2541 utendo,
363 2500 426 2534 sed
449 2500 510 2542 ita,
537 2501 567 2534 si
590 2501 726 2535 vicinus
751 2501 855 2536 simul
878 2502 1077 2536 libertatem
1102 2513 1186 2536 usu-

99 2545 229 2589 capiat.
267 2545 375 2579 veluti
400 2545 430 2579 si
454 2545 559 2580 aedes
585 2549 670 2580 tuae
702 2546 877 2581 aedibus⁹
900 2548 987 2581 meis
1020 2548 1185 2589 serviant,

99 2601 143 2624 ne
179 2590 285 2625 altius
320 2591 512 2632 tollantur,
547 2601 592 2625 ne
626 2591 818 2626 luminibus
854 2602 1011 2626 mearum
1048 2592 1187 2627 aedium

99 2634 291 2677 officiatur,
317 2640 352 2670 et
377 2646 439 2680 ego
460 2646 524 2680 per
545 2640 718 2670 statutum
739 2641 879 2681 tempus
900 2637 1076 2672 fenestras
1090 2649 1186 2673 meas

98 2679 275 2724 praefixas
290 2681 316 2701 ¹⁰
340 2681 497 2715 habuero
531 2681 584 2715 vel
617 2681 846 2723 obstruxero,
878 2683 928 2716 ita
961 2682 1101 2717 demum
1131 2684 1186 2718 ius

98 2735 214 2759 meum
238 2725 373 2768 amitto,
399 2725 428 2760 si
452 2729 492 2760 111
515 2737 580 2770 per
602 2727 672 2761 hoc
693 2731 832 2771 tempus
854 2727 958 2762 aedes
980 2731 1060 2762 tuas
1082 2728 1186 2762 altius

100 2770 261 2805 sublatas
287 2771 473 2806 habueris:
508 2771 664 2816 alioquin
690 2772 719 2806 si
743 2772 830 2806 nihil
855 2772 936 2806 novi
959 2772 1106 2815 feceris,
1131 2783 1186 2807 re-

98 2815 193 2850 tineo
208 2816 422 2850 servitutem.
459 2816 544 2850 item
565 2817 594 2851 si
614 2817 701 2860 tigni
718 2817 863 2851 immissi
883 2817 988 2852 aedes
1008 2821 1092 2852 tuae
1112 2828 1186 2852 ser-

99 2860 244 2895 vitutem
269 2860 401 2895 debent
424 2865 459 2895 et
484 2872 546 2905 ego
582 2872 743 2897 exemero
777 2862 930 2906 tignum,
962 2862 1013 2896 ita
1048 2862 1187 2897 demum

98 2905 221 2940 amitto
246 2906 300 2940 ius
325 2916 450 2948 meum,
476 2907 506 2940 si
529 2910 569 2940 tu
592 2906 764 2949 foramen,
790 2907 884 2942 unde
907 2911 1108 2952 exemptum
1135 2912 1188 2942 est

98 2950 251 2994 tignum,
286 2951 506 2986 obturaveris
539 2955 573 2985 et
604 2962 668 2996 per
700 2953 932 2987 constitutum
966 2956 1105 2996 tempus
1138 2953 1188 2987 ita

99 2994 285 3030 habueris:
312 2996 468 3040 alioquin
493 2996 523 3030 si
547 2996 633 3031 nihil
658 2998 739 3032 novi
762 2997 908 3039 feceris,
932 2998 1108 3042 integrum
1132 2998 1187 3032 ius

99 3042 239 3074 suum¹¹
265 3045 459 3085 permanet.

148 3083 171 3120 7
197 3085 426 3120 POMPONIUS
455 3086 544 3121 libro
577 3088 767 3121 vicensimo
800 3093 904 3122 sexto
938 3087 987 3122 ad
1017 3087 1186 3129 Quintum

99 3128 258 3165 Mucium
305 3131 407 3174 Quod
438 3135 557 3166 autem
589 3132 749 3166 aedificio
782 3143 859 3167 meo
893 3143 948 3167 me
971 3143 1076 3177 posse
1102 3143 1186 3167 con-

100 3175 217 3219 sequi,
250 3179 290 3209 ut
313 3176 513 3210 libertatem
537 3187 790 3221 usucaperem,
825 3177 974 3219 dicitur,
1008 3178 1100 3212 idem
1132 3188 1187 3211 me

101 3229 171 3253 non
191 3224 476 3263 consecuturum,
502 3221 532 3256 81
552 3222 716 3256 arborem
742 3222 864 3257 eodem
888 3223 967 3257 1000
993 3223 1096 3257 8113111
1120 3223 1183 3256 113-

99 3262 272 3307 buissem,
298 3265 440 3300 Mucius
465 3266 524 3308 ait,
551 3270 586 3301 et
608 3271 725 3309 recte,
758 3268 842 3312 quia
874 3278 945 3302 non
977 3268 1028 3302 ita
1059 3269 1095 3301 in
1120 3278 1183 3302 suo

100 3311 197 3343 statu
228 3313 264 3343 et
294 3311 373 3345 1000
405 3315 564 3346 1113110101
596 3312 703 3346 311101
736 3312 1032 3356 quemadmodum
1056 3313 1183 3357 paries,

102 3357 246 3397 propter
269 3359 403 3390 motum
427 3356 624 3391 naturalem
651 3357 798 3392 arboris.

2193 123 2293 165 VIII
2325 126 2349 164 2

1308 239 1331 278 8
1361 243 1483 277 GAIUS
1503 242 1594 277 libro
1614 244 1764 288 septimo
1784 244 1833 278 ad
1851 245 2003 280 edictum
2017 245 2245 291 provinciale
2281 244 2350 280 Pa·

1262 288 1402 327 rietem,
1441 288 1501 331 qui
1525 289 1679 322 naturali
1703 289 1840 323 ratione
1865 290 2060 325 communis
2085 294 2156 332 est,
2189 290 2349 325 alterutri

1260 333 1456 367 vicinorum
1481 332 1692 367 demoliendi
1717 344 1796 367 eum
1811 335 1836 354 ¹²
1861 339 1894 368 01
1914 335 2094 370 reficiendi
2113 335 2168 370 ius
2189 345 2262 370 non
2284 340 2349 378 est,

1262 378 1344 422 quia
1368 387 1439 411 non
1464 377 1561 412 solus
1586 377 1749 412 dominus
1774 383 1838 413 est.

1308 420 1332 458 9
1365 422 1559 457 ULPJANUS
1587 423 1677 458 libro
1703 424 2026 469 quinquaqensimo
2053 426 2156 459 tertio
2180 425 2230 460 ad
2253 425 2346 460 edic-

1262 471 1335 501 tum
1384 466 1471 502 Cum
1513 478 1572 508 eo,
1614 469 1674 512 qui
1705 468 1861 503 tollendo
1894 469 2064 504 obscurat
2094 470 2198 505 vicini
2230 470 2348 512 aedes,

1261 512 1389 557 quibus
1414 523 1486 546 non
1511 513 1650 555 serviat,
1676 513 1774 547 nulla
1799 514 1967 558 competit
1991 515 2096 549 actio.

1310 556 1359 594 10
1375 558 1403 578 ¹³
1427 557 1667 594 MARCELLUS
1683 558 1773 593 libro
1795 563 1924 603 quarto
1947 559 2165 604 diqestorum
2203 560 2345 595 Gaurus

1260 602 1451 637 Marcello:
1477 603 1579 637 binas
1594 603 1699 638 aedes
1712 603 1838 645 habeo,
1861 604 1991 638 alteras
2012 604 2075 638 tibi
2097 605 2173 649 lego
2188 606 2227 648 ¹⁴,
2248 606 2350 640 heres

1261 647 1366 681 aedes
1399 648 1530 682 alteras
1563 648 1669 683 altius
1700 648 1793 683 tollit
1825 652 1860 682 et
1890 649 2081 683 luminibus
2113 651 2183 685 tuis
2218 650 2348 686 officit:

1260 693 1385 737 quid¹⁵
1410 703 1491 727 cum
1515 693 1573 727 illo
1600 704 1702 738 agere
1725 694 1855 737 potes?
1891 697 1925 728 et
1956 704 2002 728 an
2035 694 2205 730 interesse
2254 700 2344 738 ntes,

1261 748 1345 772 suas
1371 738 1476 772 aedes
1502 738 1608 773 altius
1640 738 1744 773 tollat
1775 749 1821 773 an
1853 739 2111 774 hereditarias?
2147 743 2182 774 et
2238 751 2256 775 e
2288 741 2348 775 illo

1261 793 1404 827 quaero,
1431 793 1477 817 an
1501 794 1565 827 per
1589 784 1722 818 alienas
1747 783 1853 818 aedes
1878 794 2063 819 accessum
2083 784 2186 819 heres
2206 785 2252 820 ad
2273 796 2350 821 eam

1260 838 1345 869 rem,
1371 838 1463 872 quae
1475 828 1624 872 legatur,
1650 832 1832 874 praestare
1853 829 1969 870 debet,
1995 829 2089 864 sicut
2108 830 2198 865 solet
2217 829 2349 874 quaeri,

1261 883 1342 907 cum
1366 883 1452 907 usus
1477 873 1616 908 fructus
1642 874 1711 908 loci
1742 874 1879 918 legatus
1912 878 1983 916 est,
2018 874 2064 909 ad
2096 885 2200 919 quem
2232 876 2347 910 locum

1261 918 1384 952 accedi
1408 918 1476 952 nisi
1500 929 1563 962 per
1596 919 1749 953 alienum
1781 929 1853 954 non
1911 923 2014 954 otest.
2063 919 2257 955 Marcellus
2289 931 2344 955 re-

1260 963 1422 1007 spondit:
1449 964 1510 1007 qui
1534 964 1635 998 binas
1661 964 1767 999 aedes
1791 965 1884 999 habe
1911 969 1966 1007 at,
1999 965 2029 1000 si
2054 965 2183 999 alteras
2208 965 2346 1009 legavit,

1260 1019 1332 1043 non
1357 1008 1503 1042 dubium
1529 1013 1599 1051 est,
1634 1010 1717 1053 quin
1749 1010 1852 1044 heres
1884 1010 1973 1044 alias
2006 1010 2120 1054 possit
2151 1010 2257 1045 altius
2282 1011 2349 1045 tol—

1259 1053 1363 1088 lendo
1390 1054 1583 1088 obscurare
1606 1055 1740 1089 lumina
1763 1055 1959 1098 legatarum
1984 1055 2141 1089 aedium:
2175 1055 2267 1090 idem
2298 1055 2349 1090 di-

1262 1099 1413 1133 cendum
1439 1104 1510 1141 est,
1544 1100 1573 1134 si
1605 1100 1708 1134 alteri
1740 1100 1864 1141 aedes,
1898 1100 1999 1135 alteri
2014 1101 2042 1121 ¹⁶
2066 1100 2215 1135 aliarum
2246 1111 2350 1135 usum

1258 1143 1416 1178 fructum
1447 1144 1625 1188 legaverit.
1662 1156 1735 1180 non
1767 1149 1886 1180 autem
1919 1156 2058 1190 semper
2082 1146 2193 1180 simile
2218 1149 2271 1181 est
2293 1146 2350 1180 iti-

1259 1190 1353 1223 neris
1374 1193 1630 1233 argumentum,
1652 1191 1735 1235 quia
1755 1191 1830 1225 sine
1852 1201 2000 1226 accessu
2022 1191 2156 1225 nullum
2178 1194 2232 1226 est
2250 1190 2348 1226 fruc-

1259 1238 1316 1269 tus
1342 1235 1515 1279 legatum,
1541 1236 1704 1270 habitare
1718 1237 1744 1256 ¹⁷
1769 1239 1888 1270 autem
1912 1240 2032 1280 potest
2056 1240 2091 1270 et
2114 1236 2261 1271 aedibus
2286 1237 2350 1272 ob-

1259 1281 1425 1315 scuratis.
1464 1285 1621 1315 ceterum
1646 1292 1713 1316 usu
1744 1281 1866 1315 fructu
1897 1281 1967 1316 loci
1998 1281 2114 1326 legato
2148 1281 2254 1316 etiam
2288 1292 2348 1316 ac-

1261 1336 1383 1360 cessus
1410 1326 1548 1360 dandus
1575 1330 1646 1367 est,
1681 1326 1764 1371 quia
1797 1330 1832 1360 et
1863 1327 1994 1361 haustu
2019 1327 2141 1361 relicto
2166 1327 2233 1361 iter
2258 1338 2346 1372 quo-

1260 1381 1328 1415 que
1353 1371 1398 1405 ad
1422 1371 1658 1406 hauriendum
1682 1376 1936 1416 praestaretur.
1975 1372 2038 1406 sed
2061 1372 2113 1406 ita
2135 1372 2280 1408 officere
2297 1374 2350 1408 lu-

1259 1416 1413 1450 minibus
1447 1420 1481 1451 et
1514 1417 1709 1451 obscurare
1739 1417 1874 1461 legatas
1907 1417 2013 1452 aedes
2047 1417 2273 1460 conceditur,
2309 1423 2350 1453 ut

1259 1472 1331 1496 non
1355 1463 1497 1505 penitus
1521 1462 1639 1496 lumen
1664 1462 1888 1503 recludatur,
1922 1462 1984 1497 sed
2008 1466 2147 1497 tantum
2170 1463 2349 1508 relinqua-

1258 1511 1326 1547 tur,
1353 1511 1526 1551 quantum
1546 1507 1681 1542 sufficit
1701 1508 1945 1542 habitantibus
1966 1508 2003 1542 in
2024 1518 2110 1543 usus
2132 1508 2249 1543 diurni
2274 1520 2349 1544 mo-

1261 1552 1454 1587 deratione.

1308 1595 1355 1633 11
1391 1597 1588 1632 ULPJANUS
1608 1598 1698 1633 libro
1709 1599 1840 1677 fprimo
1865 1597 1909 1632 de
1933 1597 2058 1643 officio
2083 1599 2242 1633 consulis
2282 1599 2350 1642 Qui

1257 1642 1449 1677 luminibus
1471 1643 1665 1678 vicinorum
1686 1653 1706 1678 0
1725 1643 1832 1678 ficere
1845 1643 1984 1677 aliudve
1998 1643 2081 1687 quid
2093 1643 2213 1678 facere
2226 1649 2350 1679 contra

1259 1687 1483 1722 commodum
1508 1698 1628 1723 eorum
1652 1689 1774 1730 vellet,
1800 1689 1888 1723 sciet
1913 1699 1951 1723 se
1974 1688 2124 1723 formam
2149 1699 2191 1723 30
2216 1693 2349 1724 statum

1261 1735 1275 1766 1
1327 1733 1554 1777 antiquorum
1575 1733 1817 1768 aedificiorum
1832 1733 2011 1768 custodire
2024 1733 2162 1768 debere.
2200 1734 2238 1768 Si
2257 1735 2350 1769 inter

1257 1781 1293 1812 te
1318 1782 1352 1812 01
1376 1779 1528 1813 vicinum
1552 1782 1652 1813 tuum
1677 1789 1747 1813 non
1773 1779 1955 1821 convenit,
1992 1778 2039 1812 ad
2063 1790 2169 1823 quam
2194 1779 2348 1814 altitudi-

1258 1834 1338 1857 nem
1364 1824 1483 1858 extolli
1508 1824 1723 1865 aedificiaffl,
1749 1834 1840 1868 quae
1863 1823 1982 1859 facere
2006 1823 2209 1867 instituisti,
2243 1835 2348 1870 opor-

1257 1872 1342 1909 teat,
1368 1870 1540 1903 arbitrum
1565 1870 1727 1914 accipere
1751 1869 1894 1914 poteris.

1307 1911 1357 1949 12
1382 1914 1609 1949 IAVoLENUs
1638 1915 1727 1950 libro
1753 1915 1889 1950 decimo
1915 1925 1964 1949 ex
1992 1913 2113 1950 Cassio
2159 1915 2347 1958 Aedificia,

1258 1969 1349 2003 quae
1373 1959 1576 1994 servitutem
1600 1960 1784 2004 patiantur
1806 1969 1851 1994 ne
1875 1959 1959 2004 quid
1982 1960 2089 1994 altius
2113 1960 2271 2003 tollatur,
2296 1961 2347 1996 vi-

1257 2004 1348 2038 ridia
1373 2015 1483 2048 supra
1508 2015 1585 2039 eam
1610 2005 1830 2039 altitudinem
1850 2004 1983 2039 habere
2003 2009 2172 2049 possunt:
2197 2009 2236 2040 at
2255 2006 2285 2041 si
2306 2006 2349 2041 de

1258 2060 1340 2094 pros
1370 2054 1451 2084 ectu
1475 2054 1531 2085 est
1555 2060 1666 2094 eaque
1690 2051 1878 2085 obstatura
1902 2053 1995 2091 sunt,
2021 2060 2092 2085 non
2117 2055 2278 2095 possunt.

1308 2061 1365 2131 13p
1384 2095 1592 2130 PROCULUS
1613 2095 1703 2130 libro
1727 2095 1884 2130 secundo
1909 2095 2146 2140 epistularum
2194 2096 2345 2140 Quidam

1257 2140 1411 2175 Hiberus
1436 2141 1588 2182 nomine,
1614 2141 1674 2185 qui
1698 2140 1806 2174 habet
1829 2144 1911 2184 post
1935 2141 2064 2174 horrea
2083 2151 2161 2175 mea
2180 2141 2345 2183 insulam,

1258 2185 1440 2220 balnearia
1464 2185 1550 2220 fecit
1575 2185 1769 2220 secundum
1801 2185 1971 2230 parietem
2004 2196 2242 2221 communem:
2276 2197 2347 2221 non

1258 2230 1341 2265 licet
1361 2234 1478 2265 autem
1499 2231 1643 2266 tubulos
1663 2231 1795 2265 habere
1816 2230 1978 2265 admotos
2000 2230 2046 2265 ad
2065 2232 2237 2275 parietem
2251 2243 2346 2266 com-

1257 2286 1417 2318 munem,
1451 2276 1557 2310 sicuti
1588 2287 1633 2311 ne
1664 2276 1835 2321 parietem
1860 2275 2000 2320 quidem
2025 2286 2129 2310 suum
2153 2277 2259 2321 per¹⁹
2281 2288 2345 2322 pa·

1256 2321 1379 2355 rietem
1405 2331 1645 2356 communem:
1680 2321 1723 2356 de
1754 2321 1886 2355 tubulis
1920 2331 1961 2355 eo
1993 2321 2144 2365 amplius
2168 2322 2236 2357 hoc
2260 2322 2346 2357 iuris

1258 2370 1321 2407 est,
1348 2366 1441 2411 quod
1465 2377 1529 2411 per
1554 2377 1613 2401 eos
1637 2365 1779 2400 flamma
1803 2370 1959 2401 torretur
1983 2367 2119 2410 paries:
2147 2377 2217 2411 qua
2241 2367 2284 2401 de
2308 2377 2346 2402 re

1256 2411 1335 2446 volo
1370 2422 1450 2446 cum
1474 2412 1607 2446 Hibero
1642 2412 1819 2456 loquaris,
1853 2422 1896 2445 ne
1927 2422 2001 2445 rem
2034 2411 2191 2446 illicitam
2222 2411 2343 2448 faciat.

1256 2456 1430 2491 Proculus
1462 2457 1664 2501 respondit:
1700 2467 1766 2491 nec
1797 2457 1967 2490 Hiberum
1999 2467 2064 2500 pro
2099 2466 2141 2490 ea
2172 2467 2211 2491 re
2243 2457 2344 2491 dubi-

1256 2506 1334 2536 tare
1357 2505 1456 2546 puto,
1482 2502 1577 2546 quod
1600 2512 1673 2536 rem
1697 2513 1769 2537 non
1793 2502 1999 2546 permissam
2018 2501 2106 2535 facit
2123 2502 2267 2536 tubulos
2290 2512 2344 2536 se-

1260 2550 1273 2580 1
1325 2546 1480 2581 cundum
1514 2557 1734 2582 communem
1768 2547 1939 2591 parietem
1971 2546 2175 2581 extruendo.
2223 2547 2344 2582 Parie-

1257 2595 1328 2626 tem
1353 2602 1573 2626 communem
1597 2592 1796 2626 incrustare
1828 2592 1911 2625 licet
1942 2591 2136 2625 secundum
2162 2591 2344 2644 Capitonis

1257 2638 1487 2679 sententiam,
1523 2637 1615 2671 sicut
1645 2637 1729 2671 11001
1760 2636 1844 2670 1111111
1879 2636 2152 2680 pretiosissimas
2184 2641 2343 2681 plcturas

1256 2682 1389 2716 habere
1412 2682 1449 2716 in
1472 2682 1608 2726 pariete
1633 2682 1827 2716 communi:
1855 2685 2011 2714 ceterum
2036 2681 2066 2715 si
2090 2681 2277 2717 demolitus
2299 2683 2345 2717 sit

1256 2727 1392 2761 vicinus
1425 2730 1460 2761 et
1484 2737 1527 2761 ex
1551 2727 1723 2771 stipulatu
1748 2726 1888 2760 actione
1914 2726 2031 2760 damni
2056 2726 2180 2761 infecti
2204 2732 2341 2772 agatur,

1257 2783 1328 2806 non
1360 2772 1470 2816 pluris
1504 2782 1609 2816 quam
1633 2772 1792 2816 vulgaria
1814 2771 1966 2805 tectoria
1991 2772 2170 2806 aestimari
2193 2772 2341 2808 debent:

1256 2817 1351 2861 quod
1377 2816 1555 2851 observari
1581 2820 1615 2851 et
1638 2817 1674 2850 in
1698 2816 1954 2851 incrustatione
1978 2820 2129 2860 oportet.

1306 2859 1356 2897 14
1381 2861 1575 2896 PAPIRIUS
1598 2861 1621 2895 I
1624 2871 1738 2896 USTUS
1758 2861 1848 2896 libro
1866 2862 1988 2906 primo
2014 2861 2058 2895 cle
2081 2863 2341 2897 constitutioni-

1257 2906 1322 2941 bus
1367 2906 1601 2950 Imperatores
1623 2907 1825 2941 Antoninus
1844 2910 1879 2941 et
1900 2905 2050 2941 Severus
2061 2907 2091 2927 ²⁰
2116 2907 2268 2951 Augusti
2287 2917 2341 2942 re-

1257 2951 1476 2995 scripserunt
1487 2951 1523 2985 in
1535 2961 1627 2993 area,
1652 2962 1742 2996 quae
1764 2951 1850 2985 nulli
1871 2951 2075 2986 servitutem
2098 2951 2213 2994 debet,
2235 2962 2342 3004 posse

1257 2996 1436 3030 dominum
1468 2997 1522 3030 vel
1553 2997 1660 3030 alium
1691 2997 1874 3031 voluntate
1907 2997 1981 3030 eius
2015 2997 2203 3032 aedificare
2234 3001 2341 3031 mter·

1257 3041 1362 3076 misso
1387 3041 1541 3085 legitimo
1567 3042 1682 3085 spatio
1709 3051 1731 3076 a
1754 3042 1871 3076 vicina
1894 3041 2022 3076 insula.

1305 3085 1354 3122 15
1388 3085 1582 3120 ULPIANUS
1613 3086 1703 3121 libro
1735 3087 1925 3121 vicensimo
1957 3098 2051 3121 nono
2085 3087 2134 3121 ad
2167 3085 2339 3122 Sabinum

1256 3131 1352 3166 Inter
1387 3131 1573 3166 servitutes
1606 3142 1650 3165 ne
1680 3131 1871 3166 luminibus
1905 3131 2084 3166 officiatur
2115 3135 2150 3166 et
2182 3142 2226 3166 ne
2256 3142 2339 3176 pro-

1256 3176 1394 3220 spectui
1418 3176 1620 3210 offendatur
1643 3176 1739 3210 aliud
1765 3181 1799 3210 et
1819 3177 1916 3211 aliud
1935 3177 2161 3211 observatur:
2188 3176 2284 3221 quod
2303 3177 2339 3210 in

1254 3225 1446 3265 prospectu
1469 3221 1548 3265 plus
1574 3222 1652 3266 quis
1676 3222 1802 3263 habet,
1836 3233 1881 3256 ne
1912 3221 1996 3266 quid
2029 3222 2060 3256 ei
2092 3221 2270 3256 officiatur
2294 3221 2339 3254 ad

1254 3266 1442 3310 gratiorem
1462 3270 1690 3310 prospectum
1711 3270 1746 3301 et
1762 3267 1921 3308 liberum,
1947 3267 1982 3300 in
2000 3267 2189 3300 luminibus
2210 3270 2336 3306 autem,

1255 3321 1326 3345 non
1360 3310 1504 3345 officere
1535 3321 1580 3345 ne
1610 3312 1742 3346 lumina
1774 3312 1982 3356 cuiusquam
2007 3312 2214 3346 obscuriora
2238 3310 2335 3344 fiant.

1255 3356 1502 3400 quodcumque
1525 3356 1630 3400 igitur
1653 3356 1763 3391 faciat
1787 3357 1832 3391 ad
1862 3356 2004 3391 luminis
2035 3356 2333 3401 impedimentum,

104 3509 142 3548 (1)
169 3509 286 3541 dedere
296 3511 356 3543 del.
366 3523 434 3544 cum
444 3512 479 3544 Β

102 3553 282 3596 Hoffmann

149 3599 189 3637 (41
214 3599 523 3641 Ed.1.2.5...14.29;
541 3603 623 3635 Sab.
634 3610 657 3636 3,
671 3611 1021 3643 4.15...28.30...35.373
1039 3603 1182 3646 Pap.36.

104 3648 218 3675 38...41.
228 3661 272 3666 --
281 3644 365 3676 Bas.
377 3646 430 3684 58,
441 3652 458 3678 2
567 3649 608 3688 (5)
634 3649 823 3689 proiciendi
834 3650 909 3682 dett.
1022 3650 1064 3689 (6)
1090 3650 1138 3681 sic
1146 3648 1183 3687 S,

103 3687 296 3719 nominibus
304 3689 339 3719 F
433 3694 476 3730 (7)
501 3691 536 3721 111
547 3692 608 3723 del.
619 3693 648 3724 S
657 3707 676 3734 ·'.
680 3695 820 3731 fortasse
831 3706 892 3725 scr.
907 3694 1184 3725 inmittondorum

105 3733 148 3771 (8)
173 3732 316 3763 invitose
325 3733 358 3764 F'
407 3735 451 3774 (9)
477 3734 652 3767 tuaedibus
662 3738 695 3768 F
703 3738 724 3777 ¹,
737 3741 795 3768 tua
805 3738 944 3769 aedibus
953 3737 1005 3769 102
1067 3739 1125 3779 (10)
1140 3739 1187 3769 sic

557 3515 600 3555 (2)
625 3514 743 3546 debere
754 3515 816 3548 del.
827 3527 895 3547 cum
905 3515 941 3547 Β
1020 3515 1061 3555 (3)
1088 3514 1181 3545 aliud

1254 3514 1293 3553 P,
1305 3513 1488 3554 perfixasF
1545 3515 1598 3554 (11)
1613 3514 1665 3546 ius
1678 3525 1774 3545 suum
1785 3514 1845 3546 del.
1903 3519 1958 3549 (12)
1976 3524 2048 3544 eum
2060 3513 2120 3545 del.
2185 3513 2242 3551 (13)
2257 3512 2336 3544 citat

1255 3558 1378 3590 Paulus
1387 3559 1431 3590 D.
1444 3559 1474 3598 7,
1484 3566 1507 3596 1,
1519 3566 1554 3591 30
1716 3562 1774 3600 (14)
1799 3559 1851 3590 vel
1868 3569 1963 3589 usum
1980 3558 2123 3588 fructum
2142 3566 2256 3588 earum
2273 3557 2332 3588 ins.

1255 3605 1310 3643 (15)
1337 3613 1414 3633 num
1426 3603 1507 3644 quid
1517 3605 1587 3636 edd.
1713 3606 1773 3645 (16)
1799 3603 1895 3634 alteri
1906 3603 2000 3633 aedes
2010 3602 2105 3632 alteri
2120 3601 2273 3641 aliarum]
2286 3600 2333 3632 31-

1253 3650 1399 3678 terarum
1404 3650 1480 3690 fere
1492 3660 1560 3680 cum
1576 3649 1708 3681 Cuiacio
1780 3650 1836 3687 (17)
1862 3647 2007 3678 habitari
2019 3647 2038 3678 l.
2048 3658 2126 3688 pem.
2205 3647 2264 3686 (18)
2287 3647 2334 3678 sic

1254 3692 1291 3734 S,
1304 3692 1456 3724 aedificio
1465 3693 1499 3724 F
1563 3695 1621 3735 (19)
1637 3704 1731 3725 suum
1741 3695 1813 3734 per]
1824 3703 1923 3734 super
1931 3704 1991 3723 scr.
2070 3691 2133 3730 (20)
2146 3690 2251 3722 Verus
2260 3691 2332 3724 edd.

2024 3791 2063 3824 15
