2528 3918
183 106 390 150 XXXVII
418 107 444 147 9

182 227 335 266 sufficit:
360 236 471 273 quare
492 236 560 263 nec
581 229 682 263 tenet
703 225 801 263 datio
823 226 1000 263 bonorum
1017 223 1265 271 possessionis,

185 274 252 310 nisi
274 282 356 309 vere
378 281 554 317 praegnas
578 270 648 307 fuit
669 275 707 308 et
729 271 853 308 mortis
876 275 1036 315 tempore
1058 272 1095 306 et
1116 278 1171 312 eo,
1196 279 1266 314 quo

185 324 203 353 2
252 318 343 353 mitti
365 316 403 352 in
426 315 687 362 possessionem
706 316 805 362 petit.
843 316 992 352 Totiens
1016 316 1135 351 autem
1158 313 1267 348 mitti-

184 368 243 399 tur
265 364 302 398 in
325 361 587 407 possessiouem
609 365 751 405 venter,
783 362 816 398 si
846 364 917 396 ιιοιί
947 363 1002 396 est
1030 358 1267 395 exheredatus

184 413 219 443 ct
239 408 277 443 id
301 407 395 452 quod
418 407 456 442 in
480 410 580 442 utero
604 407 673 443 erit
697 406 792 442 inter
815 416 900 442 suos
931 404 1078 440 heredes
1106 402 1267 439 futurum

184 452 261 488 erit.
298 451 362 488 sed
386 454 421 487 et
443 450 474 487 si
496 451 672 487 incertum
696 451 752 493 sit,
779 451 897 495 aliquo
914 454 1033 484 tamen
1049 458 1136 486 casu
1152 448 1269 493 possit

184 498 352 539 existere,
384 498 477 542 qu0¹
511 496 573 548 qui
602 496 718 532 editur
742 506 827 531 suus
851 495 994 529 futurus
1017 492 1080 536 sit,
1110 496 1268 529 ventrem

184 543 382 578 mittemus:
423 551 572 594 aequius
607 541 700 577 enim
740 544 795 576 est
830 540 884 575 vel
923 538 1057 575 frustra
1092 548 1267 574 nonnum-

183 597 290 632 quam
320 586 502 631 impendia
531 585 609 622 fieri
640 596 745 631 quam
777 584 944 629 denegari
974 582 1166 628 aliquando
1202 582 1267 618 ali-

183 636 304 668 menta
328 631 377 672 ei,
402 631 464 676 qui
487 630 649 666 dominus
674 631 847 666 bonorum
873 628 990 672 aliquo
1015 638 1102 664 casu
1125 627 1268 662 futurus

185 682 204 711 3
251 680 317 712 est.
365 675 483 720 Quare
520 679 556 711 et
585 675 617 711 si
647 675 699 710 ita
729 673 958 710 exheredatio
990 672 1089 709 facta
1119 672 1186 708 sit:
1226 672 1269 707 ‘si

185 721 282 756 ‘mihi
306 720 399 757 filius
423 722 542 756 ιιιιιιε2
565 724 751 761 nascetur,
784 719 933 754 exheres
957 718 1057 760 esto',
1090 717 1173 762 quia
1196 716 1269 752 filia

184 766 285 802 nasci
307 768 427 811 potest
449 765 504 801 vel
527 764 646 810 plures
670 764 734 799 filii
758 764 811 799 vel
834 762 929 799 filius
958 766 996 799 et
1025 762 1115 805 filia,
1149 766 1269 798 venter

185 812 221 846 in
236 810 498 856 possessionem
516 810 691 845 mittetur:
717 808 830 844 satius
855 812 910 844 est
933 807 1026 844 enim
1049 807 1116 843 sub
1133 807 1268 842 incerto

185 856 260 892 eius
290 855 350 901 qui
381 855 505 891 edetur
537 855 586 889 ali
615 855 722 889 etiam
752 864 833 889 eum
886 853 923 887 ui
953 852 1186 888 exheredatus
1211 852 1268 894 sit,

186 911 293 947 quam
326 910 407 936 eum
441 900 501 945 qui
538 910 608 935 non
649 899 697 934 sit
728 898 857 934 exhere
883 901 965 933 atus
1002 897 1096 933 fame
1129 896 1268 932 necari:

186 949 373 991 ratumque
396 955 475 981 esse
499 945 622 987 debet,
647 944 743 989 quod
767 943 987 979 deminutum
1009 946 1080 985 est,
1113 942 1269 987 quamvis

187 995 206 1026 4
253 991 284 1027 is
308 993 497 1032 nascatur,
530 989 591 1035 qui
614 989 807 1033 repellitur.
855 987 953 1023 Idem
986 988 1054 1023 erit
1083 986 1269 1022 dicendum

186 1041 223 1072 et
244 1036 275 1072 si
298 1034 442 1077 mulier,
475 1045 566 1079 quae
595 1034 664 1069 fuit
694 1033 729 1068 in
753 1033 994 1078 possessione,
1025 1032 1189 1068 abortum
1219 1031 1270 1067 fe·

186 1085 206 1116 5
255 1081 374 1116 cisset.
428 1079 498 1115 Sed
535 1083 571 1115 et
607 1079 638 1114 si
668 1079 735 1114 sub
767 1077 977 1113 condicione
1004 1080 1195 1130 postumus
1225 1076 1272 1112 sit

187 1125 439 1168 exheredatus,
475 1124 652 1176 pendente
688 1123 896 1159 condicione
925 1121 1028 1158 Pedn
1058 1121 1272 1158 sententiam

186 1170 403 1207 admittimus
428 1169 661 1205 existimantis
686 1178 791 1214 posse
816 1171 973 1203 ventrem
1004 1167 1041 1202 in
1074 1166 1270 1212 possessio-

187 1226 266 1251 nem
290 1215 398 1259 mitti,
429 1214 512 1260 quia
544 1214 609 1249 sub
639 1214 776 1249 incerto
806 1212 929 1248 utilius
954 1216 1009 1248 est
1031 1215 1188 1248 ventrem
1211 1211 1269 1246 ali.

187 1265 207 1296 6
255 1260 292 1296 Si
321 1261 468 1295 venter³
499 1260 545 1295 ab
574 1258 747 1294 institutis
777 1257 1015 1294 exheredatus
1039 1257 1103 1300 sit,
1133 1267 1156 1292 a
1185 1257 1270 1293 sub-

186 1305 321 1341 stitutis
344 1304 577 1349 praeteritus,
601 1303 796 1339 Marcellus
821 1306 928 1348 negat
948 1302 987 1338 in
1010 1301 1272 1347 possessionem

186 1361 267 1386 eum
290 1349 382 1384 mitti
405 1359 512 1395 posse
535 1348 734 1384 viventibus
757 1348 941 1392 institutis,
970 1348 1055 1393 quia
1079 1346 1271 1383 exhereda-

187 1399 205 1430 7
254 1399 311 1430 tus
336 1397 408 1430 est:
434 1393 529 1439 quod
552 1403 675 1429 verum
702 1396 768 1429 est.
815 1393 886 1428 Per
910 1393 1130 1428 contrarium
1153 1395 1272 1428 autem

186 1440 217 1476 si
245 1440 291 1475 ab
323 1439 497 1475 institutis
527 1438 743 1484 praeteritus
776 1438 823 1474 sit
846 1441 987 1481 venter,
1019 1448 1043 1474 a
1071 1437 1273 1474 substitutis

186 1484 439 1527 exheredatus,
464 1484 551 1520 vivis
574 1482 749 1519 institutis
773 1482 967 1520 mittendus
991 1486 1048 1519 est
1069 1483 1107 1518 in
1129 1493 1271 1528 posses-

186 1531 339 1566 sionem:
374 1528 471 1575 quod
494 1529 525 1564 si
547 1539 620 1565 non
643 1528 776 1571 vivant,
807 1532 913 1580 negat
936 1528 1164 1571 mittendum,
1190 1527 1274 1573 quia

186 1575 232 1611 ad
263 1585 344 1610 eum
373 1573 523 1619 gradum
552 1574 719 1610 devoluta
748 1573 927 1610 hereditas
959 1577 1034 1616 est,
1065 1583 1089 1609 a
1117 1584 1188 1619 quo
1212 1583 1272 1608 ex-

186 1624 206 1656 8
253 1619 444 1656 heredatus
473 1622 539 1655 est.
587 1619 624 1654 Si
655 1618 749 1655 filius
784 1619 830 1654 ab
862 1618 1027 1655 hostibus
1056 1628 1099 1654 ca
1125 1622 1185 1654 tus
1214 1617 1272 1661 sit,

186 1676 276 1702 uxor
300 1665 376 1701 eius
400 1674 575 1711 praegnas
598 1664 637 1700 in
659 1664 922 1710 possessionem
954 1664 1070 1700 soceri
1125 1674 1274 1699 onorum

186 1710 360 1747 mittenda
382 1713 455 1746 est:
481 1720 564 1745 nam
584 1709 702 1755 aliquo
722 1719 810 1745 casu
827 1718 909 1755 spes
933 1712 990 1745 est
1011 1709 1049 1744 id
1071 1708 1167 1755 quod
1189 1718 1272 1744 nas-

186 1756 280 1792 citur
302 1755 398 1791 inter
420 1765 505 1791 suos
528 1754 676 1791 heredes
707 1753 888 1797 futurum,
922 1758 963 1790 ut
991 1757 1081 1799 puta
1111 1753 1143 1790 si
1171 1756 1274 1799 pater

186 1804 206 1836 9
254 1800 330 1837 eius
354 1799 451 1846 apud
474 1800 597 1836 hostes
622 1799 785 1836 decedat.
833 1799 903 1836 Sed
932 1802 968 1835 et
997 1799 1051 1835 si⁴
1081 1799 1160 1845 quis
1189 1809 1272 1834 ven·

187 1850 277 1882 trem
301 1845 571 1882 exheredasset:
598 1845 671 1891 ‘qui
693 1845 780 1881 mihi
802 1845 899 1881 intra
922 1854 1061 1880 menses
1085 1848 1159 1880 tres
1178 1854 1273 1879 mor-

187 1891 244 1927 ‘tis
268 1900 368 1927 meae
391 1893 499 1926 natus
523 1890 610 1933 erit,
634 1890 782 1926 exheres
806 1890 896 1926 esto’
921 1889 976 1925 vel
999 1889 1072 1942 ‘qui
1094 1892 1178 1935 post
1200 1892 1274 1925 tres

187 1936 359 1979 ‘menses’,
384 1938 507 1972 venter
524 1935 562 1971 in
574 1936 837 1981 possessionem
852 1935 976 1980 utique
991 1938 1165 1977 mittetur,
1189 1933 1274 1980 quia

186 1982 305 2026 aliquo
331 1991 419 2017 casu
443 1991 529 2017 suus
553 1981 657 2017 heres
677 1981 821 2017 futurus
839 1984 912 2017 est:
938 1984 975 2016 et
987 1990 1075 2016 sane
1091 1979 1272 2025 benignio-

186 2037 261 2062 rem
284 2035 363 2062 esse
385 2029 587 2071 praetorem
610 2027 647 2061 in
666 2026 760 2061 hanc
779 2028 920 2071 partem
936 2025 1125 2070 oportebit,
1150 2035 1196 2061 ne
1212 2023 1275 2070 qui

190 2075 230 2107 10
276 2075 443 2116 speratur
466 2074 550 2107 ante
573 2070 681 2106 vitam
704 2074 861 2107 necetur.
910 2069 1122 2106 Rectissime
1153 2072 1274 2106 autem

186 2120 332 2162 praetor
363 2126 539 2161 nusquam
570 2116 690 2151 uxoris
714 2115 801 2151 fecit
824 2115 1058 2158 mentionem,
1090 2115 1174 2160 quia
1197 2114 1275 2150 fieri

187 2165 323 2207 potest,
357 2164 398 2196 ut
419 2161 544 2196 mortis
567 2164 728 2206 tempore
752 2171 844 2196 uxor
866 2170 938 2196 non
960 2159 1087 2203 fuerit,
1119 2169 1211 2206 quae
1235 2169 1274 2196 se

191 2210 227 2242 11
278 2216 322 2242 ex
353 2216 395 2242 eo
427 2209 658 2252 praegnatem
687 2205 785 2241 dicit.
831 2205 953 2240 Etiam
983 2215 1027 2241 ex
1051 2205 1273 2250 emancipato

187 2255 309 2287 venter
331 2250 378 2286 ad
399 2250 662 2296 possessionem
686 2250 894 2286 admittitur.
931 2249 1025 2286 unde
1048 2250 1146 2295 apud
1165 2250 1272 2285 Iulia-

188 2307 273 2332 num
302 2296 393 2332 libro
426 2295 616 2331 vicensimo
649 2296 800 2341 septimo
830 2295 1047 2340 digestorum
1077 2295 1272 2340 quaeritur,

188 2341 218 2378 si
242 2341 487 2386 emancipatus
511 2340 590 2386 quis
613 2341 662 2377 sit
684 2351 797 2376 uxore
819 2341 892 2376 iam
915 2344 1120 2385 praegnate,
1147 2340 1274 2376 deinde

188 2386 401 2423 decessisset
429 2389 467 2422 et
493 2389 598 2431 pater
620 2385 697 2422 eius
720 2389 883 2422 mortuus
908 2386 972 2428 sit,
1004 2395 1051 2421 an
1082 2389 1206 2421 venter
1236 2385 1273 2420 in

188 2431 449 2478 possessionem
475 2430 689 2476 emancipati
711 2431 824 2476 patris
849 2431 941 2466 mitti
963 2430 1089 2476 possit.
1137 2434 1173 2466 et
1195 2440 1271 2466 rec-

188 2477 322 2513 tissime
345 2475 490 2522 scripsit
513 2475 686 2512 rationem
710 2486 783 2511 non
806 2486 896 2519 esse,
921 2486 985 2511 cur
1008 2479 1140 2519 venter,
1169 2485 1273 2521 quem

188 2521 344 2558 edictum
367 2521 539 2564 admittit,
572 2521 695 2566 repelli
719 2520 865 2557 debeat:
897 2524 952 2557 est
982 2521 1074 2556 enim
1100 2520 1273 2566 aequissi-

188 2578 284 2603 mum
308 2566 427 2611 partui
456 2566 610 2609 consuli,
643 2566 704 2611 qui
733 2569 839 2602 natus
872 2566 1046 2602 bonorum
1075 2566 1272 2611 possessio-

188 2622 268 2648 nem
292 2615 507 2657 accepturus
531 2615 597 2647 est.
634 2610 698 2647 sed
721 2615 758 2648 et
780 2611 812 2647 si
835 2621 922 2647 avus
946 2611 1089 2654 viveret,
1114 2611 1273 2646 similiter

193 2660 231 2692 12
280 2660 436 2692 ventrem
473 2656 711 2692 admittemus.
769 2655 806 2691 Si
845 2655 939 2691 filius
976 2656 1014 2691 in
1045 2655 1273 2700 adoptionem

189 2701 294 2738 datus
319 2701 510 2738 decesserit
557 2708 725 2746 raegnate
749 2711 878 2745 uxore,
902 2704 988 2736 tunc
1013 2701 1138 2737 deinde
1161 2701 1271 2746 adop-

189 2750 284 2782 tator
308 2746 496 2782 defunctus
536 2747 647 2788 uerit,
678 2746 837 2782 mittetur
865 2749 988 2782 venter
1014 2746 1052 2781 in
1075 2746 1271 2798 possessio-

190 2802 270 2844 nem
288 2791 342 2826 avi
361 2791 529 2836 adoptivi.
566 2791 628 2827 sed
651 2801 699 2826 an
726 2791 833 2827 etiam
856 2791 894 2826 in
913 2791 1001 2833 eius,
1027 2791 1139 2836 quiin
1160 2791 1271 2845 adop·

190 2841 321 2871 tionem
345 2836 491 2872 dederat
513 2836 643 2879 filium,
667 2836 845 2879 mittetur,
870 2836 1069 2872 videamus:
1103 2840 1138 2872 et
1160 2837 1191 2872 si
1214 2836 1272 2872 hic

190 2891 301 2926 nepos
332 2885 518 2926 postumus
542 2882 644 2917 heres
668 2881 714 2916 ab
739 2891 805 2917 avo
830 2881 984 2917 naturali
1006 2881 1190 2918 institutus
1214 2882 1271 2926 sit,

190 2926 350 2961 mittetur
378 2926 415 2961 in
439 2926 722 2978 possessionem,
756 2926 839 2972 quia
862 2930 898 2962 et
921 2929 1007 2962 nato
1031 2926 1081 2969 ei,
1112 2927 1143 2962 si
1168 2937 1271 2964 nemo

190 2981 234 3007 ex
266 2970 389 3006 liberis
419 2975 466 3006 sit
497 2971 586 3006 alius
600 2973 624 3015 ⁵,
660 2971 836 3007 bonorum
867 2971 1044 3017 possessio
1077 2973 1272 3008 secundum

190 3015 333 3051 tabulas
353 3015 430 3051 dari
446 3020 573 3060 potest,
599 3020 672 3058 aut,
698 3016 728 3052 si
744 3016 816 3052 sint
831 3016 932 3052 liberi
947 3017 1140 3062 praeteriti,
1166 3018 1272 3053 etiam

195 3063 233 3096 13
281 3065 407 3097 contra
446 3060 588 3096 tabulas
622 3072 702 3096 cum
737 3061 823 3106 ipsis
855 3065 975 3106 potest
1005 3062 1179 3107 accipere.
1233 3063 1273 3099 Si

190 3109 292 3151 pater
320 3115 415 3141 nuru
443 3110 635 3157 praegnate
664 3106 777 3141 filium
807 3106 1099 3151 emancipaverit,
1131 3117 1204 3143 non
1234 3108 1273 3143 in

190 3154 306 3186 totum
328 3150 451 3196 repelli
476 3154 597 3185 uterus
623 3150 743 3186 debet:
770 3161 852 3186 nam
879 3161 922 3187 ue
942 3155 1049 3186 natus
1069 3151 1159 3187 solet
1178 3153 1273 3197 patri

189 3206 233 3231 ex
257 3206 348 3247 noyo
373 3194 489 3231 edicto
513 3195 621 3239 iungi.
670 3199 706 3230 et
733 3206 864 3240 genera
881 3196 946 3232 'ter
973 3196 1103 3242 quibus
1129 3197 1271 3234 casibus

190 3241 284 3285 patri
307 3240 464 3285 iungitur
486 3244 609 3283 natus,
641 3240 880 3277 admittendus
905 3244 960 3277 est
983 3245 1105 3277 venter
1128 3242 1165 3277 in
1187 3253 1271 3288 pos·

196 3288 235 3320 14
280 3285 485 3322 sessionem.
522 3284 561 3321 Si
577 3295 629 3328 ea,
655 3295 745 3330 quae
768 3286 805 3320 in
827 3286 1088 3331 possessionem
1113 3287 1187 3322 vult
1208 3288 1271 3332 ire,

190 3341 280 3366 uxor
303 3334 452 3375 negetur
475 3329 530 3366 vel
552 3340 665 3365 nurus
689 3330 741 3365 vel
765 3341 843 3367 esse
868 3331 921 3367 vel
944 3331 1055 3368 fuisse
1079 3332 1137 3367 vel
1161 3342 1205 3368 ex
1229 3343 1270 3368 eo

190 3385 363 3420 praegnas
388 3385 460 3411 non
483 3385 562 3412 esse
585 3374 839 3411 contendatur:
874 3375 1056 3412 decretum
1077 3376 1272 3422 interponit

190 3425 334 3465 praetor
356 3419 427 3455 ad⁶
450 3430 550 3456 exem
577 3419 650 3455 lum
675 3419 891 3455 Carboniani
914 3421 1031 3456 edicti.
1079 3425 1115 3457 et
1143 3422 1195 3457 ita
1216 3421 1269 3458 di-

191 3475 252 3500 vus
282 3464 485 3500 Hadrianus
515 3465 542 3501 C
581 3463 664 3501 udio
692 3463 847 3500 Proculo
883 3466 1041 3511 praetori
1076 3466 1268 3512 rescripsit,

190 3579 228 3614 (1)
252 3576 355 3619 possit
366 3576 504 3610 existere
517 3588 583 3619 quo
596 3578 657 3611 del.
724 3579 769 3619 (ι)
794 3587 880 3611 unus
892 3579 952 3611 del.
1014 3581 1057 3620 (3)
1082 3581 1228 3613 ventrem
1242 3580 1278 3614 P

190 3623 233 3662 (4)
256 3621 303 3653 sio
317 3623 376 3654 ins.
426 3622 468 3661 (5)
486 3631 546 3664 per
557 3632 655 3664 quem
667 3622 885 3656 committitur
898 3624 1041 3657 edietum
1056 3626 1114 3658 ins.
1161 3625 1208 3667 (e)
1226 3624 1268 3658 ad

191 3677 248 3697 om.
268 3666 300 3698 F
368 3667 413 3706 (¹1)
437 3666 526 3708 quod
538 3668 597 3700 ine.
614 3667 662 3700 Γ,
1221 3670 1227 3677 ’

193 3720 264 3742 nem
278 3710 363 3741 mitti
379 3713 508 3752 oportet
521 3712 582 3745 del.

674 3714 719 3753 (⁹)
745 3723 819 3746 eum
832 3725 892 3746 rer.
990 3717 1048 3751 κιο)
1072 3724 1091 3745 a
1107 3715 1209 3747 cndu·
1219 3717 1268 3747 cst

1336 3627 1394 3666 (13)
1420 3626 1658 3661 crediotoribus
1672 3628 1707 3661 F·
1774 3629 1834 3670 (14)
1858 3630 2115 3663 conti-ascribere
2126 3643 2185 3663 scr.

749 3669 796 3710 (8)
820 3667 876 3701 sed
889 3671 1036 3702 ventrem
1047 3669 1083 3702 in
1092 3679 1267 3745 fosse-io-
1335 3668 1390 3702 bet
1402 3683 1463 3703 scr.

1476 0 1485 26 l

1487 22 1547 105 Ὗ

1767 114 1828 146 ΒΕ
1859 111 2034 144 Virmn
2064 110 2111 142 m
2139 109 2259 142 POSS.
2289 110 2406 141 m'rr.

1334 227 1375 260 ut
1396 222 1597 260 summatim
1619 222 1665 260 de
1686 233 1726 259 re
1749 225 1982 268 cognosceret
2002 224 2056 264 et,
2084 220 2118 258 si
2139 218 2328 256 manifesta
2350 229 2411 256 ca·

1333 268 1467 304 lumnia
1489 267 1666 304 videbitur
1686 268 1779 313 eius,
1811 277 1903 313 quae
1933 266 2066 302 ventris
2095 265 2236 302 nomine
2265 264 2304 300 in
2327 275 2411 311 pos·

1334 313 1493 350 sessione
1522 312 1616 349 mitti
1644 312 1842 356 desiderat,
1881 311 1969 347 nihil
2006 310 2089 347 novi
2118 310 2341 347 decerneret:
2381 309 2413 345 si

1335 358 1490 394 dubitari
1514 358 1559 394 de
1580 368 1620 395 re
1642 357 1791 404 poterit,
1824 366 1967 403 operam
1992 355 2111 398 daret,
2143 357 2211 391 ne⁷
2235 353 2410 400 praeiudi—

1335 403 1429 439 cium
1451 402 1516 439 fiat
1538 402 1582 446 ei,
1605 402 1701 448 quod
1723 402 1760 438 in
1783 406 1884 439 utero
1906 405 1972 444 est,
2003 400 2068 437 sed
2090 404 2247 436 ventrem
2269 400 2307 434 in
2329 409 2412 451 pos-

1335 447 1528 484 sessionem
1551 447 1644 483 mitti
1666 451 1807 494 oportet
1816 448 1841 483 ⁸.
1884 449 2034 492 apparet
2055 445 2187 490 itaque,
2211 444 2280 480 nisi
2301 453 2413 479 mam-

1335 493 1428 529 festa
1451 492 1498 528 sit
1522 492 1770 528 calumniatrix
1791 492 1928 534 mulier,
1956 491 2084 526 debere
2108 490 2211 526 eam⁹
2234 489 2414 525 decretum

1336 538 1483 583 eligere:
1515 540 1552 573 et
1575 537 1638 572 ubi
1660 537 1802 573 omnino
1825 537 1917 573 iuste
1941 535 2097 572 dubitari
2119 534 2269 580 poterit,
2301 544 2348 569 an
2372 544 2412 570 ex

1335 593 1377 618 eo
1402 593 1469 628 pra
1539 592 1579 618 as
1603 582 1660 625 sit,
1685 581 1827 618 uectem
1851 581 1985 618 tuenda
2009 583 2072 624 est,
2097 590 2141 616 ne
2184 579 2414 615 raeiudicium

1336 628 1456 673 partui
1505 631 1554 662 at.
1597 626 1759 672 idemque
1781 630 1838 663 est
1860 630 1896 662 et
1917 626 1950 663 si
1972 629 2088 662 status
2112 635 2146 660 m
2188 625 2251 660 ‘eri
2274 628 2415 659 contro-

1340 677 1378 707 15
1430 673 1544 708 versia
1562 671 1636 707 fiat.
1671 672 1721 707 Et
1741 671 1953 717 generaliter
1976 681 2021 707 ex
2044 670 2173 715 quibus
2194 669 2311 705 causis
2329 668 2415 705 Car-

1337 716 1528 753 bonianam
1552 716 1726 753 bonorum
1748 716 2010 762 possessionem
2033 725 2144 767 puero
2167 718 2313 761 praetor
2331 713 2416 749 dare

1337 762 1462 798 solitus
1487 765 1552 805 est,
1576 771 1622 798 ex
1643 761 1780 798 hisdem
1804 760 1923 797 causis
1940 764 2055 796 ventri
2073 769 2214 806 quoque
2231 758 2417 795 subvenire

1336 810 1539 860 praetorem
1563 806 1691 843 debere
1714 817 1786 842 non
1809 806 2028 849 dubitamus,
2060 815 2103 842 eo
2132 805 2292 847 facilius,
2323 803 2418 849 quod

1336 852 1567 888 favorabilior
1602 855 1657 888 est
1696 861 1806 887 causa
1842 854 1969 904 partus
2006 860 2111 896 quam
2141 850 2260 895 pueri:
2298 849 2418 895 partui

1337 897 1430 933 enim
1451 897 1490 932 in
1512 897 1581 933 hoc
1604 896 1753 939 favetur,
1778 900 1818 932 ut
1840 906 1878 931 ιιι
1900 895 2015 931 lucem
2039 894 2270 940 producatur,
2319 903 2417 936 uero,

1338 946 1378 978 ut
1400 942 1437 977 in
1460 942 1630 977 familiam
1653 941 1862 977 inducatur:
1894 943 2020 986 partus
2049 939 2143 976 enim
2171 940 2238 975 iste
2270 904 2418 991 afendus

1338 990 1402 1030 est,
1427 987 1488 1032 qui
1511 990 1547 1023 et
1570 987 1602 1022 si
1614 988 1642 1008 ¹⁰
1666 997 1737 1022 non
1761 990 1901 1021 tantum
1950 985 2075 1028 arenti,
2106 984 2208 1021 cuius
2232 993 2310 1020 esse
2333 983 2418 1020 dim-

1342 1036 1381 1068 16
1427 1036 1498 1076 tur,
1523 1042 1645 1068 verum
1667 1031 1774 1068 etiam
1798 1030 1850 1067 rei
1873 1041 1923 1076 pu
1948 1030 2038 1066 licae
2061 1030 2233 1066 nascitur.
2278 1029 2317 1065 Si
2340 1029 2418 1074 quis

1338 1076 1453 1122 prima
1476 1087 1588 1113 uxore
1610 1080 1804 1123 praegnata
1826 1075 1925 1112 facta
1946 1086 2030 1111 mox
2045 1075 2151 1111 aliam
2167 1074 2309 1110 duxerit
2325 1084 2419 1109 eam·

1339 1132 1407 1167 que
1430 1126 1658 1168 praegnatem
1681 1121 1806 1158 fecerit
1829 1121 1991 1166 diemque
2014 1131 2119 1156 suum
2146 1120 2292 1163 obierit,
2325 1119 2419 1154 edic·

1339 1172 1414 1203 tum
1438 1167 1612 1204 ambobus
1636 1166 1802 1210 sufficiet,
1826 1165 1989 1202 videlicet
2012 1176 2092 1201 cum
2115 1175 2219 1201 nemo
2238 1164 2420 1200 contendit

1342 1215 1380 1248 17
1428 1222 1495 1248 nec
1520 1212 1823 1249 calumniatricem
1846 1211 1943 1247 dicit.
1980 1210 2151 1255 Quotiens
2167 1214 2285 1246 autem
2299 1212 2420 1246 venter

1338 1258 1375 1293 in
1398 1257 1660 1303 possessionem
1678 1257 1842 1300 mittitur,
1867 1256 1959 1292 solet
1974 1256 2100 1291 mulier
2118 1259 2318 1291 curatorem
2337 1264 2420 1290 ven-

1340 1303 1386 1338 tri
1416 1306 1556 1348 petere,
1588 1303 1680 1339 solet
1708 1305 1744 1338 et
1774 1301 1888 1338 bonis.
1943 1301 2007 1337 sed
2040 1301 2071 1337 si
2105 1300 2246 1345 quidem
2282 1302 2420 1336 tantum

1339 1348 1454 1383 ventri
1486 1352 1631 1385 curator
1656 1347 1762 1384 datus
1786 1346 1849 1390 sit,
1881 1345 2116 1382 creditoribus
2147 1345 2421 1391 permittendum

1339 1393 1376 1428 in
1400 1393 1563 1429 custodia
1586 1394 1763 1429 bonorum
1785 1402 1882 1428 esse:
1906 1391 1937 1427 si
1953 1401 2037 1427 vero
2053 1401 2125 1427 non
2141 1394 2281 1426 tantum
2297 1389 2420 1432 ventri,

1341 1438 1404 1474 sed
1427 1438 1535 1474 etiam
1558 1438 1661 1475 bonis
1686 1441 1833 1474 curator
1856 1436 1960 1472 datus
1984 1440 2057 1480 est,
2088 1439 2242 1482 possunt
2263 1446 2342 1472 esse
2365 1445 2419 1471 se-

1341 1483 1419 1519 curi
1443 1483 1654 1526 creditores,
1687 1493 1768 1519 cum
1796 1481 1994 1528 periculum
2017 1481 2063 1517 ad
2087 1485 2289 1517 curatorem
2311 1480 2419 1526 perti·

1340 1532 1434 1564 neat.
1483 1529 1615 1565 idcirco
1649 1532 1850 1564 curatorem
1880 1527 1984 1563 bonis
2017 1537 2061 1562 ex
2082 1526 2310 1572 inquisitione
2333 1525 2420 1561 dan-

1341 1574 1436 1617 dum,
1460 1574 1627 1610 idoneum
1651 1573 1807 1616 scilicet,
1837 1576 1979 1618 oportet
2003 1571 2194 1608 creditores
2218 1581 2345 1607 curare
2368 1571 2421 1606 vel

1341 1619 1372 1656 si
1395 1618 1474 1665 quis
1498 1619 1591 1655 alius
1614 1622 1687 1662 est,
1721 1618 1783 1664 qui
1813 1629 1885 1654 non
1913 1617 2007 1653 edito
2031 1620 2140 1663 partu
2161 1616 2421 1653 successionem

1346 1667 1384 1699 18
1431 1669 1561 1710 speret.
1597 1665 1676 1700 Hoc
1699 1667 1819 1700 autem
1841 1663 1918 1699 iure
1942 1663 2085 1705 utimur,
2110 1666 2150 1697 ut
2169 1661 2261 1698 idem
2277 1664 2422 1698 curator

1342 1713 1377 1745 et
1400 1710 1502 1746 bonis
1528 1713 1564 1746 ει
1586 1710 1698 1745 ventri
1721 1709 1845 1745 detur:
1875 1708 1940 1745 sed
1971 1708 2002 1743 si
2031 1706 2223 1744 creditores
2246 1707 2419 1743 instant¹¹

1342 1754 1396 1791 vel
1419 1754 1480 1801 qui
1503 1759 1626 1808 sperat
1649 1765 1688 1790 se
1711 1763 1971 1796 successurum,
1998 1753 2199 1798 diligentius
2222 1755 2329 1798 atque
2352 1752 2419 1788 cir-

1342 1804 1583 1846 cumspeetlus
1607 1799 1643 1836 id
1666 1799 1743 1835 fieri
1766 1799 1909 1835 debebit
1931 1802 1968 1834 et
1989 1798 2130 1843 plures,
2162 1798 2192 1834 si
2220 1797 2421 1834 desideren-

1345 1848 1384 1881 19
1431 1849 1510 1887 tur.
1534 1845 1643 1881 dandi
1666 1849 1760 1880 sunt.
1807 1844 1938 1880 Mulier
1961 1847 2080 1879 autem
2102 1843 2140 1878 in
2162 1842 2420 1888 possessionem

1341 1891 1450 1927 missa
1474 1901 1517 1927 ea
1540 1890 1628 1934 sola,
1653 1890 1728 1926 sine
1752 1890 1880 1936 quibus
1905 1888 1998 1924 fetus
2021 1888 2189 1924 sustineri
2212 1892 2248 1923 et
2270 1887 2317 1924 ad
2338 1898 2420 1934 par-

1340 1940 1416 1971 tum
1440 1946 1553 1982 usque
1601 1935 1726 1972 roduci
1749 1946 1820 1971 non
1844 1934 1974 1981 possit,
2004 1943 2143 1970 sumere
2166 1944 2211 1969 ex
2235 1933 2337 1969 bonis
2361 1934 2419 1968 de-

1341 1981 1420 2017 bet:
1454 1985 1490 2016 et
1517 1981 1555 2017 in
1611 1991 1679 2017 ane
1707 1991 1782 2017 rem
1806 1982 1951 2016 curator
1974 1978 2241 2015 constituendus
2263 1983 2332 2022 est,
2364 1979 2421 2024 qui

1342 2027 1461 2062 cibum
1515 2029 1614 2062 otum
1642 2026 1809 2062 vestitum
1837 2028 1972 2061 tectum
2001 2024 2140 2060 mulieri
2169 2028 2326 2070 praestet
2354 2034 2421 2069 pro

1340 2071 1576 2107 facultatibus
1600 2070 1760 2107 defuncti
1783 2075 1818 2107 et
1841 2081 1906 2115 pro
1930 2069 2099 2115 dignitate
2123 2069 2198 2105 eius
2221 2073 2328 2114 atque
2344 2080 2420 2104 mu-

1343 2120 1384 2151 20
1431 2117 1539 2153 lieris.
1594 2116 1796 2153 Deminutio
1829 2119 1948 2151 autem
1979 2115 2026 2151 ad
2055 2115 2122 2150 hos
2153 2118 2315 2160 sumptus
2346 2113 2422 2150 fieri

1342 2161 1448 2197 debet
1469 2162 1622 2207 primum
1645 2172 1690 2198 ex
1712 2162 1866 2207 pecunia
1884 2163 2087 2197 numerata:
2112 2159 2144 2196 si
2158 2169 2202 2195 ea
2217 2170 2289 2196 non
2302 2159 2420 2203 fuerit,

1342 2217 1386 2242 ex
1408 2206 1464 2243 his
1488 2207 1608 2251 rebus,
1632 2216 1723 2253 quae
1746 2205 1960 2252 patrimonia
1983 2215 2131 2242 onerare
2153 2205 2264 2250 magis
2286 2204 2332 2240 im
2359 2215 2420 2241 en·

1342 2255 1381 2306 2⁸1
1432 2252 1489 2304 dio
1522 2262 1629 2297 quam
1658 2262 1788 2298 augere
1805 2251 1993 2305 ‚fructibus
2017 2255 2286 2304 consueverunt.
2351 2254 2421 2286 tem

1341 2298 2116 2388 ἓξὲῗὲἱέἳᾚωῗέέθἯῖιὲῗὲἰῖἰὶἲῖθῗαὲἒ
2137 2299 2422 2390 ἴᾲέἑῗὶἶιῗέὲιὲἒ

1342 2390 1384 2422 22
1431 2387 1487 2422 Ita
1515 2387 1623 2432 igitur
1651 2397 1774 2422 curam
1798 2389 1865 2420 hoc
1886 2395 2026 2429 quoque
2051 2381 2171 2419 officio
2194 2382 2423 2421 administra-

1341 2432 1403 2476 bit,
1453 2443 1499 2468 uo
1524 2432 1643 2468 solent
1666 2436 1850 2468 curatores
1865 2433 1893 2454 ²²
1916 2434 2024 2475 atque
2039 2433 2175 2466 tutores
2192 2429 2419 2482 pupillorum.

1342 2480 1384 2513 23
1466 2477 1587 2523 ligitur
1610 2480 1731 2513 autem
1754 2480 1899 2513 curator
1927 2479 1991 2511 aut
2018 2485 2063 2511 ex
2091 2475 2165 2518 his,
2219 2486 2256 2511 ιιι
2283 2479 2421 2512 tutores

1342 2522 1416 2558 dati
1445 2526 1528 2558 sunt
1557 2526 1743 2568 postumo,
1774 2525 1838 2559 aut
1866 2531 1910 2557 ex
1941 2520 2151 2556 necessariis
2174 2486 2421 2566 adfinibusque

1341 2571 1404 2602 aut
1427 2577 1471 2603 ex
1494 2567 1695 2603 substitutis
1719 2571 1783 2603 aut
1805 2577 1849 2603 ex
1873 2566 1994 2602 amicis
2018 2565 2178 2601 defuncti
2200 2569 2264 2601 aut
2280 2576 2323 2602 ex
2343 2576 2419 2602 cre·

1341 2612 1514 2648 ditoribus
1527 2614 1566 2655 ¹³,
1591 2612 1655 2648 sed
1677 2613 1800 2657 utique
1822 2612 1864 2655 is,
1889 2612 1950 2657 qui
1971 2610 2119 2647 idoneus
2139 2610 2333 2646 videbitur:
2357 2617 2420 2647 aut

1341 2657 1372 2693 si
1401 2657 1445 2693 de
1473 2658 1635 2703 personis
1660 2667 1782 2693 eorum
1804 2657 1965 2703 quaestio
1989 2659 2191 2699 moveatur,
2223 2656 2275 2691 vir
2306 2656 2419 2692 bonus

1342 2705 1384 2738 24
1431 2703 1476 2739 eli
1502 2703 1583 2738 ‘tur.
1619 2702 1721 2748 Quod
1743 2703 1775 2739 si
1797 2702 1954 2738 nondum
1976 2701 2023 2737 sit
2046 2704 2190 2737 curator
2205 2701 2419 2738 constitutus

1340 2747 1438 2793 (quia
1467 2759 1490 2793 p
1506 2758 1674 2793 erumque
1703 2751 1766 2783 aut
1790 2758 1862 2784 non
1885 2747 2019 2793 petitur
2041 2751 2104 2782 aut
2127 2745 2264 2782 tardius
2313 2747 2419 2783 etitur

1341 2797 1404 2828 aut
1436 2793 1549 2829 serius
1586 2793 1722 2837 datur),
1760 2793 1904 2829 Servius
1940 2792 2059 2828 aiebat
2093 2801 2151 2827 res
2187 2792 2272 2828 here
2300 2791 2419 2828 'tarias

1341 2838 1506 2874 heredem
1542 2838 1745 2874 institutum
1782 2838 1837 2874 vel
1867 2837 2098 2874 substitutum
2130 2837 2318 2882 obsignare
2347 2848 2418 2874 non

1341 2883 1480 2927 debere,
1504 2883 1568 2920 sed
1591 2886 1729 2918 tantum
1752 2893 2005 2928 pernumerare
2018 2885 2054 2918 et
2067 2881 2204 2917 mulieri
2219 2881 2420 2928 adsignare.

1341 2932 1383 2964 25
1429 2928 1527 2964 Idem
1551 2928 1603 2964 ait
1624 2928 1672 2963 ad
1695 2927 1928 2964 custodienda
1951 2938 2013 2971 ea,
2042 2936 2135 2972 quae
2157 2926 2234 2963 sine
2256 2928 2420 2964 custodia

1341 2973 1439 3010 salva
1462 2983 1541 3010 esse
1563 2983 1635 3009 non
1658 2976 1826 3018 possunt,
1859 2972 2041 3009 custodem
2063 2972 2109 3007 ab
2132 2971 2262 3008 herede
2283 2983 2418 3018 ponen-

1340 3019 1423 3072 dum
1453 3021 1507 3062 (ut
1536 3022 1624 3070 puta
1654 3018 1810 3063 pecoris,
1845 3022 1881 3054 et
1910 3018 1940 3054 si
1971 3017 2127 3054 nondum
2150 3017 2275 3054 messis
2298 3019 2418 3055 vinde-

1340 3073 1451 3099 miave
1474 3063 1574 3099 facta
1596 3066 1674 3106 sit):
1704 3067 1741 3100 et
1769 3064 1800 3099 si
1828 3063 1936 3099 fuerit
1959 3062 2216 3106 controversia,
2270 3069 2418 3100 uantum

1341 3111 1383 3144 26
1430 3108 1586 3144 deminui
1614 3113 1795 3154 oporteat,
1824 3109 1996 3144 arbitrum
2024 3107 2192 3144 dandum.
2275 3114 2419 3146 uratore

1339 3156 1459 3189 autem
1483 3153 1677 3189 constituto
1701 3154 1791 3190 haec
1815 3153 1934 3190 omnia
1957 3163 2098 3190 cessare
2120 3157 2227 3199 puto:
2260 3154 2416 3190 conscri-

1339 3198 1462 3234 bere¹⁴
1498 3201 1617 3233 tamen
1649 3199 1806 3235 curatori
1834 3198 2004 3234 debent¹⁵
2038 3202 2074 3234 et
2104 3198 2267 3235 vendenti
2298 3203 2334 3236 et
2363 3199 2415 3235 in-

1340 3246 1380 3278 27
1429 3242 1626 3278 ventarium
1650 3254 1767 3279 rerum
1792 3244 1948 3280 facienti.
1983 3242 2136 3279 Tamdiu
2159 3248 2277 3281 autem
2296 3248 2415 3280 venter

1338 3287 1376 3323 in
1398 3287 1658 3333 possessionem
1681 3299 1759 3325 esse
1783 3289 1906 3331 debet,
1937 3288 2106 3342 quamdiu
2128 3293 2192 3325 aut
2214 3289 2332 3336 pariat
2353 3294 2416 3325 aut

1338 3333 1502 3368 abortum
1532 3332 1642 3369 faciat
1672 3339 1737 3369 aut
1765 3337 1901 3370 certum
1932 3341 1980 3369 sit
2010 3344 2088 3370 eam
2117 3345 2188 3371 non
2212 3345 2289 3372 esse
2311 3344 2414 3381 prae-

1338 3380 1381 3412 28
1425 3381 1579 3422 gustem.
1615 3378 1666 3413 Et
1687 3378 1719 3415 si
1742 3378 1857 3414 sciens
1879 3378 2105 3426 prudensque
2128 3390 2167 3416 se
2189 3383 2415 3426 praegnatem

1337 3432 1410 3458 non
1432 3431 1510 3458 esse
1534 3423 1808 3470 consumpserit,
1838 3422 1883 3459 de
1906 3434 1971 3460 suo
1996 3434 2073 3460 eam
2096 3425 2133 3461 id
2157 3425 2416 3471 consumpsisse

1335 3466 1459 3503 Labeo
1482 3466 1544 3504 ait.

1337 3580 1396 3623 qui
1408 3581 1442 3614 et
1452 3581 1479 3613 si
1493 3582 1556 3615 del.
1686 3583 1742 3624 (11)
1767 3582 1893 3617 instent
1906 3583 1955 3618 F’
2091 3587 2150 3627 (12)
2174 3585 2339 3619 minorum
2352 3587 2404 3620 ius.

2273 3633 2331 3672 (1⁵)
2357 3630 2404 3663 de-
