2528 3918
0 2997 25 3027 j*
0 2975 18 2982 2
0 2059 27 2946 wwvwwgw-wwflv-wxmum-ijrvr-aw
0 2033 7 2048 -ι
0 1917 12 2019 ww·
0 1883 1 1886 „
11 1751 16 1756 ,
3 1686 5 1688 ·

154 143 465 180 INSTITUEHDIS
1235 125 1320 174 383

153 253 334 300 consequi.
369 254 421 289 ita
444 253 454 262 ’
479 253 551 288 'tur
567 261 627 288 res
647 251 856 297 accipietur.
892 252 993 290 verbi
1015 252 1132 297 gratia
1153 259 1249 296 pone

153 300 245 342 duos
268 308 347 336 esse
368 298 455 337 here
480 307 519 334 es
541 296 739 339 institutos,
771 306 884 332 unum
909 306 953 332 ex
975 296 1089 332 fundo
1115 294 1247 332 Gorne-

151 345 259 387 liano,
284 344 436 379 alterum
454 353 498 379 ex
511 341 626 379 fundo
640 341 804 384 Liviam,
828 345 864 377 et
881 340 1078 377 fundorum
1097 341 1248 377 alterum

152 389 295 436 quidem
313 387 434 424 facere
454 387 668 423 dodrantem
686 386 874 429 bonorum,
899 386 1051 422 alterum
1066 386 1247 433 quadran·

151 439 242 471 tem:
268 437 374 470 erunt
389 433 531 479 quidem
547 431 698 468 heredes
712 434 720 453 ¹
741 441 786 468 ex
801 431 924 477 aequis
941 432 1119 477 partibus,
1144 430 1248 478 quasi

150 480 228 518 sine
264 479 429 525 partibus
466 477 640 520 instituti,
680 481 926 513 verumtamen
961 476 1082 513 officio
1118 476 1247 512 iudicis

149 524 368 563 tenebuntur
377 524 403 567 ²,
427 527 469 559 ιιι
494 522 685 568 unicuique
708 532 834 558 eorum
856 521 991 558 fundus
1016 523 1077 568 qui
1099 522 1247 558 relictus

153 573 170 606 1
220 572 275 606 est
298 569 523 606 adiudicetur
545 568 601 604 vel
625 567 864 603 adtribuatur.
908 566 1012 603 Unde
1036 567 1110 604 scio
1136 577 1246 620 quae-

150 615 278 658 situm,
310 614 404 652 aeris
428 614 536 650 alieni
558 623 650 649 onus
674 623 739 658 pro
767 623 838 658 qua
862 616 965 657 parte
989 613 1162 657 adgnosci
1185 611 1246 648 de-

152 661 245 696 beat.
301 663 338 695 et
366 658 477 696 refert
505 658 747 704 Papinianus,
788 658 892 693 cuius
924 659 1138 694 sententiam
1168 657 1247 703 ipse

150 714 294 751 quoque
323 704 492 750 probavi,
530 714 598 750 pro
637 703 860 739 hereditariis
891 703 1056 748 partibus
1089 713 1150 739 eos
1181 702 1246 738 ad-

199 760 323 787 oscere
353 759 415 786 aes
447 749 603 785 alienum
635 748 784 791 debere,
816 748 887 784 hoc
912 752 967 784 est
988 759 1054 794 pro
1080 748 1244 784 semisse:

149 762 283 832 {Indos
307 795 436 831 etenim
459 795 537 831 vice
559 794 823 839 praeceptionis
847 793 1089 846 accipiendos.
1136 802 1247 839 quare

150 841 181 878 si
203 840 299 878 forte
320 844 463 876 tantum
487 840 534 876 sit
557 850 619 875 aes
644 840 808 882 alienum,
839 842 882 874 ut
904 839 993 874 nihil
1017 839 1178 875 detracto
1204 848 1246 874 eo

150 896 339 932 superesse
368 885 503 931 possit,
536 888 797 930 consequenter
820 883 980 920 dicemus
1004 884 1246 920 institutiones

148 932 239 968 istas
271 941 316 967 ex
338 941 379 967 re
400 930 519 967 factas
542 930 675 966 nullius
700 939 779 965 esse
801 930 989 965 momenti:
1023 933 1059 966 et
1091 930 1122 965 si
1152 928 1247 965 forte

149 976 315 1013 Falcidia
337 976 574 1012 interveniens
597 975 810 1017 recisionem
834 978 929 1010 esset
947 975 1148 1020 legatorum
1167 973 1246 1010 fac-

148 1026 242 1065 tura,
267 1022 344 1059 sic³
367 1021 487 1058 officio
510 1020 638 1057 iudicis
661 1020 813 1056 recidit‘¹
843 1020 1117 1066 praeceptiones
1144 1020 1246 1062 istas,

148 1071 191 1104 ut
214 1078 288 1104 non
310 1066 392 1112 plus
417 1066 569 1112 quisque
592 1076 717 1102 eorum
738 1066 874 1101 habeat
922 1076 1005 1100 uam
1029 1069 1124 1101 esset
1143 1065 1246 1101 habi-

148 1116 264 1156 turus,
292 1113 324 1149 si
345 1112 502 1158 legatum
524 1112 726 1157 accepisset
746 1111 802 1146 vel
825 1110 898 1146 aliu
946 1111 1002 1146 vel
1019 1111 1125 1146 etiam
1167 1120 1246 1147 rae-

149 1158 334 1204 ceptiones
345 1160 369 1193 ⁵.
424 1157 522 1211 quod
556 1157 587 1193 si
620 1157 731 1192 fuerit
763 1157 958 1199 incertum,
1001 1166 1049 1191 an
1082 1155 1137 1191 Fa
1153 1155 1247 1207 cidia

148 1203 394 1240 interventura
423 1206 489 1246 sit,
527 1202 726 1238 rectissime
783 1202 933 1238 robatur
964 1200 1084 1237 officio
1116 1200 1246 1237 iudicis

150 1251 171 1284 2
219 1249 404 1285 cautiones
430 1258 508 1284 esse
530 1248 742 1293 interponen
769 1257 821 1283 as.
859 1246 949 1282 Cum
972 1247 1064 1282 haec
1086 1247 1138 1282 ita
1162 1246 1245 1288 sint,

148 1294 240 1330 haec
272 1294 380 1330 etiam
409 1293 608 1336 institutio,
648 1292 692 1328 de
734 1302 806 1338 qua
845 1292 1048 1344 quaeritur,
1088 1302 1162 1328 non
1193 1294 1249 1327 est

148 1339 365 1421 {stiffi
391 1337 1104 1428 {eraefflusfffinffissssffmffifissioffiff
1118 1347 1247 1418 ιῗιᾞῖἓ

265 1422 267 1424 .
839 1410 848 1425 5

148 1429 400 1465 adtribuentur
423 1429 569 1474 singulis
592 1438 650 1464 res
674 1438 767 1474 quae
791 1428 997 1473 adscriptae
1021 1431 1115 1471 sunt,
1141 1430 1247 1463 erunt

147 1478 269 1511 tamen
302 1474 452 1511 heredes
485 1485 530 1510 ex
560 1474 684 1519 aequis
713 1473 898 1519 partibus,
929 1474 1014 1525 quia
1037 1473 1138 1508 nulla
1158 1483 1245 1518 pars

148 1520 333 1565 adscripta
365 1524 430 1556 est.
480 1529 572 1565 quae
600 1529 659 1555 res
691 1518 798 1562 facit,
831 1522 892 1562 ut,
927 1529 958 1554 si
987 1518 1082 1554 forte
1104 1519 1143 1554 in
1167 1518 1245 1554 aliis

146 1565 381 1604 facultatibus
413 1565 494 1610 plus
525 1565 573 1600 sit
605 1565 655 1608 (in
677 1564 814 1600 Italicis
844 1563 940 1599 forte
968 1574 1076 1616 quam
1099 1564 1138 1599 in
1160 1574 1245 1609 pro-

147 1611 393 1653 vincialibus),
424 1610 463 1645 in
494 1610 573 1646 aliis
604 1610 721 1645 minus
755 1613 790 1644 et
821 1609 914 1645 aeris
938 1609 1045 1645 alieni
1067 1609 1159 1644 ratio
1185 1619 1245 1644 ur-

147 1660 249 1702 guet‚
285 1655 440 1692 debeat⁶
464 1655 535 1691 dici
557 1655 838 1690 imminutionem
863 1653 1013 1690 eandem
1035 1654 1114 1690 fieri
1138 1664 1246 1700 quam

147 1711 260 1747 supra
283 1700 522 1738 ostendimus:
556 1700 708 1753 proinde
741 1704 777 1736 et
807 1700 838 1736 si
868 1699 948 1736 aliis
971 1699 1106 1735 fuerint
1127 1700 1246 1744 legata

148 1749 169 1782 3
217 1747 354 1788 relicta,
380 1746 597 1782 contributio
618 1745 839 1781 admittenda
858 1745 935 1780 erit.
971 1744 1108 1780 Rerum
1124 1749 1245 1780 autem

147 1792 356 1829 Italicarum
387 1792 442 1828 vel
474 1791 746 1837 provincialium
777 1789 1038 1836 significatione
1070 1800 1164 1835 quae
1186 1800 1244 1825 res

146 1837 380 1883 accipiendae
396 1837 478 1879 sint,
504 1835 695 1872 videndum
712 1839 777 1872 est.
814 1839 850 1871 et
864 1835 954 1871 facit
969 1835 1112 1881 quidem
1127 1839 1245 1872 totum

146 1883 313 1923 voluntas
348 1881 526 1918 defuncti:
562 1891 646 1917 nam
681 1881 768 1927 quid
803 1881 973 1924 senserit,
1010 1880 1246 1926 spectandum

146 1931 213 1964 est.
262 1931 507 1964 verumtamen
537 1927 608 1963 hoc
637 1926 913 1972 intellegendum
937 1926 1005 1961 erit
1027 1936 1147 1963 rerum
1170 1926 1244 1961 Ita-

145 1973 297 2011 licarum
331 1972 591 2017 significatione
621 1982 682 2007 eas
714 1971 909 2015 contineri,
944 1981 1036 2016 quas
1069 1974 1244 2017 perpetuo

146 2019 227 2064 quis
261 2018 311 2055 ibi
346 2019 515 2054 habuerit
549 2021 659 2062 atque
692 2017 745 2052 ita
775 2016 970 2062 disposuit,
994 2020 1036 2052 ut
1069 2026 1115 2062 pe
1161 2019 1243 2053 etuo

146 2063 314 2100 haberet:
351 2063 559 2108 ceteroquin
591 2064 621 2098 si
651 2066 813 2108 tempore
844 2062 883 2097 in
906 2072 977 2107 quo
1001 2065 1120 2097 transt
1159 2062 1185 2096 ‘t
1206 2062 1245 2096 ιιι

146 2108 258 2145 alium
280 2109 401 2144 locum
410 2109 436 2151 ⁷,
469 2119 543 2143 non
566 2111 608 2143 ut
629 2107 680 2143 ibi
702 2107 871 2150 haberet,
904 2106 968 2143 sed
991 2110 1033 2143 ut
1057 2107 1173 2144 denuo
1198 2107 1245 2142 ad

146 2152 1243 2243 {uriit‘ifflfflffieiefflffsszaiiffiPuissbffufflffiffi‘

146 2244 217 2280 lico
247 2210 464 2290 pagi-inienio
500 2243 674 2289 quosdam
704 2253 825 2279 servos
857 2243 1003 2279 miserat
1033 2243 1070 2278 in
1098 2243 1243 2288 provin·

147 2290 259 2333 ciam,
290 2289 386 2326 forte
410 2289 582 2332 Galliam,
615 2289 662 2324 ad
693 2288 904 2334 exigendum
935 2287 1095 2324 debitum
1117 2288 1174 2330 vel
1197 2288 1244 2325 ad

146 2345 283 2371 merces
319 2334 600 2380 comparandas,
631 2344 860 2374 recursuros,
893 2333 924 2369 si
955 2337 1243 2379 comparassent:

146 2380 296 2416 dubium
318 2391 392 2416 non
417 2383 482 2422 est,
515 2379 601 2424 quin
624 2379 755 2415 debeat
778 2379 849 2415 dici
872 2379 919 2415 ad
941 2378 1107 2415 Italicum
1129 2379 1243 2425 patri-

145 2425 306 2461 monium
329 2435 391 2461 eos
414 2425 594 2471 pertinere
617 2424 757 2460 debere.
806 2428 848 2459 ut
880 2427 935 2460 est
960 2424 1059 2470 apud
1081 2424 1244 2461 Mucium

145 2470 317 2514 relatum,
354 2481 436 2507 cum
465 2470 599 2506 fundus
631 2473 710 2506 erat
738 2470 877 2515 legatus
908 2470 964 2506 vel
996 2480 1078 2505 cum
1108 2470 1241 2506 instru-

144 2519 265 2552 mento
296 2515 354 2552 vel
385 2526 468 2552 cum
500 2515 557 2551 his
590 2525 683 2561 quae
713 2515 766 2551 ibi
796 2518 898 2551 sunt:
933 2525 1126 2561 agasonem
1151 2516 1244 2551 enim

145 2561 294 2598 missum
315 2561 355 2597 in
377 2560 496 2597 villam
520 2571 543 2596 a
565 2564 670 2606 patre
693 2559 848 2596 familias
879 2570 952 2596 non
983 2561 1165 2613 pertinere
1196 2561 1243 2596 ad

143 2605 250 2642 fundi
271 2606 430 2652 legatum
451 2606 596 2642 Mucius
620 2606 681 2647 ait,
738 2605 798 2641 uia
825 2615 899 2641 non
921 2605 1056 2642 idcirco
1080 2606 1142 2642 illo
1167 2610 1245 2642 erat

144 2652 288 2695 missus,
311 2655 355 2687 ut
375 2651 427 2688 ibi
451 2654 556 2688 esset,
629 2651 708 2686 roin
734 2660 754 2685 e
778 2651 809 2686 si
833 2660 957 2686 servus
979 2650 1090 2687 fuerit
1113 2651 1243 2688 missus

144 2696 183 2732 iii
205 2696 325 2733 villam
347 2696 490 2732 interim
512 2696 585 2732 illic
626 2700 772 2739 uturus‚
808 2695 892 2741 quia
922 2696 1104 2732 dominum
1131 2696 1243 2733 offen-

144 2741 260 2784 derat,
285 2741 388 2788 quasi
411 2741 460 2778 ad
481 2745 623 2788 tempus
646 2741 836 2786 relegatus,
860 2750 1074 2786 responsum
1090 2745 1145 2777 est
1160 2751 1243 2777 eum

145 2787 192 2823 ad
214 2787 320 2824 villae
342 2787 499 2833 legatum
522 2797 596 2822 non
618 2786 807 2832 pertinere.
846 2796 958 2832 quare
980 2796 1025 2822 ne
1048 2787 1140 2822 servi
1188 2787 1241 2823 ui-

146 2832 245 2876 dem,
277 2832 340 2878 qui
369 2832 514 2878 operari
545 2831 584 2867 in
615 2842 701 2877 agro
734 2834 971 2874 consuerunt,
1007 2831 1128 2877 quiin
1190 2831 1242 2867 'os

145 2887 250 2922 agros
273 2878 556 2920 revertebantur,
588 2880 626 2913 et
648 2877 752 2923 quasi
776 2877 822 2912 ab
847 2877 917 2913 alio
943 2876 1183 2913 commodati⁸
1204 2877 1243 2912 in

146 2932 190 2958 ea
213 2925 299 2959 sunt
322 2922 551 2966 condicione,
581 2925 624 2958 ut
654 2922 701 2958 ad
725 2923 881 2968 legatum
903 2922 1125 2968 pertineant,
1158 2922 1243 2968 quia

145 2978 220 3004 non
242 2968 294 3004 ita
316 2968 355 3003 in
378 2978 464 3014 agro
487 2968 645 3011 fuerant,
674 2971 715 3002 ut
739 2968 771 3003 ei
795 2978 879 3013 agro
905 2967 1109 3003 viderentur
1133 2967 1241 3004 desti-

145 3013 234 3049 nati.
275 3023 368 3059 quae
391 3023 449 3049 res
471 3013 510 3049 in
532 3014 718 3059 proposito
744 3023 887 3059 quoque
910 3013 1078 3058 suggerit,
1104 3016 1145 3048 ut
1167 3013 1241 3049 Ita-

144 3057 296 3094 licarum
317 3068 437 3094 rerum
461 3068 540 3094 esse
564 3057 757 3094 credantur
779 3058 850 3094 hae
872 3068 942 3101 res,
968 3068 1059 3103 quas
1082 3058 1121 3093 in
1137 3057 1243 3093 Italia

146 3106 168 3139 4
215 3113 294 3139 esse
310 3106 463 3140 testator
479 3103 603 3140 voluit.
639 3103 796 3140 Proinde
819 3107 855 3139 et
878 3104 910 3139 si
960 3103 1123 3140 ecuniam
1146 3103 1244 3139 misit

145 3147 184 3183 in
216 3148 438 3194 provinciam
471 3148 518 3184 ad
549 3159 686 3184 merces
723 3159 918 3194 comparan
944 3159 984 3184 as
1021 3152 1056 3184 et
1090 3148 1243 3184 necdum

147 3197 379 3239 comparatae
402 3194 485 3237 sint,
518 3193 599 3230 dico
625 3194 826 3239 pecuniam,
859 3203 952 3240 quae
975 3193 1110 3230 idcirco
1133 3194 1244 3230 missa

147 3240 220 3280 est,
254 3242 296 3273 ut
317 3249 383 3284 per
407 3249 485 3274 eam
508 3249 645 3275 merces
668 3239 707 3274 in
730 3239 870 3274 Italiam
894 3239 1172 3283 adveherentur,
1204 3239 1243 3274 in

147 3282 274 3318 Italico
297 3283 511 3336 patrimonio
537 3284 842 3329 adiungendam⁹z
868 3295 952 3319 nam
976 3288 1012 3320 et
1036 3285 1067 3320 si
1086 3284 1243 3320 dedisset

146 3327 185 3379 in
215 3329 400 3372 provincia
431 3329 476 3364 de
505 3330 686 3375 pecuniis,
719 3339 809 3375 quas
841 3329 880 3364 in
902 3330 1008 3365 Italia
1039 3330 1240 3373 exercebat,

146 3375 262 3413 ituras
299 3376 335 3408 et
373 3374 551 3410 redituras
567 3375 605 3418 ¹⁰,
645 3374 837 3410 dicendum
873 3378 928 3411 est
964 3375 1060 3411 hanc
1099 3385 1242 3421 quoque

148 3420 168 3452 5
216 3417 334 3452 Italici
365 3418 570 3463 patrimonii
601 3429 691 3456 esse.
737 3419 929 3455 Rationem
959 3420 1068 3466 igitur
1099 3420 1242 3456 efficere

147 3461 269 3505 dici¹¹,
293 3466 335 3497 ut
353 3473 489 3500 merces
509 3474 650 3510 quoque
668 3465 769 3507 istae,
795 3475 888 3510 quae
909 3469 1138 3510 comparatae
1158 3468 1243 3500 sunt

147 3510 189 3542 ut
212 3507 364 3543 Romam
388 3508 617 3552 veherentur,
649 3510 722 3545 sive
751 3514 943 3555 provectae
974 3514 1059 3546 sunt
1090 3521 1132 3546 eo
1162 3511 1240 3546 vivo

2170 129 2359 172 XXVIII
2388 133 2414 172 5

1317 251 1392 287 sive
1423 251 1603 294 nondum,
1643 254 1680 286 et
1714 252 1788 287 sive
1819 252 1888 287 scit
1917 252 1990 288 sive
2020 251 2214 296 ignoravit,
2254 252 2301 288 ad
2333 262 2413 290 eum

1317 296 1485 333 heredem
1503 296 1683 343 pertinere
1696 297 1735 340 ¹²,
1762 297 1820 333 cui
1835 297 1984 333 Italicae
2007 308 2066 333 res
2090 301 2176 333 sunt
2199 297 2413 343 adscriptae.

1364 339 1419 394 36
1442 341 1553 395 Isau
1579 342 1671 378 libro
1696 345 1823 406 octavo
1847 342 2132 388 disputationum
2154 389 2160 396 ·
2181 342 2219 378 Si
2250 342 2415 396 quis-ita

1317 391 1504 469 ‹Sigssffiiff
1519 386 1718 478 sistra·
1734 396 1839 484 1135OE
1844 398 1972 475 ‘¹330ss
1974 387 2310 479 aiissnssss'idffiffiff
2311 392 2415 470 tt?

1317 477 1409 530 cillis
1440 488 1513 514 non
1542 477 1654 514 fuerit
1683 477 1884 523 adscripta,
1926 477 1994 513 erit
2024 482 2146 514 tamen
2176 480 2279 515 heres
2311 478 2415 526 quasi

1317 533 1395 558 sine
1419 527 1522 569 parte
1544 523 1743 559 institutus.

1363 565 1416 605 37
1442 568 1638 604 IULIANUS
1658 568 1750 605 libro
1765 568 1933 604 vicesimo
1949 579 2046 604 nono
2065 568 2287 615 diqestorum
2324 568 2415 605 Cum

1316 613 1354 648 in
1376 616 1592 650 testamento
1615 613 1669 648 ita
1693 613 1880 649 scribitur:
1914 613 1957 648 ‘si
1987 612 2084 649 filius
2115 624 2215 649 meus
2247 624 2303 649 me
2333 614 2414 650 vivo

1317 658 1520 702 ‘morietur,
1555 669 1601 695 ne
1627 669 1668 696 os
1704 669 1750 694 ex
1785 668 1826 694 eo
1888 662 1946 694 ost
1977 662 2128 694 mortem
2159 669 2275 695 meam
2305 662 2415 695 natus

1317 704 1433 740 ‘heres
1457 705 1557 747 esto’,
1615 715 1661 740 uo
1691 704 1824 750 gradus
1883 703 2027 739 eredum
2058 708 2160 740 sunt:
2193 705 2291 740 nullo
2321 704 2415 740 enim

1316 759 1406 784 casu
1444 753 1596 801 uterque
1635 749 1683 785 ad
1720 749 1957 785 hereditatem
1997 749 2207 784 admittitur.
2262 760 2307 785 ex
2366 760 2415 786 uo

1315 798 1486 840 apparet,
1519 805 1551 830 si
1581 794 1704 840 nepoti
1728 794 1844 830 Titius
1877 794 2093 830 substitutus
2125 794 2235 830 fuerit
2261 798 2297 830 et
2371 805 2415 831 us

1315 840 1412 920 Batti
1434 840 1540 876 heres
1561 840 1751 883 exstiterit,
1776 850 1849 875 non
1868 850 1976 886 posse
1992 839 2126 875 Titium
2145 850 2219 875 una
2239 850 2321 874 cum
2340 840 2414 876 filio

1343 885 1484 920 eredem
1508 895 1597 927 esse,
1623 885 1708 930 quia
1731 896 1805 921 non
1827 885 1865 920 in
1885 885 2051 930 primum,
2076 884 2140 920 sed
2159 885 2198 919 in
2218 885 2415 921 secundum

1320 934 1335 965 1
1384 930 1534 975 gradum
1559 930 1800 966 substituitur.
1848 930 1949 966 Haec
1972 930 2099 966 verba:
2131 930 2291 965 ‘Publius
2315 931 2413 965 Mar-

1318 979 1396 1011 ‘cus
1413 975 1526 1011 Gaius
1549 976 1701 1011 invicem
1725 975 1912 1012 substituti
1935 975 2085 1011 heredes
2108 975 2195 1010 mihi
2220 976 2337 1011 sunto’
2363 976 2415 1011 sic

1315 1021 1587 1067 interpretanda
1609 1024 1705 1064 sunt,
1729 1025 1771 1056 ut
1793 1021 1949 1057 breviter
1970 1020 2151 1056 videretur
2168 1024 2323 1056 testator
2341 1024 2414 1056 tres

1315 1066 1515 1102 instituisse
1545 1066 1696 1102 heredes
1729 1070 1765 1102 et
1789 1066 1943 1102 invicem
1968 1077 2028 1103 eos
2053 1066 2303 1108 substituisse,
2334 1077 2414 1118 per-

1315 1112 1400 1147 inde
1423 1122 1468 1148 ac
1491 1112 1522 1147 si
1545 1112 1598 1147 ita
1620 1112 1842 1157 scripsisset:
1875 1112 1946 1147 ‘ille
1978 1115 2014 1147 et
2035 1111 2096 1147 ille
2121 1114 2157 1147 et
2178 1111 2238 1146 ille
2261 1111 2416 1146 instituti

1318 1160 1338 1194 2
1388 1157 1550 1193 ‘heredes
1575 1161 1612 1192 et
1635 1157 1820 1194 substituti
1844 1157 1975 1193 sunto’.
2013 1156 2083 1202 Qui
2106 1160 2179 1192 tres
2194 1156 2288 1192 filios
2304 1157 2415 1192 habe-

1316 1203 1381 1238 bat
1405 1206 1440 1238 et
1462 1203 1515 1238 ita
1538 1203 1608 1239 scri
1635 1202 1740 1239 serit:
1766 1202 1842 1238 ‘filii
1860 1202 1930 1238 mei
1947 1203 2095 1238 heredes
2114 1205 2239 1238 sunto:
2264 1202 2416 1237 Publius

1317 1247 1423 1284 ‘filius
1447 1258 1548 1284 meus
1573 1259 1592 1283 e
1644 1258 1722 1284 eres
1747 1248 1849 1291 esto',
1880 1247 1993 1283 videri
2022 1251 2144 1293 potest
2174 1247 2290 1293 prima
2313 1251 2416 1294 parte

1317 1293 1408 1329 duos
1434 1293 1623 1329 dumtaxat
1646 1293 1738 1329 filios
1762 1293 1912 1329 heredes
1936 1293 2145 1329 instituisse.

1363 1335 1417 1376 38
1442 1338 1553 1374 IDEM
1571 1339 1663 1375 libro
1688 1339 1739 1374 tri
1763 1339 1872 1375 esimo
1897 1339 2120 1385 diyestorum
2160 1337 2229 1383 Qui
2251 1337 2325 1374 filio
2350 1337 2416 1372 im-

1316 1384 1445 1429 puberi
1481 1384 1699 1420 exheredato
1732 1350 1960 1429 f‘amphilum
1994 1384 2109 1428 legat,
2146 1383 2299 1419 eundem
2334 1386 2418 1429 post

1315 1433 1466 1465 mortem
1489 1429 1554 1465 filii
1578 1440 1623 1465 ex
1646 1433 1750 1475 parte
1768 1429 1938 1465 heredem
1957 1429 2145 1465 instituere
2165 1429 2291 1464 eodem
2309 1428 2415 1464 modo

1342 1478 1448 1518 otest,
1473 1485 1544 1521 quo
1568 1475 1611 1519 is,
1645 1475 1706 1520 qui
1730 1485 1870 1511 servum
1895 1474 2105 1520 Sempronio
2130 1474 2143 1509 l
2188 1478 2298 1516 atum,
2328 1483 2415 1508 eun-

1342 1531 1397 1555 em
1411 1520 1439 1542 ¹⁸
1461 1524 1545 1566 post
1567 1524 1719 1556 mortem
1743 1520 1944 1566 Sempronii
1976 1531 2021 1556 ex
2043 1523 2147 1565 parte
2197 1519 2337 1555 eredem
2359 1518 2415 1554 in·

1320 1569 1330 1599 1
1384 1565 1510 1601 stituit.
1567 1565 1698 1601 Servus
1730 1569 1945 1601 testamento
1981 1565 2086 1601 heres
2147 1575 2212 1600 ure
2246 1564 2416 1610 scriptus,

1315 1611 1406 1646 liber
1430 1614 1552 1647 autem
1574 1611 1694 1646 iussus
1720 1621 1809 1654 esse,
1834 1611 1865 1646 si
1887 1611 1984 1646 intra
2004 1611 2114 1646 kalen
2140 1620 2180 1646 as
2196 1609 2416 1646 Decembres

1316 1656 1439 1692 decem
1464 1656 1630 1699 dedisset,
1655 1657 1686 1691 si
1705 1656 1878 1692 codicillis
1898 1666 1989 1702 pure
2004 1656 2206 1692 libertatem
2223 1655 2416 1700 acceperit,

1315 1702 1412 1736 intra
1435 1701 1611 1737 kalendas
1636 1701 1779 1747 quidem
1802 1712 1919 1747 neque
1942 1701 2033 1736 liber
2055 1711 2173 1747 neque
2203 1701 2307 1736 heres
2337 1700 2415 1743 erit,

1315 1747 1385 1782 nisi
1418 1746 1542 1782 decem
1573 1746 1730 1783 dederit:
1764 1747 1795 1783 si
1825 1747 1921 1782 intra
1952 1746 2127 1782 kalendas
2158 1756 2233 1782 non
2265 1745 2415 1788 dederit,

1317 1794 1336 1827 2
1383 1792 1473 1827 liber
1497 1802 1542 1827 ex
1567 1792 1739 1828 codicillis
1764 1792 1843 1827 erit.
1882 1792 1919 1827 Si
1940 1792 2020 1838 quis
2041 1802 2183 1828 servum
2203 1801 2307 1827 suum
2325 1791 2415 1827 libe-

1315 1847 1394 1873 rum
1418 1837 1486 1873 sub
1512 1837 1741 1880 condicione,
1773 1837 1941 1873 heredem
1972 1847 2065 1883 pure
2088 1837 2292 1882 scripsisset
2316 1846 2415 1872 eum-

1316 1892 1385 1928 que
1408 1882 1625 1919 vendi'disset
1647 1883 1827 1928 pendente
1851 1882 2080 1925 condicione,
2111 1882 2213 1918 iussu
2245 1881 2417 1927 emptoris

1315 1938 1438 1963 servus
1463 1927 1565 1963 adire
1587 1928 1824 1964 hereditatem
1847 1931 1978 1973 potest,
2007 1928 2093 1974 quia
2116 1930 2152 1963 et
2177 1926 2338 1963 constitit
2360 1926 2415 1962 in·

1316 1975 1336 2008 3
1385 1973 1523 2009 stitutio
1557 1977 1593 2008 et
1621 1976 1676 2009 est
1724 1974 1760 2009 ui
1782 1973 1840 2009 ius
1863 1973 2062 2019 imperandi
2086 1973 2207 2008 habet.
2256 1971 2361 2017 Quod
2375 1971 2417 2007 si

1314 2021 1399 2063 post
1422 2017 1600 2054 defectam
1625 2029 1694 2054 con
1722 2019 1873 2055 'cionem
1893 2018 2070 2054 alienatus
2085 2017 2227 2060 fuisset,
2251 2028 2325 2053 non
2349 2027 2415 2062 po-

1315 2066 1388 2100 test
1409 2063 1512 2100 iussu
1536 2064 1706 2110 emptoris
1731 2063 1966 2100 hereditatem
1996 2063 2115 2106 adire,
2149 2063 2234 2109 quia
2258 2073 2300 2098 eo
2325 2066 2415 2097 tem-

1314 2118 1402 2154 pore
1425 2108 1473 2144 ad
1496 2119 1577 2145 euin
1599 2109 1832 2155 pervenisset,
1861 2120 1932 2155 quo
1956 2109 2029 2144 iam
2053 2109 2213 2145 extincta
2235 2107 2415 2143 institutio

1315 2157 1336 2189 4
1382 2154 1517 2191 inutilis
1540 2154 1671 2190 fuerat.
1720 2155 1834 2200 Igitur
1857 2165 1940 2191 cum
1964 2165 2086 2190 servus
2111 2154 2179 2190 sub
2205 2153 2416 2189 condicione

1313 2199 1404 2235 liber
1435 2210 1514 2236 esse
1544 2200 1692 2236 iubetur
1722 2204 1758 2236 et
1780 2199 1937 2246 legatum
1960 2210 2049 2245 pure
2073 2200 2232 2244 accepit,
2264 2199 2295 2235 si
2325 2208 2413 2244 pen-

1315 2244 1421 2280 dente
1461 2245 1672 2281 condicione
1704 2245 1944 2281 manumissus
1980 2245 2036 2281 vel
2071 2245 2249 2280 alienatus
2283 2244 2413 2286 fuerat,

1313 2290 1470 2335 legatum
1493 2291 1642 2326 habebit
1667 2295 1731 2326 aut
1755 2290 1899 2327 domino
1924 2290 2102 2336 adquiret,
2135 2289 2295 2335 quamvis
2319 2298 2413 2324 mor-

1313 2335 1359 2371 tis
1382 2338 1543 2381 tempore
1568 2336 1732 2372 condicio
1755 2336 1933 2372 libertatis
1951 2336 2110 2371 extincta
2125 2335 2253 2371 fuerit:
2278 2334 2311 2370 si
2330 2344 2413 2370 vero

1312 2385 1397 2426 post
1421 2380 1600 2417 defectum
1626 2381 1848 2418 condicionis
1870 2381 2111 2417 manumissus
2143 2383 2208 2416 aut
2236 2379 2413 2415 alienatus

1315 2430 1335 2461 5
1382 2425 1504 2469 fuerit,
1536 2427 1694 2472 legatum
1718 2427 1765 2462 ad
1787 2426 1928 2463 irritum
1951 2426 2089 2462 recidit.
2138 2425 2228 2461 Cum
2251 2424 2414 2460 venditor

1314 2481 1456 2508 servum
1480 2476 1564 2507 ante
1587 2471 1818 2509 traditionem
1841 2472 1888 2508 ab
1913 2474 2074 2524 emptore
2097 2481 2163 2517 pro
2183 2473 2289 2516 parte
2308 2470 2412 2506 here-

1314 2516 1394 2552 dem
1426 2517 1601 2562 scriptum
1627 2517 1728 2553 adire
1750 2517 1871 2560 iubet,
1902 2521 2091 2553 restituere
2123 2515 2288 2552 coheredi
2320 2515 2414 2551 servi

1313 2571 1462 2597 necesse
1492 2563 1621 2615 habet,
1663 2563 1919 2617 quiaqlucrum
1949 2562 2072 2597 facere
2103 2562 2180 2597 eius
2212 2560 2305 2597 servi
2335 2560 2413 2596 iure

1313 2608 1723 2699 ἓὲξιῖἒειέἰῖᾱὶῗέιέἑῗ,
1748 2608 1901 2705 ἓὲἓθὲὶο
1921 2605 2413 2697 ξῗῗιῗωίὶέἓιξοὲἒῗὶθέξὲἓ

1313 2708 1438 2734 servus
1463 2698 1674 2734 coheredem
1696 2698 1875 2741 habuerit,

1359 2740 1414 2781 39
1440 2742 1678 2780 MAROIANUS
1706 2743 1798 2779 libro
1829 2742 1988 2779 secundo
2020 2742 2233 2789 reqularum
2286 2741 2325 2778 id
2357 2744 2413 2778 est

1311 2792 1453 2834 partem
1478 2788 1658 2824 dimidiam
1682 2788 1775 2824 servi
1800 2792 1837 2823 et
1860 2791 2025 2834 quartam
2047 2787 2269 2824 hereditatis.

1359 2832 1413 2872 40
1440 2834 1549 2870 Libro
1566 2834 1749 2880 triqesimo
1767 2833 1988 2880 diqestorum
1998 2832 2163 2869 IULIANI
2171 2832 2364 2869 Munera
2371 2840 2416 2868 vs

1312 2882 1435 2914 notat:
1465 2878 1572 2914 immo
1605 2883 1642 2914 et
1671 2878 1709 2914 id
1741 2878 1847 2915 debet
1875 2878 2071 2925 praestari,
2109 2877 2206 2924 quod
2239 2877 2412 2923 consequi

1311 2923 1476 2959 venditor
1499 2935 1573 2959 non
1596 2924 1786 2969 potuisset,
1818 2924 1849 2959 si
1872 2923 1984 2970 prius,
2017 2934 2125 2970 quam
2148 2923 2265 2959 adiret
2286 2932 2410 2959 servus

1312 2972 1452 3014 partem
1490 2968 1739 3012 hereditatis,
1762 2969 1794 3005 is
1808 2969 1835 2990 ¹⁴
1876 2969 2030 3005 traditus
2067 2972 2180 3005 esset:
2225 2968 2320 3014 quod
2356 2971 2411 3003 est

1311 3024 1448 3051 vei-um.

1359 3057 1410 3096 41
1447 3057 1528 3102 (40)
1565 3058 1627 3094 15Ι
1630 3068 1796 3095 ULIANUS
1831 3059 1922 3096 libro
1962 3060 2148 3112 tripes-imo
2187 3059 2409 3106 dz'qestorum

1312 3104 1352 3140 Si
1374 3107 1480 3150 pater
1501 3103 1658 3139 familias
1683 3104 1836 3148 Titium,
1869 3115 1975 3151 quein
2004 3115 2198 3157 ingenuum
2230 3113 2307 3139 esse
2331 3112 2407 3138 cre-

1313 3149 1432 3192 debat,
1461 3148 1665 3185 ¹⁶heredem
1689 3149 1873 3196 scripserit
1896 3150 2008 3196 eique,
2034 3160 2066 3186 si
2088 3149 2192 3185 heres
2212 3159 2285 3184 non
2302 3150 2407 3189 esset,

1313 3194 1562 3240 Sempronium
1586 3194 1828 3238 substituerit,
1861 3195 1988 3231 deinde
2012 3195 2147 3237 Titius,
2176 3193 2261 3239 quia
2284 3202 2407 3228 servus

1311 3239 1442 3282 fuerat,
1474 3240 1575 3275 iussu
1599 3238 1732 3275 domini
1756 3239 1885 3276 adierit
1907 3240 2159 3276 hereditatem:
2192 3240 2313 3284 potest
2337 3236 2408 3289 dici

1312 3284 1564 3330 Sempronium
1586 3284 1625 3320 in
1647 3289 1787 3330 partein
1809 3285 2018 3321 hereditatis
2043 3284 2193 3321 admitti.
2238 3293 2322 3318 nam
2345 3292 2408 3327 qui

1312 3330 1381 3366 scit
1404 3330 1558 3375 aliquem
1580 3340 1722 3366 servum
1747 3341 1825 3367 esse
1848 3335 1884 3367 et
1908 3341 1989 3367 eum
2018 3330 2184 3365 heredem
2216 3327 2409 3379 scribit-et

1311 3375 1363 3410 ita
1386 3375 1589 3410 substituit:
1617 3375 1660 3410 ‘si
1679 3375 1822 3412 Stichus
1846 3376 1951 3412 heres
1975 3386 2048 3411 non
2074 3375 2150 3416 erit,
2176 3373 2258 3408 Sem
2283 3381 2407 3407 romus

1312 3421 1427 3455 ‘heres
1452 3420 1553 3463 esto',
1577 3420 1794 3466 intellegitur
1816 3421 1889 3457 tale
1913 3420 2009 3467 quod
2033 3419 2168 3455 dicere:
2195 3417 2237 3453 ‘si
2287 3416 2407 3452 tichus

1312 3469 1441 3510 ‘neque
1463 3466 1542 3510 ipse
1565 3466 1670 3502 heres
1696 3467 1762 3501 erit
1783 3477 1901 3512 neque
1925 3466 2034 3501 alium
2047 3466 2074 3486 ¹⁷
2097 3463 2247 3499 fecerit’.
2272 3464 2323 3514 ‚at
2346 3460 2408 3513 qui

1312 3521 1412 3551 eum,
1443 3521 1548 3556 quem
1579 3510 1731 3546 liberum
1761 3516 1866 3557 putat
1890 3521 1987 3553 esse,
2020 3509 2187 3545 heredem
2211 3509 2407 3552 scripserit,

150 3623 189 3663 (1)
214 3621 309 3654 heres
327 3622 362 3654 F
459 3623 502 3664 (2)
527 3622 759 3657 continebitur
775 3625 803 3658 S
908 3626 951 3666 (3)
975 3625 1124 3658 facturas
1140 3626 1196 3657 hic
1213 3627 1250 3658 F
1310 3625 1350 3657 ab
1374 3624 1441 3659 alio
1463 3625 1668 3658 commodati
1687 3638 1751 3659 scr.
1846 3628 1889 3667 (9)
1915 3624 2100 3665 patrimoni
2120 3623 2336 3664 invigendam
2351 3622 2386 3655 F
2394 3622 2406 3643 ¹

148 3666 191 3707 (4)
217 3667 323 3699 recidi
337 3667 509 3711 Schultz'nq
619 3670 662 3710 (5)
687 3670 925 3712 praeceptione
936 3682 998 3703 scr.
1113 3672 1157 3710 (6)
1181 3680 1238 3702 ur·
1309 3671 1369 3712 (10)
1394 3670 1519 3702 ituram
1533 3672 1567 3703 et
1578 3670 1765 3703 redituram
1778 3683 1839 3703 scr.
1921 3671 1974 3709 (11)
2001 3668 2072 3700 dixi
2085 3669 2168 3701 Hal.
2243 3669 2302 3709 (12)
2326 3678 2404 3710 per-

149 3714 267 3752 guetat
278 3712 313 3744 F
415 3713 459 3754 (7)
485 3712 563 3744 siin
578 3715 710 3755 tempus
724 3725 789 3756 quo
803 3714 981 3747 transtulit
993 3715 1068 3755 (del.
1083 3716 1120 3748 in
1132 3715 1237 3748 alium
1307 3716 1457 3748 tinerent
1468 3728 1532 3749 scr.
1622 3718 1680 3758 (13)
1705 3715 1807 3758 legat,
1822 3718 1892 3746 tum
1906 3713 2047 3745 eundem
2060 3726 2122 3747 scr.
2209 3713 2266 3752 (14)
2293 3713 2322 3745 is
2339 3713 2403 3746 del.

149 3755 273 3796 locum)
291 3769 351 3789 scr.
447 3759 492 3798 (8)
518 3767 593 3790 cum
612 3756 649 3789 in
672 3758 756 3791 alios
776 3769 874 3802 agros
894 3763 1118 3802 revertantur,
1139 3761 1236 3802 quasi
1307 3763 1366 3803 (15)
1390 3777 1435 3790 π
1452 3761 1531 3794 Inst.
1547 3761 1579 3803 2,
1592 3768 1635 3801 15,
1650 3769 1667 3794 4
1758 3762 1816 3800 (16)
1842 3770 1902 3802 pro
1915 3761 2011 3801 parte
2030 3759 2089 3791 ins.
2186 3760 2242 3798 (17)
2268 3758 2362 3790 aliud
2375 3758 2409 3790 F'
