2528 3918
116 118 178 147 AD
208 116 520 150 uUNIOIPALEM
550 117 606 148 ΕΤ
635 117 696 149 DE
725 113 905 150 INOOLIS

1201 101 1280 150 841

2273 115 2358 159 L1

865 328 1045 379 LIBER
1076 327 1614 389 QUINQUAGESIMUS.

634 456 691 496 1¹.

258 525 320 558 AD
343 523 673 558 MUNIGIPALEM
696 523 756 556 ΕΤ
780 523 843 556 ΒΕ
867 523 1061 557 INCOLIS.

164 589 183 628 1
219 589 413 627 Utpmvvs
445 590 536 626 libro
567 589 725 626 secundo
758 589 809 625 ad
837 589 992 626 edictum
1049 589 1204 626 Munici-

114 634 1031 727 iemsstutrsssssslstgffidfeffistmfflfficfflssuffssssisssstss
1046 635 1205 717 ffigssffs·

113 693 319 807 particiffeffi
342 726 480 772 recepti
502 726 541 761 in
559 725 761 762 civitatem²
783 729 825 760 ut
847 736 996 762 munera
1019 726 1206 762 nobiscum

129 776 294 808 acerent:
326 771 391 808 sed
413 782 510 807 nunc
541 771 689 808 abusive
720 771 918 816 municipes
944 771 1093 808 dicimus
1119 783 1206 808 suae

114 817 288 863 cuiusque
312 817 491 854 civitatis³
515 817 619 861 cives,
650 820 692 852 ut
714 819 803 862 puta
828 816 1048 863 Campanos,
1073 818 1205 853 Puteo-

114 865 134 899 2
180 863 295 899 Ianos.
346 863 416 908 Qui
447 873 491 898 ex
521 862 662 898 duobus
693 862 801 907 igitur
825 862 1017 908 Campanis
1046 863 1205 908 parenti-

112 908 182 944 bus
205 912 314 945 natus
337 913 403 951 est,
430 908 515 944 Cam
543 918 633 943 anus
658 911 723 944 est.
760 907 825 944 sed
849 908 879 944 si
903 919 948 944 ex
971 912 1076 954 patre
1102 909 1205 945 Cam-

113 964 227 999 pano,
258 957 373 990 matre
395 954 510 990 Puteo
525 963 611 998 ana,
643 963 757 1006 aeque
789 953 975 999 municeps
1001 953 1205 1000 Campanus

114 1002 185 1042 est,
221 999 292 1036 nisi
321 999 416 1036 forte
446 998 630 1052 privilegio
655 999 773 1044 ahquo
799 1002 962 1035 materna
998 1000 1095 1045 origo
1122 1011 1204 1036 cen-

113 1048 254 1080 seatur:
290 1048 376 1081 tunc
407 1055 501 1080 emm
523 1048 706 1080 maternae
738 1044 883 1089 originis
916 1046 984 1081 erit
1006 1045 1203 1090 municeps.

112 1093 154 1125 ut
186 1094 276 1136 puta
310 1090 501 1126 Iliensibus
545 1100 756 1126 concessum
801 1094 874 1133 est,
918 1094 960 1125 ut
995 1091 1055 1136 qui
1090 1095 1206 1126 matre

111 1135 233 1171 Iliensi
256 1139 327 1180 est,
357 1136 405 1171 sit
436 1146 560 1171 eorum
582 1135 779 1181 municeps.
829 1136 936 1171 etiam
959 1136 1111 1181 Delphis
1135 1137 1205 1172 hoc

111 1181 205 1217 idem
240 1181 414 1217 tributum
449 1185 486 1216 et
522 1184 772 1217 conservatum
807 1185 872 1217 est.
936 1181 1060 1217 Celsus
1097 1182 1205 1217 etiam

111 1226 223 1262 refert
245 1226 406 1263 Ponticis
438 1236 482 1262 ex
510 1226 685 1262 beneficio
717 1226 878 1272 Pompeii
906 1227 1031 1272 Magni
1063 1237 1204 1273 compe-

111 1276 204 1315 tere,
242 1275 284 1308 ut
318 1272 380 1318 qui
409 1271 562 1308 Pontica
598 1275 712 1307 matre
745 1276 853 1308 natus
884 1276 995 1316 esset,
1031 1273 1204 1309 Ponticus

113 1321 219 1353 esset.
274 1317 371 1363 quod
409 1317 623 1353 beneficium
660 1317 707 1352 ad
740 1318 843 1362 volgo
883 1317 1066 1363 quaesitos
1107 1318 1204 1354 solos

111 1363 290 1408 pertinere
313 1362 458 1409 quidam
481 1366 620 1408 putant.
664 1373 817 1407 quorum
841 1364 1055 1399 sententiam
1080 1363 1204 1400 Celsus

111 1419 185 1444 non
213 1408 363 1454 probat:
400 1417 516 1454 neque
539 1408 632 1444 enim
664 1408 831 1444 debuisse
855 1410 989 1453 caveri,
1030 1413 1072 1444 ut
1102 1410 1203 1454 volgo

111 1454 294 1498 quaesitus
318 1454 442 1490 matris
466 1453 712 1489 condicionem
731 1464 769 1489 se
795 1458 942 1490 ueretur
966 1457 1088 1500 (quam
1110 1455 1205 1490 enim

111 1499 219 1534 aliam
243 1499 416 1544 originem
444 1499 504 1534 hic
533 1499 698 1542 habet?):
724 1510 762 1535 se
812 1500 860 1535 ad
884 1510 963 1543 eos,
997 1500 1057 1546 qui
1082 1510 1126 1535 ex
1151 1500 1203 1536 di-

110 1555 293 1580 versarum
317 1544 513 1580 civitatium
536 1544 747 1589 parentibus
773 1549 970 1581 orerentur.

157 1588 183 1627 2
207 1590 315 1626 low
333 1590 424 1626 libro
442 1591 566 1637 primo
591 1589 877 1636 disputationum
912 1590 1085 1635 Quotiens
1108 1588 1204 1626 filius

110 1635 265 1671 familias
294 1636 479 1671 voluntate
511 1635 626 1680 patris
659 1635 805 1671 decurio
832 1640 995 1679 creatur,
1027 1636 1204 1672 universis

111 1681 332 1724 muneribus,
357 1691 450 1726 quae
474 1680 659 1716 decurioni
682 1680 756 1717 filio
780 1681 1024 1734 iniungantur,
1050 1682 1203 1718 obstric-

110 1731 169 1762 tus
195 1730 250 1763 est
272 1730 376 1772 pater
400 1726 502 1771 quasi
534 1725 724 1762 fideiussor
754 1737 820 1772 pro
844 1726 929 1763 fil10.
979 1727 1204 1763 consensisse

111 1775 230 1807 autem
264 1776 368 1825 pater
403 1771 652 1807 decurionatui
685 1772 750 1807 filii
772 1772 932 1815 videtur,
969 1772 1001 1808 si
1030 1783 1203 1818 praesens

110 1817 345 1853 nominationi
367 1828 441 1853 non
465 1816 691 1852 contradixit.
735 1818 887 1862 proinde
911 1817 1082 1863 quidquid
1105 1818 1143 1853 in
1165 1829 1204 1854 re

110 1863 258 1909 publica
287 1863 382 1898 filius
411 1862 538 1907 gessit,
570 1866 674 1907 pater
703 1867 744 1898 ut
771 1862 962 1899 fideiussor
992 1864 1202 1909 praestabit.

114 1912 127 1943 1
180 1908 329 1944 Gestum
359 1912 479 1943 autem
509 1908 547 1943 in
582 1918 622 1943 re
659 1909 806 1954 publica
837 1909 1001 1954 accipere
1033 1909 1204 1945 debemus

111 1954 300 1999 pecuniam
329 1953 512 1999 publicam
541 1956 698 1989 tractare
729 1954 802 1989 sive
833 1954 1051 1999 erogandam
1080 1954 1203 1990 decer-

111 2002 132 2034 2
177 2009 274 2035 nere.
317 1998 388 2034 Sed
411 2003 448 2034 et
471 1999 501 2034 si
526 2003 711 2035 curatores
736 2010 885 2044 operum
907 2000 964 2035 vel
988 2000 1089 2035 cuius
1113 2000 1204 2035 alte-

112 2048 132 2079 3
178 2045 254 2080 rius
289 2045 343 2080 rei
376 2044 544 2090 publicae
580 2044 731 2087 creavit,
768 2045 960 2080 tenebitur.
1009 2045 1079 2081 Sed
1108 2049 1145 2081 et
1173 2045 1205 2081 si

112 2093 133 2125 4
180 2100 425 2126 successorem
444 2090 512 2125 sibi
531 2090 734 2134 nominavit,
755 2094 894 2135 patrem
907 2091 1107 2136 obstringit.
1134 2090 1205 2126 Sed

111 2138 148 2171 et
171 2136 202 2172 si
225 2135 411 2180 vectigalia
434 2135 581 2180 publica
603 2136 752 2179 locavit,
777 2140 880 2181 pater
904 2136 971 2171 erit
995 2136 1201 2172 obstrictus.

111 2184 130 2215 5
178 2180 249 2216 Sed
274 2181 304 2216 si
326 2180 421 2215 filius
444 2183 583 2217 tutores
604 2181 690 2216 dare
713 2191 789 2217 non
811 2182 991 2217 curaverit
1013 2182 1068 2217 vel
1086 2182 1203 2217 minus

109 2225 259 2262 idoneos
282 2226 429 2270 elegerit
457 2236 524 2261 nec
555 2226 643 2262 satis
676 2226 832 2271 exegerit
860 2227 915 2262 vel
938 2238 1012 2263 non
1035 2226 1203 2262 idoneum

111 2271 309 2324 acceperit,
333 2272 411 2316 ipse
435 2271 577 2316 quidem
601 2271 686 2316 quin
710 2272 758 2307 sit
781 2272 988 2315 obstrictus,
1012 2272 1113 2308 nulla
1136 2272 1201 2308 du-

110 2318 236 2353 bitatio
272 2320 343 2352 est:
378 2319 483 2362 pater
514 2327 596 2352 vero
627 2317 679 2352 ita
711 2317 851 2353 demum
875 2318 1069 2371 obligatur,
1106 2318 1138 2353 si
1168 2322 1204 2353 et

110 2362 338 2398 fideiussores
374 2362 491 2398 solent
525 2362 596 2398 hoc
630 2363 773 2398 nomine
810 2363 972 2408 obligan.
1031 2363 1093 2399 sed
1130 2374 1203 2399 non

110 2408 227 2443 solent
250 2408 334 2451 (hoc
358 2407 452 2443 enim
475 2411 512 2443 et
534 2408 687 2443 relatum
711 2412 747 2443 et
769 2408 881 2444 rescri
907 2412 983 2444 tum
1008 2411 1092 2453 est),
1118 2409 1203 2453 quia

110 2452 338 2489 fideiussores
367 2463 443 2488 rem
483 2453 665 2499 publicam
698 2454 834 2489 salvam
888 2464 949 2490 ore
977 2454 1201 2499 promittunt,

109 2499 163 2535 rei
185 2498 352 2544 publicae
375 2502 495 2533 autem
519 2498 624 2542 nihil,
660 2499 756 2544 quod
779 2499 826 2534 ad
849 2509 926 2535 rem
984 2499 1202 2535 ecuniariam

111 2548 131 2580 6
178 2544 316 2586 attinet,
336 2543 488 2579 interest
508 2544 653 2589 pupillis
671 2546 811 2580 tutores
832 2544 920 2580 dari.
975 2555 1006 2587 s,
1025 2545 1086 2590 qui
1106 2546 1203 2580 ultra

109 2593 348 2625 .-:ommeatum
380 2589 482 2624 abest
513 2590 568 2624 vel
591 2589 689 2624 ultra
711 2589 864 2625 formam
896 2591 1113 2626 commeatui
1137 2590 1200 2626 da-

109 2638 184 2670 tam
194 2635 219 2677 ⁴,
245 2634 291 2670 ad
314 2636 486 2669 munera⁵
507 2634 630 2669 vocari
652 2638 782 2680 potest.

157 2677 182 2718 3
206 2679 316 2715 IDEM
341 2680 432 2715 libro
456 2681 647 2715 vicensimo
672 2681 799 2726 quinto
823 2681 873 2716 ad
895 2681 1070 2717 Sabinum
1117 2681 1200 2717 Pla-

111 2729 170 2760 cet
191 2725 300 2760 etiam
323 2724 416 2759 filios
439 2723 594 2761 familias
618 2725 835 2761 domicilium
858 2726 992 2762 habere
1014 2737 1123 2772 posse

156 2769 183 2807 4
214 2769 324 2805 IDEM
350 2769 441 2806 libro
473 2771 683 2816 triqensimo
712 2782 809 2806 nono
841 2772 891 2807 ad
921 2772 1075 2808 edictum
1128 2783 1201 2807 non

111 2816 234 2861 utique
263 2815 333 2859 ibi,
367 2815 431 2850 ubi
464 2819 568 2860 pater
598 2816 741 2861 habuit,
780 2817 843 2852 sed
876 2817 1092 2862 ubicumque
1124 2819 1201 2863 ipse

111 2860 328 2896 domicilium
353 2861 549 2896 constituit.

158 2905 182 2943 5
209 2904 264 2941 ΡΑ
273 2914 368 2941 ULUS
388 2906 479 2941 libro
497 2906 802 2953 quadraqensimo
827 2908 953 2952 quinto
977 2907 1028 2943 ad
1046 2908 1201 2944 edictum

111 2952 234 2987 Labeo
257 2950 394 2986 indicat
418 2961 515 2993 eum,
548 2952 610 2996 qui
630 2952 794 3005 pluribus
816 2952 906 2988 locis
931 2963 976 2989 ex
999 2963 1114 2998 aequo
1138 2964 1201 2988 ne-

134 2997 276 3039 otietur‚
297 3006 475 3041 nusquam
486 2996 702 3032 domicihum
720 2998 869 3033 habere:
896 2998 1071 3043 quosdam
1082 3003 1201 3034 autem

138 3042 230 3078 'cere
260 3040 371 3077 refert
404 3041 568 3086 pluribus
598 3042 688 3078 locis
723 3053 804 3078 eum
834 3043 990 3079 incolam
1027 3054 1107 3080 esse
1138 3048 1202 3079 aut

111 3086 328 3122 domicilium
350 3086 501 3122 habere:
532 3087 629 3132 quod
650 3088 768 3124 verius
793 3092 859 3124 est.

157 3130 183 3170 6
215 3132 410 3168 ΠιΡῙΑΝσε
430 3132 522 3168 libro
546 3133 704 3168 secundo
728 3135 939 3180 opinionum
986 3134 1200 3180 Adsumptio

111 3177 273 3222 originis,
306 3187 398 3223 quae
420 3188 495 3212 non
518 3181 590 3221 est,
620 3178 802 3215 veritatem
826 3183 978 3215 naturae
1001 3190 1075 3215 non
1097 3190 1200 3225 pere-

32 3233 43 3249 *
110 3222 192 3258 mit:
225 3232 345 3258 errore
374 3222 469 3258 enim
499 3223 631 3258 veritas
663 3223 806 3268 originis
837 3236 911 3260 non
934 3225 1112 3260 amittitur
1135 3236 1201 3261 nec

111 3267 297 3303 mendacio
321 3268 470 3303 dicentis
493 3277 533 3303 se
556 3278 647 3310 esse,
672 3269 767 3305 unde
789 3281 862 3306 non
885 3270 941 3314 sit,
967 3270 1199 3316 deponiturssz

111 3323 226 3358 neque
248 3313 448 3349 recusando
496 3313 552 3348 uis
576 3314 749 3358 patriam,
774 3324 819 3350 ex
866 3326 915 3351 ua
938 3315 1110 3351 oriundus
1135 3320 1199 3359 est,

111 3368 227 3405 neque
250 3358 452 3394 mentiendo
881 3361 984 3404 abet,
1015 3361 1200 3397 veritatem

117 3408 129 3439 l
179 3406 318 3439 mutare
378 3407 482 3440 otest.
531 3403 645 3440 Filius
679 3404 876 3449 civitatem,
913 3417 958 3442 ex
993 3417 1065 3451 qua
1096 3410 1201 3451 pater

111 3449 189 3485 eius
220 3415 419 3484 naturalem
450 3449 620 3494 originem
644 3449 760 3493 ducit,
790 3461 863 3486 non
894 3451 1112 3487 domicilium
1143 3462 1198 3486 se-

113 3497 132 3530 2
180 3493 312 3539 quitur.
365 3494 461 3535 Viris
495 3494 734 3540 prudentibus
768 3495 905 3540 placuit
934 3496 1075 3532 duobus
1111 3496 1199 3532 locis

111 3549 218 3585 posse
252 3538 406 3583 aliquem
435 3540 568 3576 habere
597 3539 830 3585 domicilium,
865 3542 896 3577 si
927 3542 1118 3588 utrubique
1149 3542 1200 3576 ita

501 3368 521 3394 e
545 3368 604 3400 ea,
630 3369 737 3403 quam
761 3370 833 3395 non

1276 464 1315 490 se
1345 453 1533 499 instruxit,
1573 458 1614 490 ut
1647 467 1719 492 non
1754 457 1833 494 ideo
1872 460 1988 497 minus
2029 462 2125 507 apud
2161 463 2293 501 alteros
2325 474 2365 502 ιο

1277 503 1296 535 3
1346 500 1544 536 collocasse
1567 500 1739 537 videatur.
1788 503 1963 542 Libertini
1992 507 2163 553 originem
2219 513 2361 546 atrono-

1276 556 1362 626 rumt
1377 545 1433 582 vel
1457 545 1671 582 domicilium
1695 553 1909 593 sequuntur:
1941 552 2025 587 item
2049 553 2110 598 qui
2133 564 2178 589 ex
2228 555 2235 562 '
2279 565 2358 592 nas·

1277 601 1346 626 cun
1364 602 1418 626 ur.

1323 633 1346 689 7
1379 636 1486 672 IDEM
1510 636 1610 690 ’libro
1644 638 1770 683 quinto
1806 639 1850 675 de
1881 641 2008 687 officio
2035 645 2271 697 proconsulis
2326 645 2364 681 Si

1276 692 1364 736 quis·
1379 692 1401 717 a
1425 682 1589 735 plumbus
1610 683 1850 721 manumissus
1875 686 1930 730 sit,
1956 697 2112 723 ommum
2130 693 2364 734 patronorum

1277 738 1330 764 ori
1393 738 1449 763 em
1472 732 1646 773 sequltur.

1358 774 1372 795 ⁷
1404 772 1644 809 MARcIANUs
1674 774 1765 811 libro
1791 775 1916 821 primo
1953 776 1997 812 de
2028 778 2171 815 iudiciis
2237 780 2364 817 atticis

1274 817 1358 854 Non
1382 818 1513 854 debere
1537 819 1617 864 cogi
1640 818 1850 856 decuriones
1874 821 1976 858 vilius
2000 827 2183 868 praestare
2222 835 2364 861 rumen·

1275 867 1351 899 tum
1384 864 1521 900 civibus
1554 864 1649 908 suis,
1682 875 1789 910 quam
1819 875 1962 902 annona
1986 868 2113 912 exigit,
2139 869 2210 905 divi
2233 870 2364 907 fratres

1275 910 1549 955 rescripserunt,
1575 913 1612 946 et
1629 910 1710 946 aliis
1734 922 1876 956 quoque
1897 913 2209 951 constitutionibus
2233 916 2364 961 princi-

1275 955 1418 1001 palibus
1442 955 1480 991 id
1505 958 1651 991 cautum
1675 959 1741 992 est.

1321 998 1347 1038 9
1372 1000 1580 1037 NERM'ws
1601 1001 1692 1037 libro
1717 1003 1822 1037 tertio
1847 1003 2135 1039 membranarum
2181 1006 2281 1048 Eius,
2306 1007 2367 1051 qui

1274 1046 1408 1098 iustum
1431 1049 1571 1092 patrem
1588 1057 1662 1082 non
1684 1047 1805 1090 habet,
1830 1047 1946 1093 prima
1967 1049 2064 1095 origo
2085 1060 2107 1085 a
2124 1054 2237 1087 matre
2255 1062 2367 1097 eoque

1275 1091 1342 1134 die,
1368 1102 1439 1137 quo
1465 1102 1509 1127 ex
1533 1102 1576 1128 ea
1600 1092 1718 1128 editus
1742 1097 1816 1136 est,
1842 1094 2022 1129 numerari
2045 1095 2162 1132 debet.

1323 1135 1374 1175 10
1399 1136 1638 1173 MARGJANUS
1666 1137 1758 1174 libro
1781 1139 1839 1174 sin
1867 1139 1967 1174 utari
1987 1139 2032 1175 de
2055 1140 2276 1178 delatoribus
2312 1141 2367 1177 Si-

1274 1182 1358 1218 mile
1392 1182 1615 1228 privilequm
1649 1182 1738 1219 fisco
1775 1195 1799 1219 n
1854 1194 1876 1219 a
1906 1184 2030 1221 civitas
2054 1185 2165 1221 habet
2195 1186 2233 1221 in
2263 1187 2368 1223 bonis

1275 1227 1465 1271 debitoris,
1490 1228 1561 1264 nisi
1583 1228 1793 1264 nominatim
1816 1229 1853 1264 id
1877 1239 1900 1265 a
1922 1230 2085 1276 principe
2109 1231 2231 1267 datum
2254 1232 2312 1268 sit.

1325 1272 1371 1310 11
1406 1272 1654 1309 Papmmws
1682 1274 1773 1310 libro
1805 1275 1963 1311 secundo
1995 1277 2246 1322 quaestionum
2297 1277 2367 1312 Im·

1274 1322 1421 1364 perator
1464 1318 1567 1355 Titus
1612 1320 1816 1356 Antoninus
1857 1320 2013 1357 Lentulo
2048 1321 2143 1357 Vero
2184 1322 2369 1368 rescripsit

1273 1364 1549 1410 magistratuum
1575 1364 1735 1401 officium
1758 1365 1978 1401 individuum
2001 1377 2044 1402 ac
2069 1368 2267 1413 periculum
2290 1378 2369 1404 esse

1275 1420 1463 1446 commune
1473 1411 1497 1445 ⁸.
1534 1410 1631 1455 quod
1654 1411 1707 1447 sic
1729 1411 1888 1456 intellegi
1912 1416 2064 1458 oportet,
2089 1416 2130 1448 ut
2153 1413 2204 1448 ita
2229 1413 2368 1449 demum

1275 1455 1432 1500 collegae
1455 1455 1654 1500 periculum
1679 1456 1915 1500 adscribatur,
1942 1458 1972 1493 si
1995 1468 2110 1503 neque
2134 1459 2179 1493 ab
2204 1459 2283 1505 ipso
2308 1459 2369 1504 qui

1272 1501 1385 1546 gessit
1414 1511 1532 1546 neque
1562 1502 1608 1537 ab
1639 1501 1716 1545 his,
1749 1502 1811 1547 qui
1833 1513 1899 1548 pro
1925 1513 1966 1538 eo
1991 1503 2276 1547 intervenerunt,
2310 1514 2368 1540 res

1274 1546 1410 1582 servari
1432 1546 1548 1592 possit
1572 1550 1608 1582 et
1632 1547 1803 1583 solvendo
1835 1558 1907 1583 non
1931 1548 2000 1583 fuit
2028 1549 2165 1585 honore
2190 1548 2366 1595 deposito.

1274 1592 1345 1628 alio
1371 1592 1433 1627 uin
1463 1592 1495 1628 si
1523 1602 1679 1638 persona
1709 1593 1765 1628 vel
1797 1593 1917 1629 cautio
1950 1593 1996 1629 sit
2031 1594 2176 1639 idonea,
2211 1594 2267 1630 vel
2297 1594 2368 1631 sol·

1272 1648 1340 1673 ven
1366 1648 1387 1673 o
1411 1637 1482 1672 fuit
1506 1648 1576 1682 quo
1595 1641 1755 1683 tempore
1774 1639 1956 1674 conveniri
1972 1639 2100 1692 potuit,
2124 1640 2369 1686 unusquisque

1278 1686 1292 1718 1
1341 1683 1380 1718 in
1401 1683 1439 1718 id
1464 1683 1561 1727 quod
1583 1683 1847 1720 administravit
1866 1685 2057 1721 tenebitur.
2095 1684 2198 1730 Quod
2221 1685 2252 1721 si
2274 1685 2370 1721 forte

1272 1728 1314 1772 is,
1340 1728 1401 1773 qui
1424 1728 1586 1774 periculo
1612 1740 1678 1764 suo
1703 1728 1898 1765 nominavit
1916 1740 1974 1765 ma
2000 1730 2173 1773 stratum,
2199 1730 2369 1767 solvendo

1273 1773 1335 1818 sit,
1370 1777 1491 1809 utrum
1515 1774 1552 1808 in
1576 1784 1658 1809 eum
1680 1775 1780 1819 prius
1805 1775 1900 1811 actio
1924 1786 1964 1811 re
1991 1775 2026 1810 di
2055 1776 2159 1821 quasi
2181 1775 2368 1812 fideiusso-

1273 1829 1347 1854 rem
1381 1819 1527 1862 debeat,
1542 1834 1544 1838 =
1560 1830 1608 1854 an
1637 1830 1721 1855 vero
1745 1831 1819 1856 non
1842 1821 1947 1864 alias,
1981 1831 2087 1866 quam
2111 1822 2142 1857 si
2165 1832 2222 1857 res
2247 1831 2270 1857 a
2294 1822 2367 1857 col·

1272 1865 1353 1909 lega
1385 1864 1519 1900 servari
1549 1875 1622 1901 non
1654 1865 1838 1910 potuerit?
1885 1866 1949 1902 sed
1979 1866 2118 1912 placuit
2146 1866 2367 1904 fideiussoris

1273 1910 1436 1955 exemplo
1461 1910 1618 1955 priorem
1643 1911 1924 1946 conveniendum
1948 1912 2009 1956 qui
2032 1911 2246 1955 nominavit,
2278 1923 2367 1957 quo-

1273 1956 1371 1991 niam
1403 1955 1542 2001 collega
1574 1956 1717 2001 quidem
1741 1957 1984 2002 neglegentiae
2009 1967 2052 1992 ac
2082 1967 2221 2002 poenae
2245 1967 2366 2003 causa,

1274 2001 1336 2046 qui
1359 2011 1442 2037 vero
1468 2001 1683 2045 nominavit,
1707 2001 1792 2037 fidei
1814 2002 1955 2038 ratione
1979 2002 2197 2038 convenitur.

1323 2043 1374 2083 12
1399 2046 1506 2082 IDEM
1535 2047 1626 2083 libro
1653 2048 1775 2094 primo
1807 2058 2064 2095 responsorum
2110 2048 2162 2083 Et
2184 2048 2217 2084 ei
2241 2052 2367 2084 contra

1273 2091 1448 2127 nominati
1472 2092 1647 2137 collegam
1665 2093 1842 2128 actionem
1867 2093 1991 2128 utilem
2015 2093 2093 2129 dari
2116 2104 2188 2129 non
2212 2097 2365 2139 oportet.

1323 2135 1372 2175 13
1399 2137 1669 2173 Pammzvvff
1693 2138 1784 2174 libro
1808 2139 1967 2175 secundo
1992 2140 2241 2185 quaestionum
2275 2139 2367 2184 Quid

1273 2193 1372 2228 ergo,
1398 2182 1429 2218 si
1453 2182 1546 2218 alter
1570 2194 1614 2219 ex
1638 2184 1905 2228 magistratibus
1929 2187 2005 2220 toto
2030 2194 2124 2220 anno
2149 2184 2280 2220 afuerit
2303 2188 2368 2219 aut

1273 2228 1368 2264 forte
1399 2238 1572 2273 praesens
1604 2239 1670 2274 per
1707 2229 1970 2265 contumaciam
2001 2229 2074 2265 sive
2104 2229 2281 2274 ignaviam
2311 2230 2367 2265 vel

1272 2283 1416 2318 aegram
1439 2274 1672 2309 valitudinem
1694 2274 1747 2310 rei
1769 2274 1936 2320 publicae
1960 2275 2103 2319 negotia
2125 2286 2198 2311 non
2216 2275 2368 2320 gesserit

1272 2322 1310 2354 et
1339 2319 1458 2355 omnia
1497 2320 1636 2365 collega
1667 2320 1765 2355 solus
1795 2319 2111 2363 administraverit,
2150 2330 2216 2356 nec
2245 2326 2366 2356 tamen

1271 2367 1349 2400 tota
1379 2374 1438 2400 res
1470 2365 1517 2400 ab
1550 2376 1593 2401 eo
1625 2365 1760 2401 servari
1788 2365 1930 2410 possit?
1977 2364 2058 2400 talis
2091 2365 2179 2401 ordo
2211 2364 2364 2409 dabitur,

1272 2413 1312 2445 ut
1335 2410 1371 2444 in
1401 2410 1524 2455 primis
1557 2410 1619 2456 qui
1649 2411 1702 2447 rei
1733 2411 1899 2456 publicae
1932 2410 2074 2455 negotia
2102 2410 2215 2455 gessit
2237 2414 2274 2446 et
2304 2411 2366 2456 qui

1271 2466 1337 2500 pro
1363 2466 1406 2491 eo
1432 2460 1605 2491 caverunt
1628 2457 1665 2491 in
1690 2456 1843 2492 solidum
1869 2456 2142 2498 conveniantur,
2176 2466 2259 2491 mox
2281 2466 2363 2509 per-

1271 2501 1363 2536 actis
1378 2502 1405 2522 ¹⁰
1437 2501 1601 2537 omnibus
1635 2502 1835 2547 periculum
1867 2501 2064 2546 adgnoscat
2094 2501 2154 2546 qui
2184 2512 2257 2536 non
2286 2501 2364 2537 ido-

1271 2557 1378 2581 neum
1408 2546 1622 2590 nominavit,
1659 2551 1840 2592 postremo
1881 2547 1972 2582 alter
2008 2557 2053 2581 ex
2084 2546 2363 2591 magistratibus,

1271 2592 1333 2636 qui
1355 2591 1409 2627 rei
1431 2591 1599 2644 publicae
1623 2592 1774 2638 negotiis
1799 2603 1838 2628 se
1855 2603 1927 2627 non
1944 2592 2145 2627 immiscuit.
2180 2602 2248 2627 nec
2270 2592 2364 2627 iuste

1295 2636 1334 2671 ui
1352 2637 1548 2672 nommavit
1567 2637 1723 2673 universi
1739 2637 1937 2683 periculum
1956 2637 2148 2680 recusabit,
2172 2647 2253 2673 cum
2271 2637 2364 2672 scire

1271 2648 1419 2717 deberet
1442 2693 1540 2727 eum,
1573 2683 1634 2728 qui
1663 2684 1927 2725 nominaretur,
1960 2682 2180 2718 individuum
2204 2681 2363 2717 officium

1271 2730 1306 2762 et
1337 2738 1523 2764 commune
1554 2729 1752 2773 periculum
1784 2732 2046 2772 suscepturum.
2103 2738 2186 2763 nam
2215 2731 2252 2763 et
2282 2737 2364 2762 cum

1270 2772 1342 2808 duo
1366 2777 1554 2818 gesserunt
1578 2777 1614 2809 et
1636 2774 1681 2809 ab
1707 2774 1818 2809 altero
1843 2773 1978 2809 servari
2002 2773 2096 2817 quod
2121 2772 2272 2808 debetur
2290 2783 2364 2808 non

1270 2822 1405 2863 potest,
1439 2819 1501 2864 qui
1533 2819 1706 2864 collegam
1736 2819 1946 2862 nominavit,
1977 2818 2013 2854 in
2044 2818 2248 2854 universum
2277 2828 2361 2853 con-

1270 2864 1419 2899 venitur.

1321 2908 1371 2945 14
1395 2909 1503 2944 IDEM
1538 2909 1629 2944 libro
1654 2909 1780 2955 quinto
1811 2909 1947 2945 decimo
1972 2909 2219 2955 quaestionum
2277 2907 2360 2942 Mu-

1269 2954 1405 2999 nicipes
1434 2954 1692 2998 intelleguntur
1722 2953 1831 2997 scire,
1865 2954 1961 2998 quod
1992 2954 2107 2989 sciant
2138 2953 2192 2995 hi,
2231 2952 2361 2997 quibus

1270 3010 1409 3035 summa
1432 2999 1485 3034 rei
1507 2999 1675 3045 publicae
1701 3000 1890 3035 commissa
1913 3003 1978 3035 est.

1320 3043 1370 3081 15
1385 3047 1411 3066 ¹¹
1435 3044 1544 3080 IDEM
1573 3044 1664 3080 libro
1690 3045 1815 3090 primo
1839 3054 2094 3091 responsorum
2143 3042 2275 3077 Ordine
2298 3041 2358 3077 de-

1271 3090 1459 3126 curionum
1490 3089 1537 3125 ad
1561 3093 1703 3134 tempus
1726 3093 1846 3125 motus
1872 3094 1907 3124 et
1935 3089 1972 3124 in
1997 3088 2155 3123 ordinem
2178 3096 2359 3131 regressus

1271 3134 1318 3170 ad.
1341 3135 1513 3170 honorem
1527 3136 1564 3178 ¹²,
1599 3135 1762 3179 exemplo
1786 3134 1953 3179 relegati,
1978 3137 2078 3168 tanto
2103 3138 2263 3177 tompore
2286 3141 2360 3167 non

1270 3180 1489 3222 admittitur,
1523 3183 1658 3232 quanto
1691 3180 1862 3225 dignitate
1886 3179 2011 3215 caruit.
2060 3178 2123 3213 sed
2146 3178 2183 3212 in
2206 3180 2360 3229 utroque

1269 3225 1406 3270 placuit
1436 3225 1650 3268 examinari,
1688 3236 1759 3270 quo
1792 3224 1936 3260 crimine
1961 3223 2116 3258 damnati
2146 3225 2359 3275 sententiam

1270 3269 1446 3306 eiusmodi
1469 3273 1693 3306 meruerunt:
1720 3270 1924 3305 durioribus
1948 3268 2078 3303 etenim
2100 3276 2225 3312 poems
2249 3265 2356 3301 affec-

1268 3318 1326 3351 tos
1357 3315 1552 3360 ignominia
1581 3315 1679 3351 velut
1708 3318 1892 3350 transacto
1929 3313 2070 3357 negotio
2108 3315 2234 3357 postea
2269 3311 2357 3364 libe-

1268 3361 1351 3404 rari,
1376 3360 1574 3397 minoribus
1598 3371 1692 3404 vero,
1719 3370 1825 3404 quam
1847 3359 1942 3403 leges
1965 3358 2186 3409 permittunt,
2216 3356 2357 3409 imbreo-3

1268 3409 1326 3441 tos
1358 3405 1470 3441 nihilo
1507 3406 1624 3442 minus
1663 3406 1757 3440 inter
1789 3403 1939 3439 infames
1978 3402 2120 3446 haben,
2158 3411 2239 3437 cum
2269 3400 2358 3436 facti

1269 3450 1412 3496 quidem
1445 3451 1606 3496 quaestio
1638 3451 1685 3487 sit
1715 3450 1752 3484 in
1783 3451 1962 3494 potestate
1984 3447 2233 3488 iudicantium,
2268 3446 2356 3483 iuris

1272 3500 1287 3530 1
1338 3499 1459 3531 autem
1489 3496 1686 3532 auctoritas
1716 3504 1788 3529 non
1818 3494 1874 3529 sit.
1922 3493 1964 3527 In
1994 3502 2091 3535 eum,
2124 3492 2185 3536 qui
2213 3501 2356 3527 succes-

1269 3551 1387 3578 sorem
1418 3552 1484 3578 suo
1514 3541 1674 3588 periculo
1705 3538 1914 3582 nominavit,
1955 3537 1986 3574 si
2014 3536 2114 3572 finito
2145 3536 2357 3582 magistratu

158 3654 201 3696 (1)
227 3653 308 3687 Sab.
329 3660 434 3694 2...10;
459 3654 544 3697 Pap.
566 3661 685 3693 ¹1...23;
710 3654 798 3698 App.
819 3662 874 3694 24;
898 3656 1001 3690 Ed.1.
1016 3663 1136 3690 25...38.
1153 3673 1199 3679 —

115 3698 198 3731 Bas.
209 3700 263 3739 54,
277 3706 301 3732 ι.
314 3718 356 3723 -
373 3699 425 3743 Cf:
441 3700 586 3742 Cod.10,
599 3707 645 3734 38.
661 3707 697 3734 39
767 3701 811 3742 (2)
837 3700 972 3734 civitate
984 3702 1018 3734 F
1081 3702 1126 3742 (3)
1150 3701 1197 3733 ci-

114 3744 281 3776 vitates'F
379 3745 423 3787 (4)
449 3744 541 3777 dabit
562 3744 612 3778 F²
714 3746 759 3787 (5)
785 3755 918 3779 mur-era
937 3746 972 3779 F
1068 3747 1113 3788 (6)
1137 3755 1198 3778 nec

1268 3654 1441 3687 mendacio
1525 3653 1704 3695 deponitur
1724 3652 1787 3685 del.
1932 3652 1976 3691 (Ἰ)
2001 3652 2043 3693 cf
2063 3651 2108 3683 D.
2127 3651 2184 3691 48,
2203 3657 2247 3690 12,
2266 3656 2283 3683 3
2299 3661 2354 3692 pr.

1269 3702 1312 3739 (s)
1338 3710 1547 3734 communem
1566 3699 1601 3732 F
1715 3699 1759 3739 (9)
1784 3696 1871 3731 idem
1891 3695 1943 3728 F²
2061 3695 2124 3736 (ιο)
2150 3694 2273 3728 exactis
2291 3706 2352 3727 uer.

1269 3749 1326 3788 (ιι)
1351 3747 1398 3779 ad
1402 3758 1455 3789 pr.
1472 3744 1572 3788 ffD.
1587 3744 1641 3785 48,
1654 3750 1698 3785 16,
1713 3750 1768 3785 1,4
1861 3744 1920 3784 (12)
1945 3740 2088 3774 honores
2099 3739 2153 3772 [Μ

2018 3797 2081 3829 106
