<?xml version="1.0" encoding="UTF-8"?>
<!DOCTYPE html PUBLIC "-//W3C//DTD XHTML 1.0 Transitional//EN"
    "http://www.w3.org/TR/xhtml1/DTD/xhtml1-transitional.dtd">
<html xmlns="http://www.w3.org/1999/xhtml" xml:lang="en" lang="en">
 <head>
  <title>
</title>
<meta http-equiv="Content-Type" content="text/html;charset=utf-8" />
  <meta name='ocr-system' content='tesseract 3.04.00' />
  <meta name='ocr-capabilities' content='ocr_page ocr_carea ocr_par ocr_line ocrx_word'/>
</head>
<body>
  <div class='ocr_page' id='page_1' title='image "./corpusjuriscivil01krueuoft_0238.png"; bbox 0 0 2528 3918; ppageno 0'>
   <div class='ocr_carea' id='block_1_1' title="bbox 154 102 364 146">
    <p class='ocr_par' dir='ltr' id='par_1_1' title="bbox 154 102 364 146">
     <span class='ocr_line' id='line_1_1' title="bbox 154 102 364 146; baseline -0.005 0"><span class='ocrx_word' id='word_1_1' title='bbox 154 102 252 146; x_wconf 85' lang='lat' dir='ltr'><strong>vlu</strong></span> <span class='ocrx_word' id='word_1_2' title='bbox 283 104 364 145; x_wconf 80' lang='lat'><strong>5.6</strong></span> 
     </span>
    </p>
   </div>
   <div class='ocr_carea' id='block_1_2' title="bbox 151 219 1247 2527">
    <p class='ocr_par' dir='ltr' id='par_1_2' title="bbox 151 219 1243 496">
     <span class='ocr_line' id='line_1_2' title="bbox 153 219 1241 268; baseline -0.005 -6"><span class='ocrx_word' id='word_1_3' title='bbox 153 227 174 262; x_wconf 87' lang='lat'>2</span> <span class='ocrx_word' id='word_1_4' title='bbox 221 223 424 261; x_wconf 82' lang='lat' dir='ltr'><strong>Secundum</strong></span> <span class='ocrx_word' id='word_1_5' title='bbox 448 222 551 259; x_wconf 90' lang='lat' dir='ltr'><strong>cuius</strong></span> <span class='ocrx_word' id='word_1_6' title='bbox 573 221 749 268; x_wconf 88' lang='lat' dir='ltr'><strong>parietem</strong></span> <span class='ocrx_word' id='word_1_7' title='bbox 770 221 909 258; x_wconf 85' lang='lat' dir='ltr'><strong>vicinus</strong></span> <span class='ocrx_word' id='word_1_8' title='bbox 932 221 1165 258; x_wconf 82' lang='lat' dir='ltr'><strong>sterculinum</strong></span> <span class='ocrx_word' id='word_1_9' title='bbox 1187 219 1241 256; x_wconf 84' lang='lat' dir='ltr'><strong>fe-</strong></span> 
     </span>
     <span class='ocr_line' id='line_1_3' title="bbox 152 266 1241 315; baseline -0.006 -8"><span class='ocrx_word' id='word_1_10' title='bbox 152 274 271 313; x_wconf 84' lang='lat' dir='ltr'><strong>cerat,</strong></span> <span class='ocrx_word' id='word_1_11' title='bbox 304 279 349 306; x_wconf 84' lang='lat' dir='ltr'><strong>ex</strong></span> <span class='ocrx_word' id='word_1_12' title='bbox 383 279 454 315; x_wconf 90' lang='lat' dir='ltr'><strong>quo</strong></span> <span class='ocrx_word' id='word_1_13' title='bbox 489 267 607 314; x_wconf 89' lang='lat' dir='ltr'><strong>paries</strong></span> <span class='ocrx_word' id='word_1_14' title='bbox 641 267 916 311; x_wconf 86' lang='lat' dir='ltr'><strong>madescebat¹,</strong></span> <span class='ocrx_word' id='word_1_15' title='bbox 949 267 1205 304; x_wconf 83' lang='lat' dir='ltr'><strong>consulebatur</strong></span> <span class='ocrx_word' id='word_1_16' title='bbox 1214 266 1241 308; x_wconf 84' lang='lat'><strong>²,</strong></span> 
     </span>
     <span class='ocr_line' id='line_1_4' title="bbox 153 311 1243 362; baseline -0.005 -11"><span class='ocrx_word' id='word_1_17' title='bbox 153 314 450 362; x_wconf 89' lang='lat' dir='ltr'><strong>quemadmodum</strong></span> <span class='ocrx_word' id='word_1_18' title='bbox 498 316 596 349; x_wconf 90' lang='lat' dir='ltr'><strong>osset</strong></span> <span class='ocrx_word' id='word_1_19' title='bbox 615 313 770 349; x_wconf 87' lang='lat' dir='ltr'><strong>vicinum</strong></span> <span class='ocrx_word' id='word_1_20' title='bbox 790 323 833 349; x_wconf 94' lang='lat' dir='ltr'><strong>co</strong></span> <span class='ocrx_word' id='word_1_21' title='bbox 858 323 927 356; x_wconf 90' lang='lat' dir='ltr'><strong>ere,</strong></span> <span class='ocrx_word' id='word_1_22' title='bbox 952 317 993 348; x_wconf 92' lang='lat' dir='ltr'><strong>ut</strong></span> <span class='ocrx_word' id='word_1_23' title='bbox 1010 311 1243 348; x_wconf 81' lang='lat' dir='ltr'><strong>sterculinum</strong></span> 
     </span>
     <span class='ocr_line' id='line_1_5' title="bbox 152 357 1243 408; baseline -0.006 -11"><span class='ocrx_word' id='word_1_24' title='bbox 152 361 304 397; x_wconf 85' lang='lat' dir='ltr'><strong>tolleret.</strong></span> <span class='ocrx_word' id='word_1_25' title='bbox 340 369 471 404; x_wconf 86' lang='lat' dir='ltr'><strong>respon</strong></span> <span class='ocrx_word' id='word_1_26' title='bbox 498 359 520 401; x_wconf 89' lang='lat' dir='ltr'><strong>i,</strong></span> <span class='ocrx_word' id='word_1_27' title='bbox 545 358 577 395; x_wconf 91' lang='lat' dir='ltr'><strong>si</strong></span> <span class='ocrx_word' id='word_1_28' title='bbox 598 357 636 393; x_wconf 90' lang='lat' dir='ltr'><strong>in</strong></span> <span class='ocrx_word' id='word_1_29' title='bbox 658 358 739 394; x_wconf 94' lang='lat' dir='ltr'><strong>loco</strong></span> <span class='ocrx_word' id='word_1_30' title='bbox 761 358 836 404; x_wconf 88' lang='lat' dir='ltr'><strong>pub</strong></span> <span class='ocrx_word' id='word_1_31' title='bbox 853 359 907 394; x_wconf 88' lang='lat' dir='ltr'><strong>‘co</strong></span> <span class='ocrx_word' id='word_1_32' title='bbox 931 358 968 393; x_wconf 93' lang='lat' dir='ltr'><strong>id</strong></span> <span class='ocrx_word' id='word_1_33' title='bbox 991 357 1162 408; x_wconf 53' lang='lat' dir='ltr'><strong>fecisset,</strong></span> <span class='ocrx_word' id='word_1_34' title='bbox 1178 365 1243 401; x_wconf 86' lang='lat' dir='ltr'><strong>per</strong></span> 
     </span>
     <span class='ocr_line' id='line_1_6' title="bbox 151 402 1243 450; baseline -0.005 -10"><span class='ocrx_word' id='word_1_35' title='bbox 151 405 379 441; x_wconf 88' lang='lat' dir='ltr'><strong>interdictum</strong></span> <span class='ocrx_word' id='word_1_36' title='bbox 402 404 481 448; x_wconf 82' lang='lat' dir='ltr'><strong>cogi</strong></span> <span class='ocrx_word' id='word_1_37' title='bbox 502 413 620 450; x_wconf 88' lang='lat' dir='ltr'><strong>posse,</strong></span> <span class='ocrx_word' id='word_1_38' title='bbox 645 403 709 439; x_wconf 91' lang='lat' dir='ltr'><strong>sed</strong></span> <span class='ocrx_word' id='word_1_39' title='bbox 726 404 756 440; x_wconf 90' lang='lat' dir='ltr'><strong>si</strong></span> <span class='ocrx_word' id='word_1_40' title='bbox 774 404 812 439; x_wconf 91' lang='lat' dir='ltr'><strong>in</strong></span> <span class='ocrx_word' id='word_1_41' title='bbox 832 404 981 449; x_wconf 86' lang='lat' dir='ltr'><strong>privato,</strong></span> <span class='ocrx_word' id='word_1_42' title='bbox 1006 402 1051 438; x_wconf 94' lang='lat' dir='ltr'><strong>de</strong></span> <span class='ocrx_word' id='word_1_43' title='bbox 1073 404 1243 437; x_wconf 81' lang='lat' dir='ltr'><strong>semtute</strong></span> 
     </span>
     <span class='ocr_line' id='line_1_7' title="bbox 152 448 1242 496; baseline -0.005 -10"><span class='ocrx_word' id='word_1_44' title='bbox 152 460 257 496; x_wconf 83' lang='lat' dir='ltr'><strong>agere</strong></span> <span class='ocrx_word' id='word_1_45' title='bbox 289 453 470 495; x_wconf 84' lang='lat' dir='ltr'><strong>oportere:</strong></span> <span class='ocrx_word' id='word_1_46' title='bbox 513 448 544 485; x_wconf 87' lang='lat' dir='ltr'><strong>si</strong></span> <span class='ocrx_word' id='word_1_47' title='bbox 586 448 708 484; x_wconf 86' lang='lat' dir='ltr'><strong>damni</strong></span> <span class='ocrx_word' id='word_1_48' title='bbox 749 448 875 485; x_wconf 87' lang='lat' dir='ltr'><strong>infecti</strong></span> <span class='ocrx_word' id='word_1_49' title='bbox 909 448 1101 493; x_wconf 89' lang='lat' dir='ltr'><strong>stipulatus</strong></span> <span class='ocrx_word' id='word_1_50' title='bbox 1137 449 1242 489; x_wconf 87' lang='lat' dir='ltr'><strong>esset,</strong></span> 
     </span>
    </p>

    <p class='ocr_par' dir='ltr' id='par_1_3' title="bbox 178 491 1242 540">
     <span class='ocr_line' id='line_1_8' title="bbox 178 491 1242 540; baseline -0.004 -10"><span class='ocrx_word' id='word_1_51' title='bbox 178 495 266 531; x_wconf 90' lang='lat' dir='ltr'><strong>ossit</strong></span> <span class='ocrx_word' id='word_1_52' title='bbox 287 505 354 540; x_wconf 89' lang='lat' dir='ltr'><strong>per</strong></span> <span class='ocrx_word' id='word_1_53' title='bbox 377 505 455 530; x_wconf 88' lang='lat' dir='ltr'><strong>eam</strong></span> <span class='ocrx_word' id='word_1_54' title='bbox 478 493 761 540; x_wconf 78' lang='lat' dir='ltr'><strong>stipulationem,</strong></span> <span class='ocrx_word' id='word_1_55' title='bbox 793 494 825 530; x_wconf 89' lang='lat' dir='ltr'><strong>si</strong></span> <span class='ocrx_word' id='word_1_56' title='bbox 855 493 939 539; x_wconf 91' lang='lat' dir='ltr'><strong>quid</strong></span> <span class='ocrx_word' id='word_1_57' title='bbox 970 504 1015 528; x_wconf 90' lang='lat' dir='ltr'><strong>ex</strong></span> <span class='ocrx_word' id='word_1_58' title='bbox 1046 502 1089 528; x_wconf 92' lang='lat' dir='ltr'><strong>ea</strong></span> <span class='ocrx_word' id='word_1_59' title='bbox 1111 502 1152 528; x_wconf 91' lang='lat' dir='ltr'><strong>re</strong></span> <span class='ocrx_word' id='word_1_60' title='bbox 1175 491 1242 527; x_wconf 88' lang='lat' dir='ltr'><strong>sibi</strong></span> 
     </span>
    </p>

    <p class='ocr_par' dir='ltr' id='par_1_4' title="bbox 235 539 1117 590">
     <span class='ocr_line' id='line_1_9' title="bbox 235 539 1117 590; baseline 0 -15"><span class='ocrx_word' id='word_1_61' title='bbox 235 540 272 575; x_wconf 94' lang='lat' dir='ltr'><strong>ni</strong></span> <span class='ocrx_word' id='word_1_62' title='bbox 295 539 418 575; x_wconf 87' lang='lat' dir='ltr'><strong>datum</strong></span> <span class='ocrx_word' id='word_1_63' title='bbox 442 544 547 582; x_wconf 88' lang='lat' dir='ltr'><strong>esset,</strong></span> <span class='ocrx_word' id='word_1_64' title='bbox 570 549 713 575; x_wconf 86' lang='lat' dir='ltr'><strong>servare</strong></span> <span class='ocrx_word' id='word_1_65' title='bbox 1109 582 1117 590; x_wconf 33' lang='grc' dir='ltr'>ι</span> 
     </span>
    </p>

    <p class='ocr_par' dir='ltr' id='par_1_5' title="bbox 152 582 1245 982">
     <span class='ocr_line' id='line_1_10' title="bbox 202 582 1241 626; baseline -0.007 -3"><span class='ocrx_word' id='word_1_66' title='bbox 202 582 252 623; x_wconf 88' lang='lat'><strong>18</strong></span> <span class='ocrx_word' id='word_1_67' title='bbox 276 584 303 620; x_wconf 91' lang='grc' dir='ltr'><em>Ι</em></span> <span class='ocrx_word' id='word_1_68' title='bbox 305 594 470 621; x_wconf 59' lang='lat' dir='ltr'><strong>ortanus</strong></span> <span class='ocrx_word' id='word_1_69' title='bbox 490 584 583 620; x_wconf 77' lang='lat' dir='ltr'><strong>libro</strong></span> <span class='ocrx_word' id='word_1_70' title='bbox 604 588 711 620; x_wconf 80' lang='lat' dir='ltr'><strong>sexto</strong></span> <span class='ocrx_word' id='word_1_71' title='bbox 735 595 786 620; x_wconf 75' lang='lat' dir='ltr'><strong>ex</strong></span> <span class='ocrx_word' id='word_1_72' title='bbox 801 583 950 620; x_wconf 78' lang='lat' dir='ltr'><strong>Minicio</strong></span> <span class='ocrx_word' id='word_1_73' title='bbox 987 583 1034 626; x_wconf 87' lang='lat' dir='ltr'><strong>Is,</strong></span> <span class='ocrx_word' id='word_1_74' title='bbox 1061 592 1163 618; x_wconf 84' lang='lat' dir='ltr'><strong>cums</strong></span> <span class='ocrx_word' id='word_1_75' title='bbox 1186 582 1241 616; x_wconf 85' lang='lat' dir='ltr'><strong>fa-</strong></span> 
     </span>
     <span class='ocr_line' id='line_1_11' title="bbox 152 627 1242 681; baseline -0.004 -15"><span class='ocrx_word' id='word_1_76' title='bbox 152 630 250 666; x_wconf 82' lang='lat' dir='ltr'><strong>milia</strong></span> <span class='ocrx_word' id='word_1_77' title='bbox 271 630 426 666; x_wconf 83' lang='lat' dir='ltr'><strong>vicinum</strong></span> <span class='ocrx_word' id='word_1_78' title='bbox 447 629 662 676; x_wconf 85' lang='lat' dir='ltr'><strong>prohibebat</strong></span> <span class='ocrx_word' id='word_1_79' title='bbox 684 639 814 675; x_wconf 90' lang='lat' dir='ltr'><strong>aquam</strong></span> <span class='ocrx_word' id='word_1_80' title='bbox 837 629 979 671; x_wconf 88' lang='lat' dir='ltr'><strong>ducere,</strong></span> <span class='ocrx_word' id='word_1_81' title='bbox 1004 627 1060 663; x_wconf 90' lang='lat' dir='ltr'><strong>sui</strong></span> <span class='ocrx_word' id='word_1_82' title='bbox 1082 630 1242 681; x_wconf 83' lang='lat' dir='ltr'><strong>potesta-</strong></span> 
     </span>
     <span class='ocr_line' id='line_1_12' title="bbox 152 674 1242 719; baseline -0.004 -8"><span class='ocrx_word' id='word_1_83' title='bbox 152 680 223 711; x_wconf 88' lang='lat' dir='ltr'><strong>tem</strong></span> <span class='ocrx_word' id='word_1_84' title='bbox 241 685 314 711; x_wconf 93' lang='lat' dir='ltr'><strong>non</strong></span> <span class='ocrx_word' id='word_1_85' title='bbox 334 674 503 718; x_wconf 74' lang='lat' dir='ltr'><strong>faciebat,</strong></span> <span class='ocrx_word' id='word_1_86' title='bbox 523 685 569 711; x_wconf 90' lang='lat' dir='ltr'><strong>ne</strong></span> <span class='ocrx_word' id='word_1_87' title='bbox 588 685 710 711; x_wconf 91' lang='lat' dir='ltr'><strong>secum</strong></span> <span class='ocrx_word' id='word_1_88' title='bbox 728 675 784 719; x_wconf 87' lang='lat' dir='ltr'><strong>agi</strong></span> <span class='ocrx_word' id='word_1_89' title='bbox 803 677 943 719; x_wconf 87' lang='lat' dir='ltr'><strong>posset:</strong></span> <span class='ocrx_word' id='word_1_90' title='bbox 970 676 1109 718; x_wconf 77' lang='lat' dir='ltr'><strong>quaerit</strong></span> <span class='ocrx_word' id='word_1_91' title='bbox 1129 676 1242 716; x_wconf 90' lang='lat' dir='ltr'><strong>actor,</strong></span> 
     </span>
     <span class='ocr_line' id='line_1_13' title="bbox 152 719 1242 766; baseline -0.003 -10"><span class='ocrx_word' id='word_1_92' title='bbox 152 721 237 766; x_wconf 90' lang='lat' dir='ltr'><strong>quid</strong></span> <span class='ocrx_word' id='word_1_93' title='bbox 261 720 328 756; x_wconf 88' lang='lat' dir='ltr'><strong>sibi</strong></span> <span class='ocrx_word' id='word_1_94' title='bbox 349 720 554 756; x_wconf 86' lang='lat' dir='ltr'><strong>faciendum</strong></span> <span class='ocrx_word' id='word_1_95' title='bbox 578 724 671 756; x_wconf 89' lang='lat' dir='ltr'><strong>esset</strong></span> <span class='ocrx_word' id='word_1_96' title='bbox 717 719 886 764; x_wconf 87' lang='lat' dir='ltr'><strong>respondi</strong></span> <span class='ocrx_word' id='word_1_97' title='bbox 909 722 1076 764; x_wconf 86' lang='lat' dir='ltr'><strong>oportere</strong></span> <span class='ocrx_word' id='word_1_98' title='bbox 1098 721 1242 764; x_wconf 89' lang='lat' dir='ltr'><strong>praeto-</strong></span> 
     </span>
     <span class='ocr_line' id='line_1_14' title="bbox 152 762 1244 811; baseline -0.003 -10"><span class='ocrx_word' id='word_1_99' title='bbox 152 775 227 801; x_wconf 85' lang='lat' dir='ltr'><strong>rem</strong></span> <span class='ocrx_word' id='word_1_100' title='bbox 251 775 362 801; x_wconf 88' lang='lat' dir='ltr'><strong>causa</strong></span> <span class='ocrx_word' id='word_1_101' title='bbox 393 766 535 811; x_wconf 84' lang='lat' dir='ltr'><strong>cognita</strong></span> <span class='ocrx_word' id='word_1_102' title='bbox 564 765 687 801; x_wconf 91' lang='lat' dir='ltr'><strong>iubere</strong></span> <span class='ocrx_word' id='word_1_103' title='bbox 718 765 813 801; x_wconf 88' lang='lat' dir='ltr'><strong>bona</strong></span> <span class='ocrx_word' id='word_1_104' title='bbox 846 764 1038 799; x_wconf 88' lang='lat' dir='ltr'><strong>adversarii</strong></span> <span class='ocrx_word' id='word_1_105' title='bbox 1069 762 1244 809; x_wconf 87' lang='lat' dir='ltr'><strong>possideri</strong></span> 
     </span>
     <span class='ocr_line' id='line_1_15' title="bbox 152 808 1245 855; baseline -0.003 -9"><span class='ocrx_word' id='word_1_106' title='bbox 152 814 189 846; x_wconf 90' lang='lat' dir='ltr'><strong>et</strong></span> <span class='ocrx_word' id='word_1_107' title='bbox 211 821 284 847; x_wconf 90' lang='lat' dir='ltr'><strong>non</strong></span> <span class='ocrx_word' id='word_1_108' title='bbox 307 814 392 847; x_wconf 89' lang='lat' dir='ltr'><strong>ante</strong></span> <span class='ocrx_word' id='word_1_109' title='bbox 413 810 497 846; x_wconf 89' lang='lat' dir='ltr'><strong>inde</strong></span> <span class='ocrx_word' id='word_1_110' title='bbox 521 810 714 852; x_wconf 87' lang='lat' dir='ltr'><strong>discedere,</strong></span> <span class='ocrx_word' id='word_1_111' title='bbox 739 820 846 855; x_wconf 92' lang='lat' dir='ltr'><strong>quam</strong></span> <span class='ocrx_word' id='word_1_112' title='bbox 869 810 900 844; x_wconf 90' lang='lat' dir='ltr'><strong>is</strong></span> <span class='ocrx_word' id='word_1_113' title='bbox 920 809 1036 845; x_wconf 90' lang='lat' dir='ltr'><strong>actori</strong></span> <span class='ocrx_word' id='word_1_114' title='bbox 1054 808 1110 844; x_wconf 88' lang='lat' dir='ltr'><strong>ius</strong></span> <span class='ocrx_word' id='word_1_115' title='bbox 1128 818 1245 854; x_wconf 89' lang='lat' dir='ltr'><strong>aquae</strong></span> 
     </span>
     <span class='ocr_line' id='line_1_16' title="bbox 152 854 1245 900; baseline -0.003 -9"><span class='ocrx_word' id='word_1_116' title='bbox 152 855 336 892; x_wconf 83' lang='lat' dir='ltr'><strong>ducendae</strong></span> <span class='ocrx_word' id='word_1_117' title='bbox 360 856 605 892; x_wconf 86' lang='lat' dir='ltr'><strong>constituisset</strong></span> <span class='ocrx_word' id='word_1_118' title='bbox 628 859 664 890; x_wconf 91' lang='lat' dir='ltr'><strong>et</strong></span> <span class='ocrx_word' id='word_1_119' title='bbox 687 855 717 890; x_wconf 90' lang='lat' dir='ltr'><strong>si</strong></span> <span class='ocrx_word' id='word_1_120' title='bbox 741 854 846 900; x_wconf 88' lang='lat' dir='ltr'><strong>quid,</strong></span> <span class='ocrx_word' id='word_1_121' title='bbox 871 854 956 900; x_wconf 89' lang='lat' dir='ltr'><strong>quia</strong></span> <span class='ocrx_word' id='word_1_122' title='bbox 969 864 1099 899; x_wconf 89' lang='lat' dir='ltr'><strong>aquam</strong></span> <span class='ocrx_word' id='word_1_123' title='bbox 1113 854 1245 889; x_wconf 90' lang='lat' dir='ltr'><strong>ducere</strong></span> 
     </span>
     <span class='ocr_line' id='line_1_17' title="bbox 153 898 1242 947; baseline -0.002 -11"><span class='ocrx_word' id='word_1_124' title='bbox 153 901 354 947; x_wconf 90' lang='lat' dir='ltr'><strong>prohibitus</strong></span> <span class='ocrx_word' id='word_1_125' title='bbox 378 905 484 944; x_wconf 81' lang='lat' dir='ltr'><strong>esset,</strong></span> <span class='ocrx_word' id='word_1_126' title='bbox 509 901 731 936; x_wconf 84' lang='lat' dir='ltr'><strong>siccitatibus</strong></span> <span class='ocrx_word' id='word_1_127' title='bbox 755 899 958 935; x_wconf 88' lang='lat' dir='ltr'><strong>detrimenti</strong></span> <span class='ocrx_word' id='word_1_128' title='bbox 981 900 1146 945; x_wconf 88' lang='lat' dir='ltr'><strong>cepisset,</strong></span> <span class='ocrx_word' id='word_1_129' title='bbox 1170 898 1242 934; x_wconf 93' lang='lat' dir='ltr'><strong>vel-</strong></span> 
     </span>
     <span class='ocr_line' id='line_1_18' title="bbox 152 945 857 982; baseline -0.003 -1"><span class='ocrx_word' id='word_1_130' title='bbox 152 946 206 982; x_wconf 89' lang='lat' dir='ltr'><strong>uti</strong></span> <span class='ocrx_word' id='word_1_131' title='bbox 228 947 258 981; x_wconf 90' lang='lat' dir='ltr'><strong>si</strong></span> <span class='ocrx_word' id='word_1_132' title='bbox 306 950 387 982; x_wconf 89' lang='lat' dir='ltr'><strong>rata</strong></span> <span class='ocrx_word' id='word_1_133' title='bbox 410 947 600 982; x_wconf 88' lang='lat' dir='ltr'><strong>arboresve</strong></span> <span class='ocrx_word' id='word_1_134' title='bbox 623 945 822 981; x_wconf 87' lang='lat' dir='ltr'><strong>exaruisset</strong></span> <span class='ocrx_word' id='word_1_135' title='bbox 832 946 857 980; x_wconf 81' lang='lat'><strong>³.</strong></span> 
     </span>
    </p>

    <p class='ocr_par' dir='ltr' id='par_1_6' title="bbox 152 989 1246 1300">
     <span class='ocr_line' id='line_1_19' title="bbox 202 989 1244 1037; baseline -0.004 -9"><span class='ocrx_word' id='word_1_136' title='bbox 202 989 253 1029; x_wconf 88' lang='lat'><strong>19</strong></span> <span class='ocrx_word' id='word_1_137' title='bbox 317 1001 514 1028; x_wconf 53' lang='lat' dir='ltr'><strong>auc-limus</strong></span> <span class='ocrx_word' id='word_1_138' title='bbox 522 991 613 1027; x_wconf 81' lang='lat' dir='ltr'><strong>libro</strong></span> <span class='ocrx_word' id='word_1_139' title='bbox 625 991 750 1037; x_wconf 81' lang='lat' dir='ltr'><strong>quinto</strong></span> <span class='ocrx_word' id='word_1_140' title='bbox 763 990 972 1037; x_wconf 78' lang='lat' dir='ltr'><strong>reqularum</strong></span> <span class='ocrx_word' id='word_1_141' title='bbox 1021 990 1059 1025; x_wconf 79' lang='lat' dir='ltr'><strong>Si</strong></span> <span class='ocrx_word' id='word_1_142' title='bbox 1082 989 1127 1025; x_wconf 91' lang='lat' dir='ltr'><strong>de</strong></span> <span class='ocrx_word' id='word_1_143' title='bbox 1147 999 1244 1025; x_wconf 90' lang='lat' dir='ltr'><strong>com-</strong></span> 
     </span>
     <span class='ocr_line' id='line_1_20' title="bbox 152 1034 1246 1082; baseline -0.003 -9"><span class='ocrx_word' id='word_1_144' title='bbox 152 1036 252 1072; x_wconf 86' lang='lat' dir='ltr'><strong>muni</strong></span> <span class='ocrx_word' id='word_1_145' title='bbox 275 1037 444 1073; x_wconf 89' lang='lat' dir='ltr'><strong>servitute</strong></span> <span class='ocrx_word' id='word_1_146' title='bbox 468 1037 547 1082; x_wconf 89' lang='lat' dir='ltr'><strong>quis</strong></span> <span class='ocrx_word' id='word_1_147' title='bbox 570 1036 661 1071; x_wconf 88' lang='lat' dir='ltr'><strong>bene</strong></span> <span class='ocrx_word' id='word_1_148' title='bbox 685 1035 826 1081; x_wconf 91' lang='lat' dir='ltr'><strong>quidem</strong></span> <span class='ocrx_word' id='word_1_149' title='bbox 850 1035 972 1071; x_wconf 89' lang='lat' dir='ltr'><strong>deberi</strong></span> <span class='ocrx_word' id='word_1_150' title='bbox 994 1035 1156 1078; x_wconf 89' lang='lat' dir='ltr'><strong>intendit,</strong></span> <span class='ocrx_word' id='word_1_151' title='bbox 1181 1034 1246 1070; x_wconf 86' lang='lat' dir='ltr'><strong>sed</strong></span> 
     </span>
     <span class='ocr_line' id='line_1_21' title="bbox 153 1081 1244 1128; baseline -0.003 -10"><span class='ocrx_word' id='word_1_152' title='bbox 153 1082 272 1128; x_wconf 80' lang='lat' dir='ltr'><strong>aliquo</strong></span> <span class='ocrx_word' id='word_1_153' title='bbox 295 1082 401 1118; x_wconf 90' lang='lat' dir='ltr'><strong>modo</strong></span> <span class='ocrx_word' id='word_1_154' title='bbox 424 1082 521 1117; x_wconf 88' lang='lat' dir='ltr'><strong>litem</strong></span> <span class='ocrx_word' id='word_1_155' title='bbox 553 1081 707 1126; x_wconf 89' lang='lat' dir='ltr'><strong>perdidit</strong></span> <span class='ocrx_word' id='word_1_156' title='bbox 738 1081 845 1127; x_wconf 90' lang='lat' dir='ltr'><strong>culpa</strong></span> <span class='ocrx_word' id='word_1_157' title='bbox 876 1091 962 1125; x_wconf 90' lang='lat' dir='ltr'><strong>sua,</strong></span> <span class='ocrx_word' id='word_1_158' title='bbox 993 1091 1067 1116; x_wconf 89' lang='lat' dir='ltr'><strong>non</strong></span> <span class='ocrx_word' id='word_1_159' title='bbox 1098 1083 1154 1116; x_wconf 87' lang='lat' dir='ltr'><strong>est</strong></span> <span class='ocrx_word' id='word_1_160' title='bbox 1184 1089 1244 1115; x_wconf 77' lang='lat' dir='ltr'><strong>ae-</strong></span> 
     </span>
     <span class='ocr_line' id='line_1_22' title="bbox 153 1126 950 1174; baseline -0.003 -11"><span class='ocrx_word' id='word_1_161' title='bbox 153 1138 261 1174; x_wconf 89' lang='lat' dir='ltr'><strong>quum</strong></span> <span class='ocrx_word' id='word_1_162' title='bbox 283 1127 354 1163; x_wconf 91' lang='lat' dir='ltr'><strong>hoc</strong></span> <span class='ocrx_word' id='word_1_163' title='bbox 378 1127 506 1163; x_wconf 88' lang='lat' dir='ltr'><strong>ceteris</strong></span> <span class='ocrx_word' id='word_1_164' title='bbox 530 1126 660 1162; x_wconf 91' lang='lat' dir='ltr'><strong>damno</strong></span> <span class='ocrx_word' id='word_1_165' title='bbox 695 1137 790 1162; x_wconf 89' lang='lat' dir='ltr'><strong>esse:</strong></span> <span class='ocrx_word' id='word_1_166' title='bbox 824 1126 888 1162; x_wconf 89' lang='lat' dir='ltr'><strong>sed</strong></span> <span class='ocrx_word' id='word_1_167' title='bbox 918 1126 950 1161; x_wconf 86' lang='lat' dir='ltr'><strong>si</strong></span> 
     </span>
     <span class='ocr_line' id='line_1_23' title="bbox 153 1171 1244 1215; baseline -0.003 -7"><span class='ocrx_word' id='word_1_168' title='bbox 153 1182 234 1208; x_wconf 89' lang='lat' dir='ltr'><strong>nem</strong></span> <span class='ocrx_word' id='word_1_169' title='bbox 258 1173 366 1208; x_wconf 87' lang='lat' dir='ltr'><strong>cessit</strong></span> <span class='ocrx_word' id='word_1_170' title='bbox 387 1173 471 1208; x_wconf 79' lang='lat' dir='ltr'><strong>lite⁴</strong></span> <span class='ocrx_word' id='word_1_171' title='bbox 496 1171 720 1215; x_wconf 88' lang='lat' dir='ltr'><strong>adversario,</strong></span> <span class='ocrx_word' id='word_1_172' title='bbox 752 1172 878 1207; x_wconf 85' lang='lat' dir='ltr'><strong>ceteris</strong></span> <span class='ocrx_word' id='word_1_173' title='bbox 902 1171 972 1206; x_wconf 90' lang='lat' dir='ltr'><strong>dan</strong></span> <span class='ocrx_word' id='word_1_174' title='bbox 1000 1182 1058 1206; x_wconf 92' lang='lat' dir='ltr'><strong>am</strong></span> <span class='ocrx_word' id='word_1_175' title='bbox 1081 1181 1160 1206; x_wconf 90' lang='lat' dir='ltr'><strong>esse</strong></span> <span class='ocrx_word' id='word_1_176' title='bbox 1183 1180 1244 1205; x_wconf 89' lang='lat' dir='ltr'><strong>ac-</strong></span> 
     </span>
     <span class='ocr_line' id='line_1_24' title="bbox 152 1215 1244 1270; baseline -0.002 -17"><span class='ocrx_word' id='word_1_177' title='bbox 152 1218 286 1270; x_wconf 79' lang='lat' dir='ltr'><strong>tionem</strong></span> <span class='ocrx_word' id='word_1_178' title='bbox 309 1217 354 1254; x_wconf 92' lang='lat' dir='ltr'><strong>de</strong></span> <span class='ocrx_word' id='word_1_179' title='bbox 377 1217 459 1253; x_wconf 93' lang='lat' dir='ltr'><strong>dolo</strong></span> <span class='ocrx_word' id='word_1_180' title='bbox 484 1217 609 1253; x_wconf 88' lang='lat' dir='ltr'><strong>Celsus</strong></span> <span class='ocrx_word' id='word_1_181' title='bbox 633 1217 787 1262; x_wconf 87' lang='lat' dir='ltr'><strong>scripsit,</strong></span> <span class='ocrx_word' id='word_1_182' title='bbox 811 1216 918 1262; x_wconf 89' lang='lat' dir='ltr'><strong>idque</strong></span> <span class='ocrx_word' id='word_1_183' title='bbox 942 1216 993 1252; x_wconf 87' lang='lat' dir='ltr'><strong>ait</strong></span> <span class='ocrx_word' id='word_1_184' title='bbox 1012 1216 1146 1252; x_wconf 87' lang='lat' dir='ltr'><strong>Sabino</strong></span> <span class='ocrx_word' id='word_1_185' title='bbox 1166 1215 1244 1261; x_wconf 90' lang='lat' dir='ltr'><strong>pla-</strong></span> 
     </span>
     <span class='ocr_line' id='line_1_25' title="bbox 154 1273 282 1300; baseline -0.016 0"><span class='ocrx_word' id='word_1_186' title='bbox 154 1273 282 1300; x_wconf 82' lang='lat' dir='ltr'><strong>cmsse.</strong></span> 
     </span>
    </p>

    <p class='ocr_par' dir='ltr' id='par_1_7' title="bbox 153 1305 1247 1670">
     <span class='ocr_line' id='line_1_26' title="bbox 200 1305 1246 1353; baseline -0.004 -8"><span class='ocrx_word' id='word_1_187' title='bbox 200 1305 253 1346; x_wconf 87' lang='lat'><strong>20</strong></span> <span class='ocrx_word' id='word_1_188' title='bbox 278 1306 481 1344; x_wconf 49' lang='lat' dir='ltr'><strong>Sermoni</strong></span> <span class='ocrx_word' id='word_1_189' title='bbox 515 1307 607 1343; x_wconf 81' lang='lat' dir='ltr'><strong>libro</strong></span> <span class='ocrx_word' id='word_1_190' title='bbox 639 1313 770 1353; x_wconf 81' lang='lat' dir='ltr'><strong>quarto</strong></span> <span class='ocrx_word' id='word_1_191' title='bbox 794 1306 1016 1353; x_wconf 75' lang='lat' dir='ltr'><strong>diqestorum</strong></span> <span class='ocrx_word' id='word_1_192' title='bbox 1063 1305 1246 1342; x_wconf 88' lang='lat' dir='ltr'><strong>Testatrix</strong></span> 
     </span>
     <span class='ocr_line' id='line_1_27' title="bbox 153 1351 1245 1399; baseline -0.002 -11"><span class='ocrx_word' id='word_1_193' title='bbox 153 1352 277 1396; x_wconf 77' lang='lat' dir='ltr'><strong>fundo,</strong></span> <span class='ocrx_word' id='word_1_194' title='bbox 301 1363 406 1399; x_wconf 89' lang='lat' dir='ltr'><strong>quem</strong></span> <span class='ocrx_word' id='word_1_195' title='bbox 428 1353 616 1398; x_wconf 84' lang='lat' dir='ltr'><strong>legaverat,</strong></span> <span class='ocrx_word' id='word_1_196' title='bbox 643 1362 747 1387; x_wconf 89' lang='lat' dir='ltr'><strong>casas</strong></span> <span class='ocrx_word' id='word_1_197' title='bbox 770 1352 913 1388; x_wconf 86' lang='lat' dir='ltr'><strong>iunctas</strong></span> <span class='ocrx_word' id='word_1_198' title='bbox 932 1352 1078 1387; x_wconf 85' lang='lat' dir='ltr'><strong>habuit:</strong></span> <span class='ocrx_word' id='word_1_199' title='bbox 1104 1351 1245 1397; x_wconf 89' lang='lat' dir='ltr'><strong>quaesi-</strong></span> 
     </span>
     <span class='ocr_line' id='line_1_28' title="bbox 153 1397 1246 1443; baseline -0.001 -10"><span class='ocrx_word' id='word_1_200' title='bbox 153 1402 229 1433; x_wconf 89' lang='lat' dir='ltr'><strong>tum</strong></span> <span class='ocrx_word' id='word_1_201' title='bbox 262 1403 333 1441; x_wconf 92' lang='lat' dir='ltr'><strong>est,</strong></span> <span class='ocrx_word' id='word_1_202' title='bbox 367 1398 399 1434; x_wconf 85' lang='lat' dir='ltr'><strong>si</strong></span> <span class='ocrx_word' id='word_1_203' title='bbox 428 1398 497 1433; x_wconf 91' lang='lat' dir='ltr'><strong>hae</strong></span> <span class='ocrx_word' id='word_1_204' title='bbox 528 1397 639 1433; x_wconf 83' lang='lat' dir='ltr'><strong>fundo</strong></span> <span class='ocrx_word' id='word_1_205' title='bbox 663 1397 781 1443; x_wconf 87' lang='lat' dir='ltr'><strong>legato</strong></span> <span class='ocrx_word' id='word_1_206' title='bbox 806 1408 879 1433; x_wconf 88' lang='lat' dir='ltr'><strong>non</strong></span> <span class='ocrx_word' id='word_1_207' title='bbox 904 1397 1071 1433; x_wconf 88' lang='lat' dir='ltr'><strong>cederent</strong></span> <span class='ocrx_word' id='word_1_208' title='bbox 1094 1407 1246 1442; x_wconf 91' lang='lat' dir='ltr'><strong>eumque</strong></span> 
     </span>
     <span class='ocr_line' id='line_1_29' title="bbox 154 1442 1245 1489; baseline 0 -11"><span class='ocrx_word' id='word_1_209' title='bbox 154 1443 344 1489; x_wconf 83' lang='lat' dir='ltr'><strong>legatarius</strong></span> <span class='ocrx_word' id='word_1_210' title='bbox 375 1443 606 1485; x_wconf 83' lang='lat' dir='ltr'><strong>vindicasset,</strong></span> <span class='ocrx_word' id='word_1_211' title='bbox 639 1453 686 1478; x_wconf 90' lang='lat' dir='ltr'><strong>an</strong></span> <span class='ocrx_word' id='word_1_212' title='bbox 708 1443 777 1478; x_wconf 89' lang='lat' dir='ltr'><strong>iste</strong></span> <span class='ocrx_word' id='word_1_213' title='bbox 799 1442 932 1478; x_wconf 81' lang='lat' dir='ltr'><strong>fundus</strong></span> <span class='ocrx_word' id='word_1_214' title='bbox 957 1443 1113 1488; x_wconf 89' lang='lat' dir='ltr'><strong>aliquam</strong></span> <span class='ocrx_word' id='word_1_215' title='bbox 1137 1442 1245 1478; x_wconf 90' lang='lat' dir='ltr'><strong>servi-</strong></span> 
     </span>
     <span class='ocr_line' id='line_1_30' title="bbox 154 1487 1247 1524; baseline -0.001 -1"><span class='ocrx_word' id='word_1_216' title='bbox 154 1493 267 1524; x_wconf 86' lang='lat' dir='ltr'><strong>tutem</strong></span> <span class='ocrx_word' id='word_1_217' title='bbox 291 1489 384 1524; x_wconf 90' lang='lat' dir='ltr'><strong>casis</strong></span> <span class='ocrx_word' id='word_1_218' title='bbox 408 1488 554 1524; x_wconf 86' lang='lat' dir='ltr'><strong>deberet</strong></span> <span class='ocrx_word' id='word_1_219' title='bbox 584 1492 667 1524; x_wconf 88' lang='lat' dir='ltr'><strong>aut.</strong></span> <span class='ocrx_word' id='word_1_220' title='bbox 700 1488 731 1523; x_wconf 88' lang='lat' dir='ltr'><strong>si</strong></span> <span class='ocrx_word' id='word_1_221' title='bbox 762 1498 806 1523; x_wconf 91' lang='lat' dir='ltr'><strong>ex</strong></span> <span class='ocrx_word' id='word_1_222' title='bbox 837 1487 1102 1524; x_wconf 81' lang='lat' dir='ltr'><strong>fideicommissi</strong></span> <span class='ocrx_word' id='word_1_223' title='bbox 1135 1497 1247 1523; x_wconf 88' lang='lat' dir='ltr'><strong>causa</strong></span> 
     </span>
     <span class='ocr_line' id='line_1_31' title="bbox 156 1532 1245 1578; baseline -0.001 -9"><span class='ocrx_word' id='word_1_224' title='bbox 156 1535 262 1569; x_wconf 82' lang='lat' dir='ltr'><strong>eum⁵</strong></span> <span class='ocrx_word' id='word_1_225' title='bbox 285 1533 352 1569; x_wconf 90' lang='lat' dir='ltr'><strong>sibi</strong></span> <span class='ocrx_word' id='word_1_226' title='bbox 376 1533 454 1569; x_wconf 89' lang='lat' dir='ltr'><strong>dari</strong></span> <span class='ocrx_word' id='word_1_227' title='bbox 475 1533 668 1578; x_wconf 89' lang='lat' dir='ltr'><strong>legatarius</strong></span> <span class='ocrx_word' id='word_1_228' title='bbox 693 1532 928 1576; x_wconf 86' lang='lat' dir='ltr'><strong>desideraret,</strong></span> <span class='ocrx_word' id='word_1_229' title='bbox 961 1533 1112 1569; x_wconf 90' lang='lat' dir='ltr'><strong>heredes</strong></span> <span class='ocrx_word' id='word_1_230' title='bbox 1136 1532 1245 1568; x_wconf 87' lang='lat' dir='ltr'><strong>servi-</strong></span> 
     </span>
     <span class='ocr_line' id='line_1_32' title="bbox 154 1578 1245 1624; baseline -0.001 -10"><span class='ocrx_word' id='word_1_231' title='bbox 154 1582 265 1614; x_wconf 88' lang='lat' dir='ltr'><strong>tutem</strong></span> <span class='ocrx_word' id='word_1_232' title='bbox 283 1579 439 1624; x_wconf 85' lang='lat' dir='ltr'><strong>aliquam</strong></span> <span class='ocrx_word' id='word_1_233' title='bbox 460 1579 553 1614; x_wconf 86' lang='lat' dir='ltr'><strong>casis</strong></span> <span class='ocrx_word' id='word_1_234' title='bbox 573 1579 738 1624; x_wconf 88' lang='lat' dir='ltr'><strong>excipere</strong></span> <span class='ocrx_word' id='word_1_235' title='bbox 759 1578 939 1614; x_wconf 90' lang='lat' dir='ltr'><strong>deberent.</strong></span> <span class='ocrx_word' id='word_1_236' title='bbox 976 1578 1165 1624; x_wconf 88' lang='lat' dir='ltr'><strong>respondit</strong></span> <span class='ocrx_word' id='word_1_237' title='bbox 1185 1578 1245 1613; x_wconf 90' lang='lat' dir='ltr'><strong>de-</strong></span> 
     </span>
     <span class='ocr_line' id='line_1_33' title="bbox 156 1623 1247 1670; baseline -0.001 -11"><span class='ocrx_word' id='word_1_238' title='bbox 156 1628 171 1658; x_wconf 87' lang='lat'>1</span> <span class='ocrx_word' id='word_1_239' title='bbox 220 1624 297 1659; x_wconf 89' lang='lat' dir='ltr'><strong>beri</strong></span> <span class='ocrx_word' id='word_1_240' title='bbox 305 1625 331 1659; x_wconf 80' lang='lat'><strong>⁶.</strong></span> <span class='ocrx_word' id='word_1_241' title='bbox 378 1623 504 1659; x_wconf 85' lang='lat' dir='ltr'><strong>Plures</strong></span> <span class='ocrx_word' id='word_1_242' title='bbox 529 1634 573 1659; x_wconf 88' lang='lat' dir='ltr'><strong>ex</strong></span> <span class='ocrx_word' id='word_1_243' title='bbox 595 1624 847 1669; x_wconf 88' lang='lat' dir='ltr'><strong>municipibus,</strong></span> <span class='ocrx_word' id='word_1_244' title='bbox 872 1624 934 1670; x_wconf 92' lang='lat' dir='ltr'><strong>qui</strong></span> <span class='ocrx_word' id='word_1_245' title='bbox 946 1623 1087 1660; x_wconf 87' lang='lat' dir='ltr'><strong>diversa</strong></span> <span class='ocrx_word' id='word_1_246' title='bbox 1098 1623 1247 1669; x_wconf 88' lang='lat' dir='ltr'><strong>praedia</strong></span> 
     </span>
    </p>

    <p class='ocr_par' dir='ltr' id='par_1_8' title="bbox 180 1668 1247 1715">
     <span class='ocr_line' id='line_1_34' title="bbox 180 1668 1247 1715; baseline 0 -11"><span class='ocrx_word' id='word_1_247' title='bbox 180 1669 403 1712; x_wconf 88' lang='lat' dir='ltr'><strong>ossidebant,</strong></span> <span class='ocrx_word' id='word_1_248' title='bbox 428 1669 559 1704; x_wconf 90' lang='lat' dir='ltr'><strong>saltum</strong></span> <span class='ocrx_word' id='word_1_249' title='bbox 584 1679 825 1712; x_wconf 89' lang='lat' dir='ltr'><strong>communem,</strong></span> <span class='ocrx_word' id='word_1_250' title='bbox 848 1673 891 1704; x_wconf 92' lang='lat' dir='ltr'><strong>ut</strong></span> <span class='ocrx_word' id='word_1_251' title='bbox 912 1669 968 1704; x_wconf 90' lang='lat' dir='ltr'><strong>ius</strong></span> <span class='ocrx_word' id='word_1_252' title='bbox 993 1668 1247 1715; x_wconf 83' lang='lat' dir='ltr'><strong>compascendi</strong></span> 
     </span>
    </p>

    <p class='ocr_par' dir='ltr' id='par_1_9' title="bbox 153 1714 1246 2303">
     <span class='ocr_line' id='line_1_35' title="bbox 180 1714 1246 1760; baseline 0 -11"><span class='ocrx_word' id='word_1_253' title='bbox 180 1714 349 1757; x_wconf 89' lang='lat' dir='ltr'><strong>aberent,</strong></span> <span class='ocrx_word' id='word_1_254' title='bbox 383 1716 534 1750; x_wconf 87' lang='lat' dir='ltr'><strong>mercati</strong></span> <span class='ocrx_word' id='word_1_255' title='bbox 557 1718 644 1750; x_wconf 90' lang='lat' dir='ltr'><strong>sunt</strong></span> <span class='ocrx_word' id='word_1_256' title='bbox 668 1714 776 1760; x_wconf 90' lang='lat' dir='ltr'><strong>idque</strong></span> <span class='ocrx_word' id='word_1_257' title='bbox 799 1714 908 1750; x_wconf 89' lang='lat' dir='ltr'><strong>etiam</strong></span> <span class='ocrx_word' id='word_1_258' title='bbox 931 1725 954 1750; x_wconf 93' lang='lat' dir='ltr'><strong>a</strong></span> <span class='ocrx_word' id='word_1_259' title='bbox 977 1714 1246 1750; x_wconf 88' lang='lat' dir='ltr'><strong>successoribus</strong></span> 
     </span>
     <span class='ocr_line' id='line_1_36' title="bbox 154 1759 1246 1805; baseline 0.001 -11"><span class='ocrx_word' id='word_1_260' title='bbox 154 1769 275 1794; x_wconf 88' lang='lat' dir='ltr'><strong>eorum</strong></span> <span class='ocrx_word' id='word_1_261' title='bbox 300 1763 355 1795; x_wconf 89' lang='lat' dir='ltr'><strong>est</strong></span> <span class='ocrx_word' id='word_1_262' title='bbox 377 1760 623 1795; x_wconf 85' lang='lat' dir='ltr'><strong>observatum:</strong></span> <span class='ocrx_word' id='word_1_263' title='bbox 648 1759 712 1795; x_wconf 90' lang='lat' dir='ltr'><strong>sed</strong></span> <span class='ocrx_word' id='word_1_264' title='bbox 735 1760 897 1795; x_wconf 90' lang='lat' dir='ltr'><strong>nonnulli</strong></span> <span class='ocrx_word' id='word_1_265' title='bbox 920 1770 966 1795; x_wconf 92' lang='lat' dir='ltr'><strong>ex</strong></span> <span class='ocrx_word' id='word_1_266' title='bbox 987 1760 1065 1803; x_wconf 91' lang='lat' dir='ltr'><strong>his,</strong></span> <span class='ocrx_word' id='word_1_267' title='bbox 1091 1760 1153 1805; x_wconf 91' lang='lat' dir='ltr'><strong>qui</strong></span> <span class='ocrx_word' id='word_1_268' title='bbox 1175 1759 1246 1795; x_wconf 88' lang='lat' dir='ltr'><strong>hoc</strong></span> 
     </span>
     <span class='ocr_line' id='line_1_37' title="bbox 153 1804 1245 1850; baseline 0.001 -11"><span class='ocrx_word' id='word_1_269' title='bbox 153 1805 208 1839; x_wconf 90' lang='lat' dir='ltr'><strong>ius</strong></span> <span class='ocrx_word' id='word_1_270' title='bbox 244 1805 443 1848; x_wconf 88' lang='lat' dir='ltr'><strong>habebant,</strong></span> <span class='ocrx_word' id='word_1_271' title='bbox 474 1804 621 1850; x_wconf 90' lang='lat' dir='ltr'><strong>praedia</strong></span> <span class='ocrx_word' id='word_1_272' title='bbox 644 1815 710 1840; x_wconf 89' lang='lat' dir='ltr'><strong>sua</strong></span> <span class='ocrx_word' id='word_1_273' title='bbox 731 1805 794 1840; x_wconf 89' lang='lat' dir='ltr'><strong>illa</strong></span> <span class='ocrx_word' id='word_1_274' title='bbox 815 1805 962 1850; x_wconf 86' lang='lat' dir='ltr'><strong>propria</strong></span> <span class='ocrx_word' id='word_1_275' title='bbox 985 1816 1115 1841; x_wconf 90' lang='lat' dir='ltr'><strong>venum</strong></span> <span class='ocrx_word' id='word_1_276' title='bbox 1139 1804 1245 1841; x_wconf 91' lang='lat' dir='ltr'><strong>dede-</strong></span> 
     </span>
     <span class='ocr_line' id='line_1_38' title="bbox 154 1850 1245 1895; baseline 0.002 -11"><span class='ocrx_word' id='word_1_277' title='bbox 154 1854 249 1885; x_wconf 90' lang='lat' dir='ltr'><strong>runt.</strong></span> <span class='ocrx_word' id='word_1_278' title='bbox 285 1860 440 1895; x_wconf 86' lang='lat' dir='ltr'><strong>quaero,</strong></span> <span class='ocrx_word' id='word_1_279' title='bbox 465 1860 513 1885; x_wconf 89' lang='lat' dir='ltr'><strong>an</strong></span> <span class='ocrx_word' id='word_1_280' title='bbox 535 1850 574 1885; x_wconf 93' lang='lat' dir='ltr'><strong>in</strong></span> <span class='ocrx_word' id='word_1_281' title='bbox 596 1850 798 1886; x_wconf 88' lang='lat' dir='ltr'><strong>venditione</strong></span> <span class='ocrx_word' id='word_1_282' title='bbox 820 1850 927 1886; x_wconf 89' lang='lat' dir='ltr'><strong>etiam</strong></span> <span class='ocrx_word' id='word_1_283' title='bbox 950 1850 1006 1886; x_wconf 89' lang='lat' dir='ltr'><strong>ius</strong></span> <span class='ocrx_word' id='word_1_284' title='bbox 1030 1850 1118 1886; x_wconf 91' lang='lat' dir='ltr'><strong>illud</strong></span> <span class='ocrx_word' id='word_1_285' title='bbox 1143 1860 1245 1886; x_wconf 88' lang='lat' dir='ltr'><strong>secu-</strong></span> 
     </span>
     <span class='ocr_line' id='line_1_39' title="bbox 153 1895 1245 1940; baseline 0.001 -10"><span class='ocrx_word' id='word_1_286' title='bbox 153 1899 228 1930; x_wconf 93' lang='lat' dir='ltr'><strong>tum</strong></span> <span class='ocrx_word' id='word_1_287' title='bbox 253 1895 299 1930; x_wconf 89' lang='lat' dir='ltr'><strong>sit</strong></span> <span class='ocrx_word' id='word_1_288' title='bbox 321 1895 487 1940; x_wconf 89' lang='lat' dir='ltr'><strong>praedia,</strong></span> <span class='ocrx_word' id='word_1_289' title='bbox 520 1906 602 1931; x_wconf 91' lang='lat' dir='ltr'><strong>cum</strong></span> <span class='ocrx_word' id='word_1_290' title='bbox 625 1895 699 1931; x_wconf 90' lang='lat' dir='ltr'><strong>eius</strong></span> <span class='ocrx_word' id='word_1_291' title='bbox 722 1895 916 1931; x_wconf 88' lang='lat' dir='ltr'><strong>voluntatis</strong></span> <span class='ocrx_word' id='word_1_292' title='bbox 940 1895 1143 1931; x_wconf 88' lang='lat' dir='ltr'><strong>venditores</strong></span> <span class='ocrx_word' id='word_1_293' title='bbox 1166 1895 1245 1930; x_wconf 86' lang='lat' dir='ltr'><strong>fue-</strong></span> 
     </span>
     <span class='ocr_line' id='line_1_40' title="bbox 153 1940 1244 1986; baseline 0.001 -11"><span class='ocrx_word' id='word_1_294' title='bbox 153 1940 266 1983; x_wconf 89' lang='lat' dir='ltr'><strong>rint⁷,</strong></span> <span class='ocrx_word' id='word_1_295' title='bbox 298 1945 340 1975; x_wconf 88' lang='lat' dir='ltr'><strong>ut</strong></span> <span class='ocrx_word' id='word_1_296' title='bbox 373 1944 409 1976; x_wconf 93' lang='lat' dir='ltr'><strong>et</strong></span> <span class='ocrx_word' id='word_1_297' title='bbox 431 1941 501 1976; x_wconf 89' lang='lat' dir='ltr'><strong>hoc</strong></span> <span class='ocrx_word' id='word_1_298' title='bbox 525 1940 735 1985; x_wconf 84' lang='lat' dir='ltr'><strong>alienarent,</strong></span> <span class='ocrx_word' id='word_1_299' title='bbox 768 1941 955 1986; x_wconf 89' lang='lat' dir='ltr'><strong>respondit</strong></span> <span class='ocrx_word' id='word_1_300' title='bbox 983 1941 1021 1976; x_wconf 91' lang='lat' dir='ltr'><strong>id</strong></span> <span class='ocrx_word' id='word_1_301' title='bbox 1051 1941 1244 1976; x_wconf 90' lang='lat' dir='ltr'><strong>observan-</strong></span> 
     </span>
     <span class='ocr_line' id='line_1_41' title="bbox 155 1985 1246 2031; baseline 0 -11"><span class='ocrx_word' id='word_1_302' title='bbox 155 1985 257 2028; x_wconf 90' lang='lat' dir='ltr'><strong>dum,</strong></span> <span class='ocrx_word' id='word_1_303' title='bbox 290 1986 386 2031; x_wconf 91' lang='lat' dir='ltr'><strong>quod</strong></span> <span class='ocrx_word' id='word_1_304' title='bbox 416 1990 536 2021; x_wconf 90' lang='lat' dir='ltr'><strong>actum</strong></span> <span class='ocrx_word' id='word_1_305' title='bbox 566 1986 660 2022; x_wconf 90' lang='lat' dir='ltr'><strong>inter</strong></span> <span class='ocrx_word' id='word_1_306' title='bbox 691 1986 943 2022; x_wconf 83' lang='lat' dir='ltr'><strong>contrahentes</strong></span> <span class='ocrx_word' id='word_1_307' title='bbox 977 1990 1089 2022; x_wconf 85' lang='lat' dir='ltr'><strong>esset:</strong></span> <span class='ocrx_word' id='word_1_308' title='bbox 1127 1986 1191 2022; x_wconf 88' lang='lat' dir='ltr'><strong>sed</strong></span> <span class='ocrx_word' id='word_1_309' title='bbox 1215 1985 1246 2021; x_wconf 91' lang='lat' dir='ltr'><strong>si</strong></span> 
     </span>
     <span class='ocr_line' id='line_1_42' title="bbox 154 2030 1246 2074; baseline -0.001 -8"><span class='ocrx_word' id='word_1_310' title='bbox 154 2030 318 2066; x_wconf 88' lang='lat' dir='ltr'><strong>voluntas</strong></span> <span class='ocrx_word' id='word_1_311' title='bbox 342 2031 628 2067; x_wconf 88' lang='lat' dir='ltr'><strong>contrahentium</strong></span> <span class='ocrx_word' id='word_1_312' title='bbox 651 2031 842 2066; x_wconf 81' lang='lat' dir='ltr'><strong>manifesta</strong></span> <span class='ocrx_word' id='word_1_313' title='bbox 865 2042 938 2067; x_wconf 90' lang='lat' dir='ltr'><strong>non</strong></span> <span class='ocrx_word' id='word_1_314' title='bbox 962 2032 1019 2074; x_wconf 91' lang='lat' dir='ltr'><strong>sit,</strong></span> <span class='ocrx_word' id='word_1_315' title='bbox 1045 2035 1080 2067; x_wconf 93' lang='lat' dir='ltr'><strong>et</strong></span> <span class='ocrx_word' id='word_1_316' title='bbox 1101 2031 1246 2067; x_wconf 87' lang='lat' dir='ltr'><strong>hocius</strong></span> 
     </span>
     <span class='ocr_line' id='line_1_43' title="bbox 155 2075 1246 2122; baseline 0.001 -11"><span class='ocrx_word' id='word_1_317' title='bbox 155 2075 202 2111; x_wconf 89' lang='lat' dir='ltr'><strong>ad</strong></span> <span class='ocrx_word' id='word_1_318' title='bbox 217 2086 395 2121; x_wconf 83' lang='lat' dir='ltr'><strong>emptores</strong></span> <span class='ocrx_word' id='word_1_319' title='bbox 414 2077 577 2112; x_wconf 88' lang='lat' dir='ltr'><strong>transire.</strong></span> <span class='ocrx_word' id='word_1_320' title='bbox 609 2076 694 2112; x_wconf 89' lang='lat' dir='ltr'><strong>item</strong></span> <span class='ocrx_word' id='word_1_321' title='bbox 737 2087 859 2119; x_wconf 92' lang='lat' dir='ltr'><strong>uaero,</strong></span> <span class='ocrx_word' id='word_1_322' title='bbox 883 2087 942 2119; x_wconf 90' lang='lat' dir='ltr'><strong>an,</strong></span> <span class='ocrx_word' id='word_1_323' title='bbox 962 2087 1044 2112; x_wconf 90' lang='lat' dir='ltr'><strong>cum</strong></span> <span class='ocrx_word' id='word_1_324' title='bbox 1062 2087 1147 2122; x_wconf 88' lang='lat' dir='ltr'><strong>pars</strong></span> <span class='ocrx_word' id='word_1_325' title='bbox 1166 2076 1246 2112; x_wconf 89' lang='lat' dir='ltr'><strong>illo-</strong></span> 
     </span>
     <span class='ocr_line' id='line_1_44' title="bbox 155 2088 1245 2167; baseline 0 -11"><span class='ocrx_word' id='word_1_326' title='bbox 155 2132 234 2156; x_wconf 91' lang='lat' dir='ltr'><strong>rum</strong></span> <span class='ocrx_word' id='word_1_327' title='bbox 257 2122 484 2167; x_wconf 87' lang='lat' dir='ltr'><strong>propriorum</strong></span> <span class='ocrx_word' id='word_1_328' title='bbox 505 2122 699 2158; x_wconf 84' lang='lat' dir='ltr'><strong>fundorum</strong></span> <span class='ocrx_word' id='word_1_329' title='bbox 714 2088 838 2167; x_wconf 60' lang='lat' dir='ltr'><strong>(legato</strong></span> <span class='ocrx_word' id='word_1_330' title='bbox 863 2122 911 2157; x_wconf 89' lang='lat' dir='ltr'><strong>ad</strong></span> <span class='ocrx_word' id='word_1_331' title='bbox 942 2122 1096 2167; x_wconf 87' lang='lat' dir='ltr'><strong>aliquem</strong></span> <span class='ocrx_word' id='word_1_332' title='bbox 1127 2126 1245 2157; x_wconf 90' lang='lat' dir='ltr'><strong>trans-</strong></span> 
     </span>
     <span class='ocr_line' id='line_1_45' title="bbox 155 2166 1244 2220; baseline -0.001 -18"><span class='ocrx_word' id='word_1_333' title='bbox 155 2166 264 2202; x_wconf 84' lang='lat' dir='ltr'><strong>missa</strong></span> <span class='ocrx_word' id='word_1_334' title='bbox 282 2167 340 2209; x_wconf 89' lang='lat' dir='ltr'><strong>sit,</strong></span> <span class='ocrx_word' id='word_1_335' title='bbox 361 2167 493 2212; x_wconf 89' lang='lat' dir='ltr'><strong>aliquid</strong></span> <span class='ocrx_word' id='word_1_336' title='bbox 511 2167 598 2202; x_wconf 91' lang='lat' dir='ltr'><strong>iuris</strong></span> <span class='ocrx_word' id='word_1_337' title='bbox 610 2177 732 2203; x_wconf 92' lang='lat' dir='ltr'><strong>secum</strong></span> <span class='ocrx_word' id='word_1_338' title='bbox 744 2167 851 2202; x_wconf 87' lang='lat' dir='ltr'><strong>huius</strong></span> <span class='ocrx_word' id='word_1_339' title='bbox 865 2167 1073 2220; x_wconf 81' lang='lat' dir='ltr'><strong>compascui</strong></span> <span class='ocrx_word' id='word_1_340' title='bbox 1084 2167 1244 2202; x_wconf 76' lang='lat' dir='ltr'><strong>traxerit.</strong></span> 
     </span>
     <span class='ocr_line' id='line_1_46' title="bbox 154 2211 1245 2258; baseline -0.001 -11"><span class='ocrx_word' id='word_1_341' title='bbox 154 2211 348 2256; x_wconf 89' lang='lat' dir='ltr'><strong>respondit,</strong></span> <span class='ocrx_word' id='word_1_342' title='bbox 373 2222 455 2248; x_wconf 91' lang='lat' dir='ltr'><strong>cum</strong></span> <span class='ocrx_word' id='word_1_343' title='bbox 473 2212 510 2247; x_wconf 91' lang='lat' dir='ltr'><strong>id</strong></span> <span class='ocrx_word' id='word_1_344' title='bbox 531 2222 672 2258; x_wconf 91' lang='lat' dir='ltr'><strong>quoque</strong></span> <span class='ocrx_word' id='word_1_345' title='bbox 691 2212 748 2247; x_wconf 91' lang='lat' dir='ltr'><strong>ius</strong></span> <span class='ocrx_word' id='word_1_346' title='bbox 760 2212 875 2255; x_wconf 89' lang='lat' dir='ltr'><strong>fundi,</strong></span> <span class='ocrx_word' id='word_1_347' title='bbox 898 2223 960 2258; x_wconf 80' lang='lat' dir='ltr'><strong>qui</strong></span> <span class='ocrx_word' id='word_1_348' title='bbox 980 2212 1119 2258; x_wconf 84' lang='lat' dir='ltr'><strong>legatus</strong></span> <span class='ocrx_word' id='word_1_349' title='bbox 1140 2215 1245 2254; x_wconf 88' lang='lat' dir='ltr'><strong>esset,</strong></span> 
     </span>
     <span class='ocr_line' id='line_1_47' title="bbox 154 2256 981 2303; baseline 0.001 -12"><span class='ocrx_word' id='word_1_350' title='bbox 154 2256 344 2300; x_wconf 88' lang='lat' dir='ltr'><strong>videretur,</strong></span> <span class='ocrx_word' id='word_1_351' title='bbox 367 2257 404 2292; x_wconf 92' lang='lat' dir='ltr'><strong>id</strong></span> <span class='ocrx_word' id='word_1_352' title='bbox 429 2267 569 2303; x_wconf 92' lang='lat' dir='ltr'><strong>quoque</strong></span> <span class='ocrx_word' id='word_1_353' title='bbox 594 2267 776 2293; x_wconf 90' lang='lat' dir='ltr'><strong>cessurum</strong></span> <span class='ocrx_word' id='word_1_354' title='bbox 799 2257 981 2302; x_wconf 86' lang='lat' dir='ltr'><strong>legatario.</strong></span> 
     </span>
    </p>

    <p class='ocr_par' dir='ltr' id='par_1_10' title="bbox 154 2299 1247 2527">
     <span class='ocr_line' id='line_1_48' title="bbox 201 2299 1246 2350; baseline -0.001 -12"><span class='ocrx_word' id='word_1_355' title='bbox 201 2299 249 2339; x_wconf 91' lang='lat'><strong>21</strong></span> <span class='ocrx_word' id='word_1_356' title='bbox 280 2301 413 2338; x_wconf 72' lang='lat' dir='ltr'><em>LABEO</em></span> <span class='ocrx_word' id='word_1_357' title='bbox 443 2303 534 2338; x_wconf 80' lang='lat' dir='ltr'><strong>libro</strong></span> <span class='ocrx_word' id='word_1_358' title='bbox 558 2303 684 2350; x_wconf 77' lang='lat' dir='ltr'><strong>primo</strong></span> <span class='ocrx_word' id='word_1_359' title='bbox 743 2302 893 2338; x_wconf 78' lang='lat' dir='ltr'><strong>ithanon</strong></span> <span class='ocrx_word' id='word_1_360' title='bbox 927 2314 951 2337; x_wconf 87' lang='lat' dir='ltr'><strong>a</strong></span> <span class='ocrx_word' id='word_1_361' title='bbox 982 2301 1101 2338; x_wconf 82' lang='lat' dir='ltr'><strong>Paulo</strong></span> <span class='ocrx_word' id='word_1_362' title='bbox 1134 2302 1246 2349; x_wconf 79' lang='lat' dir='ltr'><strong>epito-</strong></span> 
     </span>
     <span class='ocr_line' id='line_1_49' title="bbox 154 2347 1245 2393; baseline 0 -11"><span class='ocrx_word' id='word_1_363' title='bbox 154 2351 332 2383; x_wconf 85' lang='lat' dir='ltr'><strong>matorum</strong></span> <span class='ocrx_word' id='word_1_364' title='bbox 367 2347 406 2383; x_wconf 91' lang='lat' dir='ltr'><strong>Si</strong></span> <span class='ocrx_word' id='word_1_365' title='bbox 419 2358 491 2393; x_wconf 88' lang='lat' dir='ltr'><strong>qua</strong></span> <span class='ocrx_word' id='word_1_366' title='bbox 502 2358 598 2393; x_wconf 89' lang='lat' dir='ltr'><strong>aqua</strong></span> <span class='ocrx_word' id='word_1_367' title='bbox 615 2358 689 2383; x_wconf 90' lang='lat' dir='ltr'><strong>non</strong></span> <span class='ocrx_word' id='word_1_368' title='bbox 714 2359 774 2383; x_wconf 92' lang='lat' dir='ltr'><strong>um</strong></span> <span class='ocrx_word' id='word_1_369' title='bbox 792 2351 954 2393; x_wconf 88' lang='lat' dir='ltr'><strong>apparet,</strong></span> <span class='ocrx_word' id='word_1_370' title='bbox 975 2347 1051 2383; x_wconf 91' lang='lat' dir='ltr'><strong>eius</strong></span> <span class='ocrx_word' id='word_1_371' title='bbox 1070 2348 1139 2382; x_wconf 88' lang='lat' dir='ltr'><strong>iter</strong></span> <span class='ocrx_word' id='word_1_372' title='bbox 1159 2347 1245 2382; x_wconf 90' lang='lat' dir='ltr'><strong>duc-</strong></span> 
     </span>
     <span class='ocr_line' id='line_1_50' title="bbox 155 2392 1245 2439; baseline 0 -12"><span class='ocrx_word' id='word_1_373' title='bbox 155 2396 213 2428; x_wconf 85' lang='lat' dir='ltr'><strong>tus</strong></span> <span class='ocrx_word' id='word_1_374' title='bbox 244 2392 413 2428; x_wconf 89' lang='lat' dir='ltr'><strong>constitui</strong></span> <span class='ocrx_word' id='word_1_375' title='bbox 443 2404 516 2429; x_wconf 92' lang='lat' dir='ltr'><strong>non</strong></span> <span class='ocrx_word' id='word_1_376' title='bbox 547 2396 677 2439; x_wconf 88' lang='lat' dir='ltr'><strong>potest.</strong></span> <span class='ocrx_word' id='word_1_377' title='bbox 725 2392 783 2428; x_wconf 70' lang='grc' dir='ltr'><strong>ΡΑ</strong></span> <span class='ocrx_word' id='word_1_378' title='bbox 791 2402 902 2428; x_wconf 78' lang='lat' dir='ltr'><strong>vws:</strong></span> <span class='ocrx_word' id='word_1_379' title='bbox 932 2392 1039 2428; x_wconf 91' lang='lat' dir='ltr'><strong>immo</strong></span> <span class='ocrx_word' id='word_1_380' title='bbox 1070 2396 1159 2438; x_wconf 90' lang='lat' dir='ltr'><strong>puto</strong></span> <span class='ocrx_word' id='word_1_381' title='bbox 1193 2392 1245 2427; x_wconf 92' lang='lat' dir='ltr'><strong>id-</strong></span> 
     </span>
     <span class='ocr_line' id='line_1_51' title="bbox 156 2437 1247 2484; baseline 0 -12"><span class='ocrx_word' id='word_1_382' title='bbox 156 2437 251 2473; x_wconf 91' lang='lat' dir='ltr'><strong>circo</strong></span> <span class='ocrx_word' id='word_1_383' title='bbox 282 2437 320 2473; x_wconf 88' lang='lat' dir='ltr'><strong>id</strong></span> <span class='ocrx_word' id='word_1_384' title='bbox 349 2437 482 2474; x_wconf 82' lang='lat' dir='ltr'><strong>falsum</strong></span> <span class='ocrx_word' id='word_1_385' title='bbox 512 2448 610 2482; x_wconf 87' lang='lat' dir='ltr'><strong>esse,</strong></span> <span class='ocrx_word' id='word_1_386' title='bbox 645 2437 729 2484; x_wconf 90' lang='lat' dir='ltr'><strong>quia</strong></span> <span class='ocrx_word' id='word_1_387' title='bbox 762 2437 841 2473; x_wconf 91' lang='lat' dir='ltr'><strong>cedi</strong></span> <span class='ocrx_word' id='word_1_388' title='bbox 870 2441 1010 2483; x_wconf 88' lang='lat' dir='ltr'><strong>potest,</strong></span> <span class='ocrx_word' id='word_1_389' title='bbox 1046 2442 1087 2472; x_wconf 91' lang='lat' dir='ltr'><strong>ut</strong></span> <span class='ocrx_word' id='word_1_390' title='bbox 1116 2447 1247 2483; x_wconf 89' lang='lat' dir='ltr'><strong>aquam</strong></span> 
     </span>
     <span class='ocr_line' id='line_1_52' title="bbox 156 2483 918 2527; baseline 0.001 -10"><span class='ocrx_word' id='word_1_391' title='bbox 156 2493 344 2527; x_wconf 85' lang='lat' dir='ltr'><strong>quaereres</strong></span> <span class='ocrx_word' id='word_1_392' title='bbox 367 2488 403 2519; x_wconf 89' lang='lat' dir='ltr'><strong>et</strong></span> <span class='ocrx_word' id='word_1_393' title='bbox 425 2483 606 2519; x_wconf 86' lang='lat' dir='ltr'><strong>inventam</strong></span> <span class='ocrx_word' id='word_1_394' title='bbox 630 2483 762 2519; x_wconf 91' lang='lat' dir='ltr'><strong>ducere</strong></span> <span class='ocrx_word' id='word_1_395' title='bbox 784 2483 918 2519; x_wconf 90' lang='lat' dir='ltr'><strong>liceret.</strong></span> 
     </span>
    </p>
   </div>
   <div class='ocr_carea' id='block_1_3' title="bbox 188 2575 1206 2677">
    <p class='ocr_par' dir='ltr' id='par_1_11' title="bbox 188 2575 1206 2677">
     <span class='ocr_line' id='line_1_53' title="bbox 649 2575 740 2615; baseline 0.011 -1"><span class='ocrx_word' id='word_1_396' title='bbox 649 2577 705 2615; x_wconf 93' lang='lat' dir='ltr'><strong>VI</strong></span> <span class='ocrx_word' id='word_1_397' title='bbox 713 2575 740 2615; x_wconf 81' lang='lat'><strong>⁸.</strong></span> 
     </span>
     <span class='ocr_line' id='line_1_54' title="bbox 188 2640 1206 2677; baseline -0.003 0"><span class='ocrx_word' id='word_1_398' title='bbox 188 2640 547 2677; x_wconf 75' lang='lat' dir='ltr'><strong>QUEMADMODUM</strong></span> <span class='ocrx_word' id='word_1_399' title='bbox 572 2642 856 2675; x_wconf 81' lang='lat' dir='ltr'>SERVITUTES</span> <span class='ocrx_word' id='word_1_400' title='bbox 880 2640 1206 2675; x_wconf 78' lang='lat' dir='ltr'>AMITTUNTUR⁹</span> 
     </span>
    </p>
   </div>
   <div class='ocr_carea' id='block_1_4' title="bbox 157 2705 1248 3160">
    <p class='ocr_par' dir='ltr' id='par_1_12' title="bbox 157 2705 1247 2844">
     <span class='ocr_line' id='line_1_55' title="bbox 181 2705 1245 2763; baseline 0.001 -21"><span class='ocrx_word' id='word_1_401' title='bbox 181 2752 189 2759; x_wconf 47' lang='lat'><strong>·</strong></span> <span class='ocrx_word' id='word_1_402' title='bbox 207 2705 225 2743; x_wconf 93' lang='lat'>1</span> <span class='ocrx_word' id='word_1_403' title='bbox 256 2707 380 2743; x_wconf 64' lang='lat' dir='ltr'><strong>Gaws</strong></span> <span class='ocrx_word' id='word_1_404' title='bbox 395 2708 486 2744; x_wconf 81' lang='lat' dir='ltr'><strong>libro</strong></span> <span class='ocrx_word' id='word_1_405' title='bbox 505 2709 657 2755; x_wconf 81' lang='lat' dir='ltr'><strong>septimo</strong></span> <span class='ocrx_word' id='word_1_406' title='bbox 678 2708 729 2744; x_wconf 86' lang='lat' dir='ltr'><strong>ad</strong></span> <span class='ocrx_word' id='word_1_407' title='bbox 738 2708 893 2745; x_wconf 82' lang='lat' dir='ltr'><strong>edictum</strong></span> <span class='ocrx_word' id='word_1_408' title='bbox 899 2707 1129 2763; x_wconf 79' lang='lat' dir='ltr'><strong>provinciale</strong></span> <span class='ocrx_word' id='word_1_409' title='bbox 1163 2707 1245 2744; x_wconf 89' lang='lat' dir='ltr'><strong>Ser-</strong></span> 
     </span>
     <span class='ocr_line' id='line_1_56' title="bbox 157 2753 1247 2803; baseline 0.003 -17"><span class='ocrx_word' id='word_1_410' title='bbox 157 2755 287 2803; x_wconf 74' lang='lat' dir='ltr'><strong>vitutes</strong></span> <span class='ocrx_word' id='word_1_411' title='bbox 310 2753 536 2797; x_wconf 87' lang='lat' dir='ltr'><strong>praediorum</strong></span> <span class='ocrx_word' id='word_1_412' title='bbox 560 2753 849 2798; x_wconf 86' lang='lat' dir='ltr'><strong>confunduntur,</strong></span> <span class='ocrx_word' id='word_1_413' title='bbox 881 2764 913 2790; x_wconf 79' lang='lat' dir='ltr'><strong>si</strong></span> <span class='ocrx_word' id='word_1_414' title='bbox 942 2753 1036 2790; x_wconf 87' lang='lat' dir='ltr'><strong>idem</strong></span> <span class='ocrx_word' id='word_1_415' title='bbox 1059 2753 1247 2800; x_wconf 88' lang='lat' dir='ltr'><strong>utriusque</strong></span> 
     </span>
     <span class='ocr_line' id='line_1_57' title="bbox 158 2796 774 2844; baseline 0.006 -13"><span class='ocrx_word' id='word_1_416' title='bbox 158 2797 294 2843; x_wconf 75' lang='lat' dir='ltr'><strong>praedii</strong></span> <span class='ocrx_word' id='word_1_417' title='bbox 317 2796 481 2834; x_wconf 90' lang='lat' dir='ltr'><strong>dominus</strong></span> <span class='ocrx_word' id='word_1_418' title='bbox 506 2808 583 2834; x_wconf 88' lang='lat' dir='ltr'><strong>esse</strong></span> <span class='ocrx_word' id='word_1_419' title='bbox 607 2799 774 2844; x_wconf 87' lang='lat' dir='ltr'><strong>coeperit.</strong></span> 
     </span>
    </p>

    <p class='ocr_par' dir='ltr' id='par_1_13' title="bbox 157 2839 1248 3058">
     <span class='ocr_line' id='line_1_58' title="bbox 160 2839 1247 2895; baseline 0 -16"><span class='ocrx_word' id='word_1_420' title='bbox 160 2886 168 2895; x_wconf 50' lang='grc'><strong><em>.</em></strong></span> <span class='ocrx_word' id='word_1_421' title='bbox 204 2839 231 2879; x_wconf 85' lang='grc'><strong>2</strong></span> <span class='ocrx_word' id='word_1_422' title='bbox 255 2841 414 2878; x_wconf 72' lang='grc' dir='ltr'><em>ΡΑυιυε</em></span> <span class='ocrx_word' id='word_1_423' title='bbox 434 2843 524 2878; x_wconf 82' lang='lat' dir='ltr'><strong>libro</strong></span> <span class='ocrx_word' id='word_1_424' title='bbox 548 2845 739 2880; x_wconf 81' lang='lat' dir='ltr'><strong>vicensimo</strong></span> <span class='ocrx_word' id='word_1_425' title='bbox 757 2845 881 2891; x_wconf 82' lang='lat' dir='ltr'><strong>primo</strong></span> <span class='ocrx_word' id='word_1_426' title='bbox 905 2844 956 2880; x_wconf 84' lang='lat' dir='ltr'><strong>ad</strong></span> <span class='ocrx_word' id='word_1_427' title='bbox 977 2844 1132 2880; x_wconf 84' lang='lat' dir='ltr'><strong>edictum</strong></span> <span class='ocrx_word' id='word_1_428' title='bbox 1178 2843 1247 2888; x_wconf 80' lang='lat' dir='ltr'><strong>Qui</strong></span> 
     </span>
     <span class='ocr_line' id='line_1_59' title="bbox 158 2887 1246 2931; baseline 0.003 -10"><span class='ocrx_word' id='word_1_429' title='bbox 158 2889 226 2922; x_wconf 76' lang='lat' dir='ltr'><strong>iter</strong></span> <span class='ocrx_word' id='word_1_430' title='bbox 249 2889 285 2921; x_wconf 81' lang='lat' dir='ltr'><strong>et</strong></span> <span class='ocrx_word' id='word_1_431' title='bbox 306 2891 426 2922; x_wconf 83' lang='lat' dir='ltr'><strong>actum</strong></span> <span class='ocrx_word' id='word_1_432' title='bbox 448 2887 566 2930; x_wconf 85' lang='lat' dir='ltr'><strong>habet,</strong></span> <span class='ocrx_word' id='word_1_433' title='bbox 592 2888 622 2923; x_wconf 89' lang='lat' dir='ltr'><strong>si</strong></span> <span class='ocrx_word' id='word_1_434' title='bbox 645 2893 781 2925; x_wconf 88' lang='lat' dir='ltr'><strong>statuto</strong></span> <span class='ocrx_word' id='word_1_435' title='bbox 805 2893 879 2925; x_wconf 91' lang='lat' dir='ltr'><strong>tem</strong></span> <span class='ocrx_word' id='word_1_436' title='bbox 906 2900 968 2926; x_wconf 88' lang='lat' dir='ltr'><strong>ore</strong></span> <span class='ocrx_word' id='word_1_437' title='bbox 990 2893 1131 2925; x_wconf 89' lang='lat' dir='ltr'><strong>tantum</strong></span> <span class='ocrx_word' id='word_1_438' title='bbox 1153 2889 1246 2931; x_wconf 84' lang='lat' dir='ltr'><strong>ierit,</strong></span> 
     </span>
     <span class='ocr_line' id='line_1_60' title="bbox 158 2931 1246 2976; baseline 0.003 -9"><span class='ocrx_word' id='word_1_439' title='bbox 158 2942 230 2968; x_wconf 89' lang='lat' dir='ltr'><strong>non</strong></span> <span class='ocrx_word' id='word_1_440' title='bbox 253 2931 387 2976; x_wconf 87' lang='lat' dir='ltr'><strong>perisse</strong></span> <span class='ocrx_word' id='word_1_441' title='bbox 410 2936 548 2975; x_wconf 89' lang='lat' dir='ltr'><strong>actum,</strong></span> <span class='ocrx_word' id='word_1_442' title='bbox 573 2933 636 2968; x_wconf 93' lang='lat' dir='ltr'><strong>sed</strong></span> <span class='ocrx_word' id='word_1_443' title='bbox 658 2944 803 2970; x_wconf 89' lang='lat' dir='ltr'><strong>manere</strong></span> <span class='ocrx_word' id='word_1_444' title='bbox 827 2934 875 2970; x_wconf 89' lang='lat' dir='ltr'><strong>Sa</strong></span> <span class='ocrx_word' id='word_1_445' title='bbox 901 2935 981 2970; x_wconf 90' lang='lat' dir='ltr'><strong>inus</strong></span> <span class='ocrx_word' id='word_1_446' title='bbox 1006 2934 1151 2970; x_wconf 87' lang='lat' dir='ltr'><strong>Cassius</strong></span> <span class='ocrx_word' id='word_1_447' title='bbox 1176 2934 1246 2970; x_wconf 90' lang='lat' dir='ltr'><strong>Oc·</strong></span> 
     </span>
     <span class='ocr_line' id='line_1_61' title="bbox 157 2977 1248 3026; baseline 0.002 -14"><span class='ocrx_word' id='word_1_448' title='bbox 157 2980 307 3012; x_wconf 87' lang='lat' dir='ltr'><strong>tavenus</strong></span> <span class='ocrx_word' id='word_1_449' title='bbox 330 2977 447 3012; x_wconf 87' lang='lat' dir='ltr'><strong>aiunt:</strong></span> <span class='ocrx_word' id='word_1_450' title='bbox 476 2988 557 3012; x_wconf 90' lang='lat' dir='ltr'><strong>nam</strong></span> <span class='ocrx_word' id='word_1_451' title='bbox 580 2978 631 3014; x_wconf 90' lang='lat' dir='ltr'><strong>ire</strong></span> <span class='ocrx_word' id='word_1_452' title='bbox 654 2990 795 3025; x_wconf 87' lang='lat' dir='ltr'><strong>quoque</strong></span> <span class='ocrx_word' id='word_1_453' title='bbox 817 2990 883 3026; x_wconf 88' lang='lat' dir='ltr'><strong>per</strong></span> <span class='ocrx_word' id='word_1_454' title='bbox 901 2990 941 3016; x_wconf 89' lang='lat' dir='ltr'><strong>se</strong></span> <span class='ocrx_word' id='word_1_455' title='bbox 962 2990 1043 3015; x_wconf 90' lang='lat' dir='ltr'><strong>eum</strong></span> <span class='ocrx_word' id='word_1_456' title='bbox 1061 2989 1169 3026; x_wconf 88' lang='lat' dir='ltr'><strong>posse</strong></span> <span class='ocrx_word' id='word_1_457' title='bbox 1188 2979 1248 3024; x_wconf 89' lang='lat' dir='ltr'><strong>qui</strong></span> 
     </span>
     <span class='ocr_line' id='line_1_62' title="bbox 158 3021 461 3058; baseline 0 -1"><span class='ocrx_word' id='word_1_458' title='bbox 158 3024 279 3058; x_wconf 79' lang='lat' dir='ltr'><strong>actum</strong></span> <span class='ocrx_word' id='word_1_459' title='bbox 302 3021 461 3057; x_wconf 85' lang='lat' dir='ltr'><strong>haberet.</strong></span> 
     </span>
    </p>

    <p class='ocr_par' dir='ltr' id='par_1_14' title="bbox 158 3063 1248 3160">
     <span class='ocr_line' id='line_1_63' title="bbox 204 3063 1248 3119; baseline 0 -15"><span class='ocrx_word' id='word_1_460' title='bbox 204 3063 230 3104; x_wconf 83' lang='lat'><strong>3</strong></span> <span class='ocrx_word' id='word_1_461' title='bbox 257 3065 381 3119; x_wconf 65' lang='lat' dir='ltr'><strong>Galus</strong></span> <span class='ocrx_word' id='word_1_462' title='bbox 392 3067 484 3103; x_wconf 81' lang='lat' dir='ltr'><strong>libro</strong></span> <span class='ocrx_word' id='word_1_463' title='bbox 502 3069 652 3113; x_wconf 77' lang='lat' dir='ltr'><strong>septimo</strong></span> <span class='ocrx_word' id='word_1_464' title='bbox 673 3069 723 3104; x_wconf 84' lang='lat' dir='ltr'><strong>ad</strong></span> <span class='ocrx_word' id='word_1_465' title='bbox 742 3070 895 3106; x_wconf 76' lang='lat' dir='ltr'><strong>edictum</strong></span> <span class='ocrx_word' id='word_1_466' title='bbox 900 3069 1129 3116; x_wconf 76' lang='lat' dir='ltr'><strong>provinciale</strong></span> <span class='ocrx_word' id='word_1_467' title='bbox 1163 3069 1248 3104; x_wconf 91' lang='lat' dir='ltr'><strong>Iura</strong></span> 
     </span>
     <span class='ocr_line' id='line_1_64' title="bbox 158 3110 1248 3160; baseline 0.002 -13"><span class='ocrx_word' id='word_1_468' title='bbox 158 3110 385 3158; x_wconf 78' lang='lat' dir='ltr'><strong>praediorum</strong></span> <span class='ocrx_word' id='word_1_469' title='bbox 408 3116 521 3147; x_wconf 89' lang='lat' dir='ltr'><strong>morte</strong></span> <span class='ocrx_word' id='word_1_470' title='bbox 544 3116 580 3148; x_wconf 87' lang='lat' dir='ltr'><strong>et</strong></span> <span class='ocrx_word' id='word_1_471' title='bbox 603 3114 730 3159; x_wconf 89' lang='lat' dir='ltr'><strong>capitis</strong></span> <span class='ocrx_word' id='word_1_472' title='bbox 754 3114 995 3150; x_wconf 87' lang='lat' dir='ltr'><strong>deminutione</strong></span> <span class='ocrx_word' id='word_1_473' title='bbox 1028 3125 1100 3151; x_wconf 89' lang='lat' dir='ltr'><strong>non</strong></span> <span class='ocrx_word' id='word_1_474' title='bbox 1131 3114 1248 3160; x_wconf 88' lang='lat' dir='ltr'><strong>perire</strong></span> 
     </span>
    </p>
   </div>
   <div class='ocr_carea' id='block_1_5' title="bbox 158 3155 1249 3428">
    <p class='ocr_par' dir='ltr' id='par_1_15' title="bbox 159 3155 544 3239">
     <span class='ocr_line' id='line_1_65' title="bbox 159 3155 544 3239; baseline 0 -47"><span class='ocrx_word' id='word_1_475' title='bbox 159 3155 264 3239; x_wconf 64' lang='grc' dir='ltr'><strong>11ιὲξο</strong></span> <span class='ocrx_word' id='word_1_476' title='bbox 287 3156 457 3192; x_wconf 86' lang='lat' dir='ltr'><strong>traditum</strong></span> <span class='ocrx_word' id='word_1_477' title='bbox 480 3161 544 3193; x_wconf 88' lang='lat' dir='ltr'><strong>est.</strong></span> 
     </span>
    </p>

    <p class='ocr_par' dir='ltr' id='par_1_16' title="bbox 158 3200 1249 3383">
     <span class='ocr_line' id='line_1_66' title="bbox 255 3200 1249 3251; baseline 0.002 -14"><span class='ocrx_word' id='word_1_478' title='bbox 255 3200 415 3238; x_wconf 58' lang='lat' dir='ltr'><strong>Pavum</strong></span> <span class='ocrx_word' id='word_1_479' title='bbox 431 3202 524 3238; x_wconf 81' lang='lat' dir='ltr'><strong>libro</strong></span> <span class='ocrx_word' id='word_1_480' title='bbox 544 3203 733 3239; x_wconf 77' lang='lat' dir='ltr'><strong>vicensimo</strong></span> <span class='ocrx_word' id='word_1_481' title='bbox 754 3206 906 3251; x_wconf 76' lang='lat' dir='ltr'><strong>septimo</strong></span> <span class='ocrx_word' id='word_1_482' title='bbox 925 3204 977 3241; x_wconf 86' lang='lat' dir='ltr'><strong>ad</strong></span> <span class='ocrx_word' id='word_1_483' title='bbox 986 3204 1141 3241; x_wconf 78' lang='lat' dir='ltr'><strong>edictum</strong></span> <span class='ocrx_word' id='word_1_484' title='bbox 1175 3204 1249 3240; x_wconf 92' lang='lat' dir='ltr'><strong>Iter</strong></span> 
     </span>
     <span class='ocr_line' id='line_1_67' title="bbox 222 3245 1207 3295; baseline 0.002 -13"><span class='ocrx_word' id='word_1_485' title='bbox 222 3246 347 3283; x_wconf 87' lang='lat' dir='ltr'><strong>ulchro</strong></span> <span class='ocrx_word' id='word_1_486' title='bbox 371 3245 531 3283; x_wconf 88' lang='lat' dir='ltr'><strong>debitum</strong></span> <span class='ocrx_word' id='word_1_487' title='bbox 555 3258 627 3283; x_wconf 92' lang='lat' dir='ltr'><strong>non</strong></span> <span class='ocrx_word' id='word_1_488' title='bbox 650 3248 781 3284; x_wconf 91' lang='lat' dir='ltr'><strong>utendo</strong></span> <span class='ocrx_word' id='word_1_489' title='bbox 806 3260 998 3295; x_wconf 88' lang='lat' dir='ltr'><strong>numquam</strong></span> <span class='ocrx_word' id='word_1_490' title='bbox 1022 3250 1207 3285; x_wconf 88' lang='lat' dir='ltr'><strong>amittitur.</strong></span> 
     </span>
     <span class='ocr_line' id='line_1_68' title="bbox 158 3257 1246 3338; baseline -0.002 -8"><span class='ocrx_word' id='word_1_491' title='bbox 158 3257 231 3330; x_wconf 54' lang='lat' dir='ltr'><strong>”g</strong></span> <span class='ocrx_word' id='word_1_492' title='bbox 254 3291 364 3328; x_wconf 68' lang='lat' dir='ltr'><strong>Ion!</strong></span> <span class='ocrx_word' id='word_1_493' title='bbox 381 3291 473 3328; x_wconf 77' lang='lat' dir='ltr'><strong>libro</strong></span> <span class='ocrx_word' id='word_1_494' title='bbox 495 3293 749 3338; x_wconf 61' lang='lat' dir='ltr'><strong>sexagensimo</strong></span> <span class='ocrx_word' id='word_1_495' title='bbox 772 3300 878 3330; x_wconf 76' lang='lat' dir='ltr'><strong>sexto</strong></span> <span class='ocrx_word' id='word_1_496' title='bbox 903 3295 954 3331; x_wconf 81' lang='lat' dir='ltr'><strong>ad</strong></span> <span class='ocrx_word' id='word_1_497' title='bbox 974 3294 1129 3331; x_wconf 76' lang='lat' dir='ltr'><strong>edictum</strong></span> <span class='ocrx_word' id='word_1_498' title='bbox 1164 3294 1246 3329; x_wconf 90' lang='lat' dir='ltr'><strong>Ser-</strong></span> 
     </span>
     <span class='ocr_line' id='line_1_69' title="bbox 158 3337 1247 3383; baseline 0 -10"><span class='ocrx_word' id='word_1_499' title='bbox 158 3337 252 3373; x_wconf 84' lang='lat' dir='ltr'><strong>vitus</strong></span> <span class='ocrx_word' id='word_1_500' title='bbox 287 3340 324 3373; x_wconf 85' lang='lat' dir='ltr'><strong>et</strong></span> <span class='ocrx_word' id='word_1_501' title='bbox 355 3347 422 3383; x_wconf 85' lang='lat' dir='ltr'><strong>per</strong></span> <span class='ocrx_word' id='word_1_502' title='bbox 451 3337 589 3373; x_wconf 89' lang='lat' dir='ltr'><strong>socium</strong></span> <span class='ocrx_word' id='word_1_503' title='bbox 620 3342 656 3372; x_wconf 92' lang='lat' dir='ltr'><strong>et</strong></span> <span class='ocrx_word' id='word_1_504' title='bbox 684 3337 919 3375; x_wconf 86' lang='lat' dir='ltr'><strong>fructuarium</strong></span> <span class='ocrx_word' id='word_1_505' title='bbox 951 3343 988 3376; x_wconf 92' lang='lat' dir='ltr'><strong>et</strong></span> <span class='ocrx_word' id='word_1_506' title='bbox 1017 3340 1135 3376; x_wconf 89' lang='lat' dir='ltr'><strong>bonae</strong></span> <span class='ocrx_word' id='word_1_507' title='bbox 1165 3339 1247 3374; x_wconf 91' lang='lat' dir='ltr'><strong>fidei</strong></span> 
     </span>
    </p>

    <p class='ocr_par' dir='ltr' id='par_1_17' title="bbox 160 3381 746 3428">
     <span class='ocr_line' id='line_1_70' title="bbox 160 3381 746 3428; baseline -0.003 -9"><span class='ocrx_word' id='word_1_508' title='bbox 160 3391 405 3428; x_wconf 83' lang='lat' dir='ltr'><strong>possessorem</strong></span> <span class='ocrx_word' id='word_1_509' title='bbox 427 3381 532 3418; x_wconf 86' lang='lat' dir='ltr'><strong>nobis</strong></span> <span class='ocrx_word' id='word_1_510' title='bbox 554 3382 746 3418; x_wconf 85' lang='lat' dir='ltr'><strong>retinetur:</strong></span> 
     </span>
    </p>
   </div>
   <div class='ocr_carea' id='block_1_6' title="bbox 1007 1125 1244 1161">
    <p class='ocr_par' dir='ltr' id='par_1_18' title="bbox 1007 1125 1244 1161">
     <span class='ocr_line' id='line_1_71' title="bbox 1007 1125 1244 1161; baseline -0.008 0"><span class='ocrx_word' id='word_1_511' title='bbox 1007 1136 1045 1161; x_wconf 93' lang='lat' dir='ltr'><strong>er</strong></span> <span class='ocrx_word' id='word_1_512' title='bbox 1077 1125 1244 1161; x_wconf 89' lang='lat' dir='ltr'><strong>collusio-</strong></span> 
     </span>
    </p>
   </div>
   <div class='ocr_carea' id='block_1_7' title="bbox 159 3495 1247 3765">
    <p class='ocr_par' dir='ltr' id='par_1_19' title="bbox 159 3495 1247 3765">
     <span class='ocr_line' id='line_1_72' title="bbox 159 3495 1246 3541; baseline 0 -12"><span class='ocrx_word' id='word_1_513' title='bbox 159 3498 200 3538; x_wconf 79' lang='lat'><strong>(1)</strong></span> <span class='ocrx_word' id='word_1_514' title='bbox 223 3495 478 3529; x_wconf 79' lang='lat' dir='ltr'><strong>madescedebat</strong></span> <span class='ocrx_word' id='word_1_515' title='bbox 487 3496 523 3529; x_wconf 73' lang='lat' dir='ltr'><em>F</em></span> <span class='ocrx_word' id='word_1_516' title='bbox 608 3496 652 3538; x_wconf 80' lang='lat'><strong>(2)</strong></span> <span class='ocrx_word' id='word_1_517' title='bbox 676 3496 874 3529; x_wconf 78' lang='lat' dir='ltr'><strong>consulebat</strong></span> <span class='ocrx_word' id='word_1_518' title='bbox 885 3511 946 3532; x_wconf 82' lang='lat' dir='ltr'><strong>scr.</strong></span> <span class='ocrx_word' id='word_1_519' title='bbox 1029 3499 1072 3541; x_wconf 81' lang='grc'><strong>(3)</strong></span> <span class='ocrx_word' id='word_1_520' title='bbox 1098 3498 1246 3531; x_wconf 83' lang='lat' dir='ltr'><strong>exaruis-</strong></span> 
     </span>
     <span class='ocr_line' id='line_1_73' title="bbox 159 3540 1247 3586; baseline 0.001 -12"><span class='ocrx_word' id='word_1_521' title='bbox 159 3544 211 3575; x_wconf 75' lang='lat' dir='ltr'><strong>set</strong></span> <span class='ocrx_word' id='word_1_522' title='bbox 221 3541 261 3582; x_wconf 61' lang='lat' dir='ltr'><strong>fi:</strong></span> <span class='ocrx_word' id='word_1_523' title='bbox 272 3541 484 3575; x_wconf 72' lang='lat' dir='ltr'><strong>exaruissent</strong></span> <span class='ocrx_word' id='word_1_524' title='bbox 495 3540 535 3582; x_wconf 82' lang='lat' dir='ltr'><strong>S,</strong></span> <span class='ocrx_word' id='word_1_525' title='bbox 547 3540 766 3582; x_wconf 78' lang='lat' dir='ltr'><strong>exaruissent,</strong></span> <span class='ocrx_word' id='word_1_526' title='bbox 779 3542 985 3575; x_wconf 80' lang='lat' dir='ltr'><strong>restituisset</strong></span> <span class='ocrx_word' id='word_1_527' title='bbox 996 3556 1058 3577; x_wconf 73' lang='lat' dir='ltr'><strong>scr.</strong></span> <span class='ocrx_word' id='word_1_528' title='bbox 1137 3544 1180 3586; x_wconf 81' lang='grc'><strong>(4)</strong></span> <span class='ocrx_word' id='word_1_529' title='bbox 1204 3542 1247 3575; x_wconf 88' lang='lat' dir='ltr'><strong>li-</strong></span> 
     </span>
     <span class='ocr_line' id='line_1_74' title="bbox 160 3585 1247 3630; baseline 0.001 -11"><span class='ocrx_word' id='word_1_530' title='bbox 160 3589 226 3619; x_wconf 82' lang='lat' dir='ltr'><strong>tem</strong></span> <span class='ocrx_word' id='word_1_531' title='bbox 239 3586 283 3620; x_wconf 71' lang='lat'><strong>1⁵¹</strong></span> <span class='ocrx_word' id='word_1_532' title='bbox 375 3587 420 3629; x_wconf 76' lang='lat' dir='ltr'><strong>(s)</strong></span> <span class='ocrx_word' id='word_1_533' title='bbox 443 3587 532 3628; x_wconf 87' lang='lat' dir='ltr'><strong>eum]</strong></span> <span class='ocrx_word' id='word_1_534' title='bbox 544 3596 621 3619; x_wconf 84' lang='lat' dir='ltr'><strong>cum</strong></span> <span class='ocrx_word' id='word_1_535' title='bbox 632 3585 692 3620; x_wconf 84' lang='lat' dir='ltr'><strong>FS</strong></span> <span class='ocrx_word' id='word_1_536' title='bbox 760 3587 804 3628; x_wconf 76' lang='lat' dir='ltr'><strong>(s)</strong></span> <span class='ocrx_word' id='word_1_537' title='bbox 830 3586 950 3620; x_wconf 87' lang='lat' dir='ltr'><strong>debere</strong></span> <span class='ocrx_word' id='word_1_538' title='bbox 962 3589 1037 3622; x_wconf 77' lang='lat' dir='ltr'><strong>dett.</strong></span> <span class='ocrx_word' id='word_1_539' title='bbox 1107 3589 1151 3630; x_wconf 81' lang='grc'><strong>(7)</strong></span> <span class='ocrx_word' id='word_1_540' title='bbox 1176 3588 1247 3620; x_wconf 74' lang='lat' dir='ltr'><strong>fue-</strong></span> 
     </span>
     <span class='ocr_line' id='line_1_75' title="bbox 160 3629 1246 3720; baseline 0 -9"><span class='ocrx_word' id='word_1_541' title='bbox 160 3629 343 3718; x_wconf 42' lang='lat' dir='ltr'><strong>mljgfg’d.</strong></span> <span class='ocrx_word' id='word_1_542' title='bbox 354 3683 457 3714; x_wconf 83' lang='lat'><strong>1...1·1;</strong></span> <span class='ocrx_word' id='word_1_543' title='bbox 471 3677 554 3710; x_wconf 78' lang='lat' dir='ltr'><strong>sab.</strong></span> <span class='ocrx_word' id='word_1_544' title='bbox 567 3683 687 3711; x_wconf 52' lang='grc' dir='ltr'><strong>ωηο.</strong></span> <span class='ocrx_word' id='word_1_545' title='bbox 700 3683 747 3710; x_wconf 82' lang='lat'><strong>22.</strong></span> <span class='ocrx_word' id='word_1_546' title='bbox 761 3683 797 3710; x_wconf 75' lang='lat'><strong>2⁴</strong></span> <span class='ocrx_word' id='word_1_547' title='bbox 810 3687 819 3716; x_wconf 87' lang='lat'>;</span> <span class='ocrx_word' id='word_1_548' title='bbox 832 3677 918 3720; x_wconf 79' lang='lat' dir='ltr'><strong>Pap.</strong></span> <span class='ocrx_word' id='word_1_549' title='bbox 932 3684 976 3710; x_wconf 86' lang='lat'><strong>21.</strong></span> <span class='ocrx_word' id='word_1_550' title='bbox 985 3684 1031 3710; x_wconf 74' lang='lat'><strong>2³.</strong></span> <span class='ocrx_word' id='word_1_551' title='bbox 1042 3684 1087 3711; x_wconf 77' lang='lat'><strong>25.</strong></span> <span class='ocrx_word' id='word_1_552' title='bbox 1101 3695 1148 3702; x_wconf 91' lang='lat'>—</span> <span class='ocrx_word' id='word_1_553' title='bbox 1159 3677 1246 3711; x_wconf 74' lang='lat' dir='ltr'><strong>Bae.</strong></span> 
     </span>
     <span class='ocr_line' id='line_1_76' title="bbox 160 3721 774 3765; baseline -0.002 -10"><span class='ocrx_word' id='word_1_554' title='bbox 160 3721 216 3762; x_wconf 77' lang='lat'><strong>58,</strong></span> <span class='ocrx_word' id='word_1_555' title='bbox 229 3727 247 3755; x_wconf 73' lang='grc' dir='ltr'><strong>ο</strong></span> <span class='ocrx_word' id='word_1_556' title='bbox 373 3722 420 3765; x_wconf 72' lang='grc'><strong>(9)</strong></span> <span class='ocrx_word' id='word_1_557' title='bbox 444 3722 646 3754; x_wconf 83' lang='lat' dir='ltr'><strong>amittantur</strong></span> <span class='ocrx_word' id='word_1_558' title='bbox 657 3721 719 3755; x_wconf 76' lang='lat' dir='ltr'><strong>ind</strong></span> <span class='ocrx_word' id='word_1_559' title='bbox 739 3721 774 3754; x_wconf 80' lang='lat' dir='ltr'><em>F</em></span> 
     </span>
    </p>
   </div>
   <div class='ocr_carea' id='block_1_8' title="bbox 1232 95 1312 142">
    <p class='ocr_par' dir='ltr' id='par_1_20' title="bbox 1232 95 1312 142">
     <span class='ocr_line' id='line_1_77' title="bbox 1232 95 1312 142; baseline -0.013 0"><span class='ocrx_word' id='word_1_560' title='bbox 1232 95 1312 142; x_wconf 82' lang='lat'><strong>122</strong></span> 
     </span>
    </p>
   </div>
   <div class='ocr_carea' id='block_1_9' title="bbox 904 3676 1853 3763">
    <p class='ocr_par' dir='ltr' id='par_1_21' title="bbox 904 3676 1853 3763">
     <span class='ocr_line' id='line_1_78' title="bbox 1312 3676 1853 3720; baseline -0.002 -10"><span class='ocrx_word' id='word_1_561' title='bbox 1312 3686 1395 3720; x_wconf 77' lang='lat' dir='ltr'><strong>pore</strong></span> <span class='ocrx_word' id='word_1_562' title='bbox 1407 3678 1597 3711; x_wconf 75' lang='lat' dir='ltr'><strong>amittantur</strong></span> <span class='ocrx_word' id='word_1_563' title='bbox 1607 3677 1690 3711; x_wconf 70' lang='lat' dir='ltr'><strong>vidie</strong></span> <span class='ocrx_word' id='word_1_564' title='bbox 1700 3676 1853 3720; x_wconf 73' lang='lat' dir='ltr'><strong>Krueyer</strong></span> 
     </span>
     <span class='ocr_line' id='line_1_79' title="bbox 904 3719 1434 3763; baseline 0 -8"><span class='ocrx_word' id='word_1_565' title='bbox 904 3722 963 3763; x_wconf 86' lang='grc' dir='ltr'><strong>(ιο)</strong></span> <span class='ocrx_word' id='word_1_566' title='bbox 990 3723 1035 3755; x_wconf 74' lang='lat' dir='ltr'><strong>sic</strong></span> <span class='ocrx_word' id='word_1_567' title='bbox 1046 3723 1103 3763; x_wconf 62' lang='grc' dir='ltr'><strong>Π,</strong></span> <span class='ocrx_word' id='word_1_568' title='bbox 1117 3733 1189 3755; x_wconf 85' lang='lat' dir='ltr'><strong>eam</strong></span> <span class='ocrx_word' id='word_1_569' title='bbox 1202 3719 1248 3756; x_wconf 64' lang='lat'><strong>1³</strong></span> <span class='ocrx_word' id='word_1_570' title='bbox 1317 3733 1385 3755; x_wconf 77' lang='lat' dir='ltr'><strong>eum</strong></span> <span class='ocrx_word' id='word_1_571' title='bbox 1398 3722 1434 3755; x_wconf 90' lang='lat' dir='ltr'><em>B</em></span> 
     </span>
    </p>
   </div>
   <div class='ocr_carea' id='block_1_10' title="bbox 1748 78 2399 148">
    <p class='ocr_par' dir='ltr' id='par_1_22' title="bbox 1748 78 2399 148">
     <span class='ocr_line' id='line_1_80' title="bbox 1748 78 2399 148; baseline 0 -8"><span class='ocrx_word' id='word_1_572' title='bbox 1748 107 2102 148; x_wconf 75' lang='lat' dir='ltr'><strong>QUEMADMODUM</strong></span> <span class='ocrx_word' id='word_1_573' title='bbox 2130 78 2399 141; x_wconf 64' lang='lat' dir='ltr'><strong>Ssssswms</strong></span> 
     </span>
    </p>
   </div>
   <div class='ocr_carea' id='block_1_11' title="bbox 1310 217 2411 3425">
    <p class='ocr_par' dir='ltr' id='par_1_23' title="bbox 1310 217 2411 2698">
     <span class='ocr_line' id='line_1_81' title="bbox 1358 217 2404 269; baseline 0 -12"><span class='ocrx_word' id='word_1_574' title='bbox 1358 217 1384 257; x_wconf 88' lang='grc'><strong>6</strong></span> <span class='ocrx_word' id='word_1_575' title='bbox 1412 219 1559 256; x_wconf 70' lang='lat' dir='ltr'><strong>Cusus</strong></span> <span class='ocrx_word' id='word_1_576' title='bbox 1578 218 1671 256; x_wconf 73' lang='lat' dir='ltr'><strong>libro</strong></span> <span class='ocrx_word' id='word_1_577' title='bbox 1695 221 1821 267; x_wconf 73' lang='lat' dir='ltr'><strong>quinto</strong></span> <span class='ocrx_word' id='word_1_578' title='bbox 1845 220 2066 269; x_wconf 62' lang='lat' dir='ltr'><strong>digestorum</strong></span> <span class='ocrx_word' id='word_1_579' title='bbox 2113 230 2196 257; x_wconf 87' lang='lat' dir='ltr'><strong>nam</strong></span> <span class='ocrx_word' id='word_1_580' title='bbox 2228 220 2316 257; x_wconf 85' lang='lat' dir='ltr'><strong>satis</strong></span> <span class='ocrx_word' id='word_1_581' title='bbox 2349 225 2404 257; x_wconf 90' lang='lat' dir='ltr'><strong>est</strong></span> 
     </span>
     <span class='ocr_line' id='line_1_82' title="bbox 1314 263 2403 312; baseline 0.002 -12"><span class='ocrx_word' id='word_1_582' title='bbox 1314 267 1329 300; x_wconf 84' lang='lat'>1</span> <span class='ocrx_word' id='word_1_583' title='bbox 1378 263 1483 300; x_wconf 80' lang='lat' dir='ltr'><strong>fundi</strong></span> <span class='ocrx_word' id='word_1_584' title='bbox 1505 264 1648 301; x_wconf 89' lang='lat' dir='ltr'><strong>nomine</strong></span> <span class='ocrx_word' id='word_1_585' title='bbox 1669 265 1759 301; x_wconf 91' lang='lat' dir='ltr'><strong>itum</strong></span> <span class='ocrx_word' id='word_1_586' title='bbox 1782 276 1872 302; x_wconf 89' lang='lat' dir='ltr'><strong>esse.</strong></span> <span class='ocrx_word' id='word_1_587' title='bbox 1921 266 1960 302; x_wconf 91' lang='lat' dir='ltr'><strong>Si</strong></span> <span class='ocrx_word' id='word_1_588' title='bbox 1983 277 2047 312; x_wconf 85' lang='lat' dir='ltr'><strong>ego</strong></span> <span class='ocrx_word' id='word_1_589' title='bbox 2071 266 2149 310; x_wconf 87' lang='lat' dir='ltr'><strong>via,</strong></span> <span class='ocrx_word' id='word_1_590' title='bbox 2184 276 2278 312; x_wconf 89' lang='lat' dir='ltr'><strong>quae</strong></span> <span class='ocrx_word' id='word_1_591' title='bbox 2299 266 2403 302; x_wconf 91' lang='lat' dir='ltr'><strong>nobis</strong></span> 
     </span>
     <span class='ocr_line' id='line_1_83' title="bbox 1310 310 2405 355; baseline 0.002 -10"><span class='ocrx_word' id='word_1_592' title='bbox 1310 320 1375 355; x_wconf 89' lang='lat' dir='ltr'><strong>per</strong></span> <span class='ocrx_word' id='word_1_593' title='bbox 1396 310 1505 345; x_wconf 90' lang='lat' dir='ltr'><strong>vicini</strong></span> <span class='ocrx_word' id='word_1_594' title='bbox 1526 310 1677 346; x_wconf 85' lang='lat' dir='ltr'><strong>fundum</strong></span> <span class='ocrx_word' id='word_1_595' title='bbox 1700 311 1916 355; x_wconf 87' lang='lat' dir='ltr'><strong>debebatur,</strong></span> <span class='ocrx_word' id='word_1_596' title='bbox 1950 322 2038 347; x_wconf 82' lang='lat' dir='ltr'><strong>usus</strong></span> <span class='ocrx_word' id='word_1_597' title='bbox 2068 311 2190 354; x_wconf 87' lang='lat' dir='ltr'><strong>fuero,</strong></span> <span class='ocrx_word' id='word_1_598' title='bbox 2221 315 2262 347; x_wconf 90' lang='lat' dir='ltr'><strong>tu</strong></span> <span class='ocrx_word' id='word_1_599' title='bbox 2285 315 2405 347; x_wconf 87' lang='lat' dir='ltr'><strong>autem</strong></span> 
     </span>
     <span class='ocr_line' id='line_1_84' title="bbox 1311 355 2406 401; baseline 0.002 -11"><span class='ocrx_word' id='word_1_600' title='bbox 1311 355 1507 391; x_wconf 87' lang='lat' dir='ltr'><strong>constituto</strong></span> <span class='ocrx_word' id='word_1_601' title='bbox 1530 358 1690 401; x_wconf 89' lang='lat' dir='ltr'><strong>tempore</strong></span> <span class='ocrx_word' id='word_1_602' title='bbox 1715 357 1920 400; x_wconf 86' lang='lat' dir='ltr'><strong>cessaveris,</strong></span> <span class='ocrx_word' id='word_1_603' title='bbox 1946 367 1994 392; x_wconf 90' lang='lat' dir='ltr'><strong>an</strong></span> <span class='ocrx_word' id='word_1_604' title='bbox 2017 357 2074 392; x_wconf 90' lang='lat' dir='ltr'><strong>ius</strong></span> <span class='ocrx_word' id='word_1_605' title='bbox 2098 360 2200 392; x_wconf 90' lang='lat' dir='ltr'><strong>tuum</strong></span> <span class='ocrx_word' id='word_1_606' title='bbox 2219 356 2406 392; x_wconf 78' lang='lat' dir='ltr'><strong>amiseris?</strong></span> 
     </span>
     <span class='ocr_line' id='line_1_85' title="bbox 1311 400 2404 454; baseline 0.001 -19"><span class='ocrx_word' id='word_1_607' title='bbox 1311 403 1348 436; x_wconf 88' lang='lat' dir='ltr'><strong>et</strong></span> <span class='ocrx_word' id='word_1_608' title='bbox 1370 410 1390 436; x_wconf 94' lang='lat' dir='ltr'><strong>e</strong></span> <span class='ocrx_word' id='word_1_609' title='bbox 1414 401 1611 443; x_wconf 85' lang='lat' dir='ltr'><strong>contrario,</strong></span> <span class='ocrx_word' id='word_1_610' title='bbox 1646 400 1677 436; x_wconf 89' lang='lat' dir='ltr'><strong>si</strong></span> <span class='ocrx_word' id='word_1_611' title='bbox 1699 401 1855 445; x_wconf 84' lang='lat' dir='ltr'><strong>vicinus,</strong></span> <span class='ocrx_word' id='word_1_612' title='bbox 1888 402 1947 438; x_wconf 93' lang='lat' dir='ltr'><strong>cui</strong></span> <span class='ocrx_word' id='word_1_613' title='bbox 1969 403 2027 437; x_wconf 84' lang='lat' dir='ltr'><strong>via</strong></span> <span class='ocrx_word' id='word_1_614' title='bbox 2050 413 2115 454; x_wconf 80' lang='lat' dir='ltr'><strong>per</strong></span> <span class='ocrx_word' id='word_1_615' title='bbox 2137 405 2298 437; x_wconf 90' lang='lat' dir='ltr'><strong>nostrum</strong></span> <span class='ocrx_word' id='word_1_616' title='bbox 2321 401 2404 437; x_wconf 86' lang='lat' dir='ltr'><strong>fun-</strong></span> 
     </span>
     <span class='ocr_line' id='line_1_86' title="bbox 1311 445 2406 493; baseline 0.001 -12"><span class='ocrx_word' id='word_1_617' title='bbox 1311 445 1396 481; x_wconf 91' lang='lat' dir='ltr'><strong>dum</strong></span> <span class='ocrx_word' id='word_1_618' title='bbox 1420 445 1635 489; x_wconf 81' lang='lat' dir='ltr'><strong>debebatur,</strong></span> <span class='ocrx_word' id='word_1_619' title='bbox 1659 456 1725 491; x_wconf 87' lang='lat' dir='ltr'><strong>per</strong></span> <span class='ocrx_word' id='word_1_620' title='bbox 1747 457 1862 483; x_wconf 88' lang='lat' dir='ltr'><strong>meam</strong></span> <span class='ocrx_word' id='word_1_621' title='bbox 1884 450 2024 493; x_wconf 89' lang='lat' dir='ltr'><strong>partem</strong></span> <span class='ocrx_word' id='word_1_622' title='bbox 2047 447 2129 482; x_wconf 80' lang='lat' dir='ltr'><strong>ierit</strong></span> <span class='ocrx_word' id='word_1_623' title='bbox 2152 446 2281 492; x_wconf 82' lang='lat' dir='ltr'><strong>egerit,</strong></span> <span class='ocrx_word' id='word_1_624' title='bbox 2305 451 2406 482; x_wconf 87' lang='lat' dir='ltr'><strong>tuam</strong></span> 
     </span>
     <span class='ocr_line' id='line_1_87' title="bbox 1310 491 2405 538; baseline 0.001 -12"><span class='ocrx_word' id='word_1_625' title='bbox 1310 494 1450 536; x_wconf 85' lang='lat' dir='ltr'><strong>partem</strong></span> <span class='ocrx_word' id='word_1_626' title='bbox 1473 491 1510 526; x_wconf 91' lang='lat' dir='ltr'><strong>in</strong></span> <span class='ocrx_word' id='word_1_627' title='bbox 1553 501 1654 527; x_wconf 88' lang='lat' dir='ltr'><strong>essus</strong></span> <span class='ocrx_word' id='word_1_628' title='bbox 1678 502 1753 528; x_wconf 88' lang='lat' dir='ltr'><strong>non</strong></span> <span class='ocrx_word' id='word_1_629' title='bbox 1774 491 1893 535; x_wconf 84' lang='lat' dir='ltr'><strong>fuerit,</strong></span> <span class='ocrx_word' id='word_1_630' title='bbox 1918 503 1965 527; x_wconf 92' lang='lat' dir='ltr'><strong>an</strong></span> <span class='ocrx_word' id='word_1_631' title='bbox 1988 496 2129 538; x_wconf 90' lang='lat' dir='ltr'><strong>partem</strong></span> <span class='ocrx_word' id='word_1_632' title='bbox 2151 495 2252 527; x_wconf 89' lang='lat' dir='ltr'><strong>tuam</strong></span> <span class='ocrx_word' id='word_1_633' title='bbox 2274 492 2405 527; x_wconf 90' lang='lat' dir='ltr'><strong>libera·</strong></span> 
     </span>
     <span class='ocr_line' id='line_1_88' title="bbox 1310 501 2406 582; baseline 0 -11"><span class='ocrx_word' id='word_1_634' title='bbox 1310 536 1426 571; x_wconf 84' lang='lat' dir='ltr'><strong>verit?</strong></span> <span class='ocrx_word' id='word_1_635' title='bbox 1462 501 1586 572; x_wconf 52' lang='lat' dir='ltr'><strong>Ceffus</strong></span> <span class='ocrx_word' id='word_1_636' title='bbox 1609 536 1814 582; x_wconf 85' lang='lat' dir='ltr'><strong>respondit:</strong></span> <span class='ocrx_word' id='word_1_637' title='bbox 1847 538 1878 573; x_wconf 92' lang='lat' dir='ltr'><strong>si</strong></span> <span class='ocrx_word' id='word_1_638' title='bbox 1910 537 2045 573; x_wconf 89' lang='lat' dir='ltr'><strong>divisus</strong></span> <span class='ocrx_word' id='word_1_639' title='bbox 2078 540 2134 573; x_wconf 88' lang='lat' dir='ltr'><strong>est</strong></span> <span class='ocrx_word' id='word_1_640' title='bbox 2154 536 2288 572; x_wconf 82' lang='lat' dir='ltr'><strong>fundus</strong></span> <span class='ocrx_word' id='word_1_641' title='bbox 2312 537 2406 572; x_wconf 86' lang='lat' dir='ltr'><strong>inter</strong></span> 
     </span>
     <span class='ocr_line' id='line_1_89' title="bbox 1311 581 2407 627; baseline 0.001 -11"><span class='ocrx_word' id='word_1_642' title='bbox 1311 581 1430 617; x_wconf 88' lang='lat' dir='ltr'><strong>socios</strong></span> <span class='ocrx_word' id='word_1_643' title='bbox 1453 581 1675 626; x_wconf 82' lang='lat' dir='ltr'><strong>regionibus,</strong></span> <span class='ocrx_word' id='word_1_644' title='bbox 1709 582 1805 627; x_wconf 90' lang='lat' dir='ltr'><strong>quod</strong></span> <span class='ocrx_word' id='word_1_645' title='bbox 1827 582 1874 618; x_wconf 89' lang='lat' dir='ltr'><strong>ad</strong></span> <span class='ocrx_word' id='word_1_646' title='bbox 1897 583 2103 618; x_wconf 89' lang='lat' dir='ltr'><strong>servitutem</strong></span> <span class='ocrx_word' id='word_1_647' title='bbox 2135 583 2281 625; x_wconf 86' lang='lat' dir='ltr'><strong>attinet,</strong></span> <span class='ocrx_word' id='word_1_648' title='bbox 2314 592 2407 627; x_wconf 88' lang='lat' dir='ltr'><strong>quae</strong></span> 
     </span>
     <span class='ocr_line' id='line_1_90' title="bbox 1312 626 2406 673; baseline 0.001 -12"><span class='ocrx_word' id='word_1_649' title='bbox 1312 627 1344 661; x_wconf 90' lang='lat' dir='ltr'><strong>ei</strong></span> <span class='ocrx_word' id='word_1_650' title='bbox 1366 626 1478 662; x_wconf 84' lang='lat' dir='ltr'><strong>fundo</strong></span> <span class='ocrx_word' id='word_1_651' title='bbox 1503 626 1719 670; x_wconf 89' lang='lat' dir='ltr'><strong>debebatur,</strong></span> <span class='ocrx_word' id='word_1_652' title='bbox 1742 627 1890 673; x_wconf 88' lang='lat' dir='ltr'><strong>perinde</strong></span> <span class='ocrx_word' id='word_1_653' title='bbox 1922 631 1996 671; x_wconf 90' lang='lat' dir='ltr'><strong>est,</strong></span> <span class='ocrx_word' id='word_1_654' title='bbox 2027 632 2137 673; x_wconf 86' lang='lat' dir='ltr'><strong>atque</strong></span> <span class='ocrx_word' id='word_1_655' title='bbox 2167 628 2198 663; x_wconf 91' lang='lat' dir='ltr'><strong>si</strong></span> <span class='ocrx_word' id='word_1_656' title='bbox 2229 627 2275 662; x_wconf 89' lang='lat' dir='ltr'><strong>ab</strong></span> <span class='ocrx_word' id='word_1_657' title='bbox 2305 627 2406 662; x_wconf 90' lang='lat' dir='ltr'><strong>initio</strong></span> 
     </span>
     <span class='ocr_line' id='line_1_91' title="bbox 1313 671 2404 718; baseline 0.001 -12"><span class='ocrx_word' id='word_1_658' title='bbox 1313 671 1453 707; x_wconf 90' lang='lat' dir='ltr'><strong>duobus</strong></span> <span class='ocrx_word' id='word_1_659' title='bbox 1475 671 1596 708; x_wconf 84' lang='lat' dir='ltr'><strong>fundis</strong></span> <span class='ocrx_word' id='word_1_660' title='bbox 1619 671 1740 707; x_wconf 91' lang='lat' dir='ltr'><strong>debita</strong></span> <span class='ocrx_word' id='word_1_661' title='bbox 1764 673 1829 708; x_wconf 89' lang='lat' dir='ltr'><strong>sit:</strong></span> <span class='ocrx_word' id='word_1_662' title='bbox 1856 677 1892 708; x_wconf 90' lang='lat' dir='ltr'><strong>et</strong></span> <span class='ocrx_word' id='word_1_663' title='bbox 1915 673 1984 709; x_wconf 90' lang='lat' dir='ltr'><strong>sibi</strong></span> <span class='ocrx_word' id='word_1_664' title='bbox 2008 673 2158 718; x_wconf 89' lang='lat' dir='ltr'><strong>quisque</strong></span> <span class='ocrx_word' id='word_1_665' title='bbox 2182 672 2404 708; x_wconf 90' lang='lat' dir='ltr'><strong>dominorum</strong></span> 
     </span>
     <span class='ocr_line' id='line_1_92' title="bbox 1311 717 2406 763; baseline 0.002 -12"><span class='ocrx_word' id='word_1_666' title='bbox 1311 720 1466 762; x_wconf 87' lang='lat' dir='ltr'><strong>usurpat</strong></span> <span class='ocrx_word' id='word_1_667' title='bbox 1489 717 1706 760; x_wconf 86' lang='lat' dir='ltr'><strong>servitutem,</strong></span> <span class='ocrx_word' id='word_1_668' title='bbox 1731 718 1799 753; x_wconf 91' lang='lat' dir='ltr'><strong>sibi</strong></span> <span class='ocrx_word' id='word_1_669' title='bbox 1817 728 1889 753; x_wconf 91' lang='lat' dir='ltr'><strong>non</strong></span> <span class='ocrx_word' id='word_1_670' title='bbox 1909 718 2042 754; x_wconf 91' lang='lat' dir='ltr'><strong>utendo</strong></span> <span class='ocrx_word' id='word_1_671' title='bbox 2064 718 2225 763; x_wconf 89' lang='lat' dir='ltr'><strong>deperdit</strong></span> <span class='ocrx_word' id='word_1_672' title='bbox 2244 727 2311 753; x_wconf 90' lang='lat' dir='ltr'><strong>nec</strong></span> <span class='ocrx_word' id='word_1_673' title='bbox 2332 728 2406 753; x_wconf 86' lang='lat' dir='ltr'><strong>am-</strong></span> 
     </span>
     <span class='ocr_line' id='line_1_93' title="bbox 1311 762 2406 807; baseline 0.001 -10"><span class='ocrx_word' id='word_1_674' title='bbox 1311 762 1406 807; x_wconf 89' lang='lat' dir='ltr'><strong>plius</strong></span> <span class='ocrx_word' id='word_1_675' title='bbox 1429 762 1468 797; x_wconf 91' lang='lat' dir='ltr'><strong>in</strong></span> <span class='ocrx_word' id='word_1_676' title='bbox 1499 772 1543 798; x_wconf 91' lang='lat' dir='ltr'><strong>ea</strong></span> <span class='ocrx_word' id='word_1_677' title='bbox 1573 772 1613 798; x_wconf 90' lang='lat' dir='ltr'><strong>re</strong></span> <span class='ocrx_word' id='word_1_678' title='bbox 1645 773 1778 798; x_wconf 89' lang='lat' dir='ltr'><strong>causae</strong></span> <span class='ocrx_word' id='word_1_679' title='bbox 1811 773 1935 799; x_wconf 91' lang='lat' dir='ltr'><strong>eorum</strong></span> <span class='ocrx_word' id='word_1_680' title='bbox 1968 763 2162 799; x_wconf 85' lang='lat' dir='ltr'><strong>fundorum</strong></span> <span class='ocrx_word' id='word_1_681' title='bbox 2196 763 2406 798; x_wconf 85' lang='lat' dir='ltr'><strong>miscentur:</strong></span> 
     </span>
     <span class='ocr_line' id='line_1_94' title="bbox 1312 806 2406 851; baseline 0.002 -9"><span class='ocrx_word' id='word_1_682' title='bbox 1312 817 1379 843; x_wconf 90' lang='lat' dir='ltr'><strong>nec</strong></span> <span class='ocrx_word' id='word_1_683' title='bbox 1402 806 1444 842; x_wconf 89' lang='lat' dir='ltr'><strong>fit</strong></span> <span class='ocrx_word' id='word_1_684' title='bbox 1467 807 1541 842; x_wconf 87' lang='lat' dir='ltr'><strong>ulla</strong></span> <span class='ocrx_word' id='word_1_685' title='bbox 1562 807 1692 843; x_wconf 90' lang='lat' dir='ltr'><strong>iniuria</strong></span> <span class='ocrx_word' id='word_1_686' title='bbox 1717 808 1749 843; x_wconf 90' lang='lat' dir='ltr'><strong>ei</strong></span> <span class='ocrx_word' id='word_1_687' title='bbox 1774 808 1876 843; x_wconf 89' lang='lat' dir='ltr'><strong>cuius</strong></span> <span class='ocrx_word' id='word_1_688' title='bbox 1907 808 2042 844; x_wconf 83' lang='lat' dir='ltr'><strong>fundus</strong></span> <span class='ocrx_word' id='word_1_689' title='bbox 2075 808 2203 851; x_wconf 86' lang='lat' dir='ltr'><strong>servit,</strong></span> <span class='ocrx_word' id='word_1_690' title='bbox 2234 809 2341 843; x_wconf 90' lang='lat' dir='ltr'><strong>immo</strong></span> <span class='ocrx_word' id='word_1_691' title='bbox 2375 808 2406 844; x_wconf 91' lang='lat' dir='ltr'><strong>si</strong></span> 
     </span>
     <span class='ocr_line' id='line_1_95' title="bbox 1313 852 2407 898; baseline 0.001 -11"><span class='ocrx_word' id='word_1_692' title='bbox 1313 863 1383 898; x_wconf 93' lang='lat' dir='ltr'><strong>quo</strong></span> <span class='ocrx_word' id='word_1_693' title='bbox 1415 852 1558 895; x_wconf 90' lang='lat' dir='ltr'><strong>melior,</strong></span> <span class='ocrx_word' id='word_1_694' title='bbox 1590 853 1758 898; x_wconf 89' lang='lat' dir='ltr'><strong>quoniam</strong></span> <span class='ocrx_word' id='word_1_695' title='bbox 1790 854 1881 889; x_wconf 90' lang='lat' dir='ltr'><strong>alter</strong></span> <span class='ocrx_word' id='word_1_696' title='bbox 1911 854 2135 890; x_wconf 89' lang='lat' dir='ltr'><strong>dominorum</strong></span> <span class='ocrx_word' id='word_1_697' title='bbox 2169 853 2304 889; x_wconf 91' lang='lat' dir='ltr'><strong>utendo</strong></span> <span class='ocrx_word' id='word_1_698' title='bbox 2328 853 2407 895; x_wconf 86' lang='lat' dir='ltr'><strong>sibi,</strong></span> 
     </span>
     <span class='ocr_line' id='line_1_96' title="bbox 1316 898 2408 944; baseline 0.002 -12"><span class='ocrx_word' id='word_1_699' title='bbox 1316 901 1359 932; x_wconf 86' lang='lat' dir='ltr'><strong>la</strong></span> <span class='ocrx_word' id='word_1_700' title='bbox 1404 908 1478 933; x_wconf 89' lang='lat' dir='ltr'><strong>non</strong></span> <span class='ocrx_word' id='word_1_701' title='bbox 1511 898 1579 934; x_wconf 89' lang='lat' dir='ltr'><strong>toti</strong></span> <span class='ocrx_word' id='word_1_702' title='bbox 1607 898 1720 934; x_wconf 79' lang='lat' dir='ltr'><strong>fundo</strong></span> <span class='ocrx_word' id='word_1_703' title='bbox 1752 899 1905 944; x_wconf 87' lang='lat' dir='ltr'><strong>proficit.</strong></span> <span class='ocrx_word' id='word_1_704' title='bbox 1954 898 2025 934; x_wconf 89' lang='lat' dir='ltr'><strong>Sed</strong></span> <span class='ocrx_word' id='word_1_705' title='bbox 2057 899 2088 934; x_wconf 92' lang='lat' dir='ltr'><strong>si</strong></span> <span class='ocrx_word' id='word_1_706' title='bbox 2116 899 2149 934; x_wconf 89' lang='lat' dir='ltr'><strong>is</strong></span> <span class='ocrx_word' id='word_1_707' title='bbox 2181 898 2313 934; x_wconf 87' lang='lat' dir='ltr'><strong>fundus</strong></span> <span class='ocrx_word' id='word_1_708' title='bbox 2347 899 2408 944; x_wconf 90' lang='lat' dir='ltr'><strong>qui</strong></span> 
     </span>
     <span class='ocr_line' id='line_1_97' title="bbox 1313 942 2409 989; baseline 0.001 -11"><span class='ocrx_word' id='word_1_709' title='bbox 1313 942 1474 978; x_wconf 88' lang='lat' dir='ltr'><strong>servierit</strong></span> <span class='ocrx_word' id='word_1_710' title='bbox 1508 943 1560 978; x_wconf 92' lang='lat' dir='ltr'><strong>ita</strong></span> <span class='ocrx_word' id='word_1_711' title='bbox 1590 943 1723 979; x_wconf 90' lang='lat' dir='ltr'><strong>divisus</strong></span> <span class='ocrx_word' id='word_1_712' title='bbox 1754 948 1827 987; x_wconf 87' lang='lat' dir='ltr'><strong>est,</strong></span> <span class='ocrx_word' id='word_1_713' title='bbox 1862 944 2066 989; x_wconf 90' lang='lat' dir='ltr'><strong>plusculum</strong></span> <span class='ocrx_word' id='word_1_714' title='bbox 2101 943 2334 979; x_wconf 81' lang='lat' dir='ltr'><strong>dubitationis</strong></span> <span class='ocrx_word' id='word_1_715' title='bbox 2366 953 2409 979; x_wconf 86' lang='lat' dir='ltr'><strong>ea</strong></span> 
     </span>
     <span class='ocr_line' id='line_1_98' title="bbox 1313 988 2408 1030; baseline 0 -7"><span class='ocrx_word' id='word_1_716' title='bbox 1313 998 1371 1024; x_wconf 86' lang='lat' dir='ltr'><strong>res</strong></span> <span class='ocrx_word' id='word_1_717' title='bbox 1402 988 1529 1024; x_wconf 90' lang='lat' dir='ltr'><strong>habet·</strong></span> <span class='ocrx_word' id='word_1_718' title='bbox 1563 999 1647 1024; x_wconf 89' lang='lat' dir='ltr'><strong>nam</strong></span> <span class='ocrx_word' id='word_1_719' title='bbox 1678 989 1710 1024; x_wconf 89' lang='lat' dir='ltr'><strong>si</strong></span> <span class='ocrx_word' id='word_1_720' title='bbox 1742 993 1860 1024; x_wconf 89' lang='lat' dir='ltr'><strong>certus</strong></span> <span class='ocrx_word' id='word_1_721' title='bbox 1893 1000 1936 1025; x_wconf 91' lang='lat' dir='ltr'><strong>ac</strong></span> <span class='ocrx_word' id='word_1_722' title='bbox 1967 989 2090 1025; x_wconf 90' lang='lat' dir='ltr'><strong>finitus</strong></span> <span class='ocrx_word' id='word_1_723' title='bbox 2114 989 2193 1024; x_wconf 88' lang='lat' dir='ltr'><strong>viae</strong></span> <span class='ocrx_word' id='word_1_724' title='bbox 2215 989 2317 1024; x_wconf 89' lang='lat' dir='ltr'><strong>locus</strong></span> <span class='ocrx_word' id='word_1_725' title='bbox 2342 992 2408 1030; x_wconf 87' lang='lat' dir='ltr'><strong>est,</strong></span> 
     </span>
     <span class='ocr_line' id='line_1_99' title="bbox 1313 1033 2406 1079; baseline 0.001 -11"><span class='ocrx_word' id='word_1_726' title='bbox 1313 1036 1420 1076; x_wconf 89' lang='lat' dir='ltr'><strong>tunc,</strong></span> <span class='ocrx_word' id='word_1_727' title='bbox 1458 1033 1489 1069; x_wconf 90' lang='lat' dir='ltr'><strong>si</strong></span> <span class='ocrx_word' id='word_1_728' title='bbox 1518 1043 1584 1079; x_wconf 90' lang='lat' dir='ltr'><strong>per</strong></span> <span class='ocrx_word' id='word_1_729' title='bbox 1613 1034 1868 1079; x_wconf 88' lang='lat' dir='ltr'><strong>longitudinem</strong></span> <span class='ocrx_word' id='word_1_730' title='bbox 1900 1035 1975 1071; x_wconf 88' lang='lat' dir='ltr'><strong>eius</strong></span> <span class='ocrx_word' id='word_1_731' title='bbox 2005 1034 2140 1070; x_wconf 89' lang='lat' dir='ltr'><strong>fundus</strong></span> <span class='ocrx_word' id='word_1_732' title='bbox 2174 1034 2307 1070; x_wconf 88' lang='lat' dir='ltr'><strong>divisus</strong></span> <span class='ocrx_word' id='word_1_733' title='bbox 2340 1037 2406 1077; x_wconf 90' lang='lat' dir='ltr'><strong>est,</strong></span> 
     </span>
     <span class='ocr_line' id='line_1_100' title="bbox 1315 1078 2407 1126; baseline 0.001 -13"><span class='ocrx_word' id='word_1_734' title='bbox 1315 1078 1438 1114; x_wconf 89' lang='lat' dir='ltr'><strong>eadem</strong></span> <span class='ocrx_word' id='word_1_735' title='bbox 1463 1079 1582 1114; x_wconf 88' lang='lat' dir='ltr'><strong>omnia</strong></span> <span class='ocrx_word' id='word_1_736' title='bbox 1604 1079 1781 1114; x_wconf 88' lang='lat' dir='ltr'><strong>servanda</strong></span> <span class='ocrx_word' id='word_1_737' title='bbox 1805 1083 1928 1123; x_wconf 88' lang='lat' dir='ltr'><strong>eruut,</strong></span> <span class='ocrx_word' id='word_1_738' title='bbox 1962 1091 2053 1126; x_wconf 89' lang='lat' dir='ltr'><strong>quae</strong></span> <span class='ocrx_word' id='word_1_739' title='bbox 2086 1080 2117 1115; x_wconf 91' lang='lat' dir='ltr'><strong>si</strong></span> <span class='ocrx_word' id='word_1_740' title='bbox 2148 1079 2248 1115; x_wconf 89' lang='lat' dir='ltr'><strong>initio</strong></span> <span class='ocrx_word' id='word_1_741' title='bbox 2274 1079 2407 1115; x_wconf 86' lang='lat' dir='ltr'><strong>consti-</strong></span> 
     </span>
     <span class='ocr_line' id='line_1_101' title="bbox 1313 1124 2407 1161; baseline 0 -2"><span class='ocrx_word' id='word_1_742' title='bbox 1313 1124 1470 1159; x_wconf 89' lang='lat' dir='ltr'><strong>tuendae</strong></span> <span class='ocrx_word' id='word_1_743' title='bbox 1494 1124 1571 1160; x_wconf 90' lang='lat' dir='ltr'><strong>eius</strong></span> <span class='ocrx_word' id='word_1_744' title='bbox 1596 1124 1775 1160; x_wconf 85' lang='lat' dir='ltr'><strong>servitutis</strong></span> <span class='ocrx_word' id='word_1_745' title='bbox 1799 1125 1961 1160; x_wconf 90' lang='lat' dir='ltr'><strong>similiter</strong></span> <span class='ocrx_word' id='word_1_746' title='bbox 1991 1126 2050 1161; x_wconf 89' lang='lat' dir='ltr'><strong>hic</strong></span> <span class='ocrx_word' id='word_1_747' title='bbox 2083 1125 2154 1160; x_wconf 89' lang='lat' dir='ltr'><strong>duo</strong></span> <span class='ocrx_word' id='word_1_748' title='bbox 2185 1124 2288 1160; x_wconf 80' lang='lat' dir='ltr'><strong>fundi</strong></span> <span class='ocrx_word' id='word_1_749' title='bbox 2318 1124 2407 1160; x_wconf 82' lang='lat' dir='ltr'><strong>fuis-</strong></span> 
     </span>
     <span class='ocr_line' id='line_1_102' title="bbox 1315 1169 2409 1215; baseline 0.001 -11"><span class='ocrx_word' id='word_1_750' title='bbox 1315 1173 1412 1205; x_wconf 85' lang='lat' dir='ltr'><strong>sent:</strong></span> <span class='ocrx_word' id='word_1_751' title='bbox 1438 1169 1468 1204; x_wconf 90' lang='lat' dir='ltr'><strong>si</strong></span> <span class='ocrx_word' id='word_1_752' title='bbox 1491 1180 1574 1205; x_wconf 78' lang='lat' dir='ltr'><strong>vero</strong></span> <span class='ocrx_word' id='word_1_753' title='bbox 1598 1180 1664 1215; x_wconf 89' lang='lat' dir='ltr'><strong>per</strong></span> <span class='ocrx_word' id='word_1_754' title='bbox 1686 1170 1910 1206; x_wconf 87' lang='lat' dir='ltr'><strong>latitudinem</strong></span> <span class='ocrx_word' id='word_1_755' title='bbox 1932 1171 2011 1206; x_wconf 84' lang='lat' dir='ltr'><strong>viae</strong></span> <span class='ocrx_word' id='word_1_756' title='bbox 2034 1170 2169 1206; x_wconf 89' lang='lat' dir='ltr'><strong>fundus</strong></span> <span class='ocrx_word' id='word_1_757' title='bbox 2194 1170 2328 1205; x_wconf 87' lang='lat' dir='ltr'><strong>divisus</strong></span> <span class='ocrx_word' id='word_1_758' title='bbox 2353 1173 2409 1205; x_wconf 89' lang='lat' dir='ltr'><strong>est</strong></span> 
     </span>
     <span class='ocr_line' id='line_1_103' title="bbox 1316 1215 2409 1261; baseline 0 -11"><span class='ocrx_word' id='word_1_759' title='bbox 1316 1217 1396 1257; x_wconf 90' lang='lat' dir='ltr'><strong>(nec</strong></span> <span class='ocrx_word' id='word_1_760' title='bbox 1419 1215 1570 1250; x_wconf 91' lang='lat' dir='ltr'><strong>multum</strong></span> <span class='ocrx_word' id='word_1_761' title='bbox 1600 1215 1731 1258; x_wconf 85' lang='lat' dir='ltr'><strong>refert,</strong></span> <span class='ocrx_word' id='word_1_762' title='bbox 1766 1216 1962 1261; x_wconf 88' lang='lat' dir='ltr'><strong>aequaliter</strong></span> <span class='ocrx_word' id='word_1_763' title='bbox 1984 1216 2022 1251; x_wconf 93' lang='lat' dir='ltr'><strong>id</strong></span> <span class='ocrx_word' id='word_1_764' title='bbox 2044 1215 2184 1252; x_wconf 87' lang='lat' dir='ltr'><strong>factum</strong></span> <span class='ocrx_word' id='word_1_765' title='bbox 2208 1218 2263 1251; x_wconf 87' lang='lat' dir='ltr'><strong>est</strong></span> <span class='ocrx_word' id='word_1_766' title='bbox 2286 1225 2333 1250; x_wconf 91' lang='lat' dir='ltr'><strong>an</strong></span> <span class='ocrx_word' id='word_1_767' title='bbox 2354 1215 2409 1250; x_wconf 91' lang='lat' dir='ltr'><strong>in-</strong></span> 
     </span>
     <span class='ocr_line' id='line_1_104' title="bbox 1315 1259 2410 1306; baseline 0.001 -11"><span class='ocrx_word' id='word_1_768' title='bbox 1315 1260 1546 1305; x_wconf 89' lang='lat' dir='ltr'><strong>aequaliter),</strong></span> <span class='ocrx_word' id='word_1_769' title='bbox 1581 1264 1668 1295; x_wconf 90' lang='lat' dir='ltr'><strong>tunc</strong></span> <span class='ocrx_word' id='word_1_770' title='bbox 1703 1264 1825 1296; x_wconf 89' lang='lat' dir='ltr'><strong>manet</strong></span> <span class='ocrx_word' id='word_1_771' title='bbox 1859 1261 1954 1297; x_wconf 90' lang='lat' dir='ltr'><strong>idem</strong></span> <span class='ocrx_word' id='word_1_772' title='bbox 1987 1261 2043 1297; x_wconf 90' lang='lat' dir='ltr'><strong>ius</strong></span> <span class='ocrx_word' id='word_1_773' title='bbox 2078 1260 2278 1303; x_wconf 89' lang='lat' dir='ltr'><strong>servitutis,</strong></span> <span class='ocrx_word' id='word_1_774' title='bbox 2315 1259 2410 1306; x_wconf 90' lang='lat' dir='ltr'><strong>quod</strong></span> 
     </span>
     <span class='ocr_line' id='line_1_105' title="bbox 1314 1305 2410 1348; baseline 0.001 -8"><span class='ocrx_word' id='word_1_775' title='bbox 1314 1305 1426 1341; x_wconf 87' lang='lat' dir='ltr'><strong>fundo</strong></span> <span class='ocrx_word' id='word_1_776' title='bbox 1450 1305 1600 1345; x_wconf 85' lang='lat' dir='ltr'><strong>indiviso</strong></span> <span class='ocrx_word' id='word_1_777' title='bbox 1624 1305 1765 1348; x_wconf 81' lang='lat' dir='ltr'><strong>fuerat,</strong></span> <span class='ocrx_word' id='word_1_778' title='bbox 1797 1316 1864 1342; x_wconf 91' lang='lat' dir='ltr'><strong>nec</strong></span> <span class='ocrx_word' id='word_1_779' title='bbox 1897 1310 1961 1342; x_wconf 92' lang='lat' dir='ltr'><strong>aut</strong></span> <span class='ocrx_word' id='word_1_780' title='bbox 1983 1317 2051 1342; x_wconf 90' lang='lat' dir='ltr'><strong>usu</strong></span> <span class='ocrx_word' id='word_1_781' title='bbox 2077 1306 2228 1342; x_wconf 89' lang='lat' dir='ltr'><strong>detineri</strong></span> <span class='ocrx_word' id='word_1_782' title='bbox 2251 1309 2316 1341; x_wconf 90' lang='lat' dir='ltr'><strong>aut</strong></span> <span class='ocrx_word' id='word_1_783' title='bbox 2338 1317 2410 1342; x_wconf 91' lang='lat' dir='ltr'><strong>non</strong></span> 
     </span>
     <span class='ocr_line' id='line_1_106' title="bbox 1315 1350 2409 1398; baseline 0 -12"><span class='ocrx_word' id='word_1_784' title='bbox 1315 1350 1447 1386; x_wconf 90' lang='lat' dir='ltr'><strong>utendo</strong></span> <span class='ocrx_word' id='word_1_785' title='bbox 1473 1351 1634 1396; x_wconf 86' lang='lat' dir='ltr'><strong>deperire</strong></span> <span class='ocrx_word' id='word_1_786' title='bbox 1657 1351 1724 1386; x_wconf 89' lang='lat' dir='ltr'><strong>nisi</strong></span> <span class='ocrx_word' id='word_1_787' title='bbox 1748 1354 1826 1387; x_wconf 89' lang='lat' dir='ltr'><strong>tota</strong></span> <span class='ocrx_word' id='word_1_788' title='bbox 1847 1351 1906 1387; x_wconf 83' lang='lat' dir='ltr'><strong>via</strong></span> <span class='ocrx_word' id='word_1_789' title='bbox 1928 1352 2081 1398; x_wconf 86' lang='lat' dir='ltr'><strong>poterit:</strong></span> <span class='ocrx_word' id='word_1_790' title='bbox 2106 1362 2174 1387; x_wconf 90' lang='lat' dir='ltr'><strong>nec</strong></span> <span class='ocrx_word' id='word_1_791' title='bbox 2193 1352 2224 1387; x_wconf 89' lang='lat' dir='ltr'><strong>si</strong></span> <span class='ocrx_word' id='word_1_792' title='bbox 2243 1351 2336 1387; x_wconf 85' lang='lat' dir='ltr'><strong>forte</strong></span> <span class='ocrx_word' id='word_1_793' title='bbox 2356 1352 2409 1386; x_wconf 92' lang='lat' dir='ltr'><strong>in-</strong></span> 
     </span>
     <span class='ocr_line' id='line_1_107' title="bbox 1316 1396 2409 1442; baseline 0 -10"><span class='ocrx_word' id='word_1_794' title='bbox 1316 1396 1458 1439; x_wconf 89' lang='lat' dir='ltr'><strong>ciderit,</strong></span> <span class='ocrx_word' id='word_1_795' title='bbox 1491 1400 1533 1431; x_wconf 94' lang='lat' dir='ltr'><strong>ut</strong></span> <span class='ocrx_word' id='word_1_796' title='bbox 1555 1396 1700 1439; x_wconf 90' lang='lat' dir='ltr'><strong>semita,</strong></span> <span class='ocrx_word' id='word_1_797' title='bbox 1733 1406 1825 1442; x_wconf 91' lang='lat' dir='ltr'><strong>quae</strong></span> <span class='ocrx_word' id='word_1_798' title='bbox 1848 1407 1913 1442; x_wconf 89' lang='lat' dir='ltr'><strong>per</strong></span> <span class='ocrx_word' id='word_1_799' title='bbox 1937 1398 2090 1433; x_wconf 90' lang='lat' dir='ltr'><strong>alterum</strong></span> <span class='ocrx_word' id='word_1_800' title='bbox 2114 1396 2304 1432; x_wconf 89' lang='lat' dir='ltr'><strong>dumtaxat</strong></span> <span class='ocrx_word' id='word_1_801' title='bbox 2326 1396 2409 1432; x_wconf 85' lang='lat' dir='ltr'><strong>fun-</strong></span> 
     </span>
     <span class='ocr_line' id='line_1_108' title="bbox 1315 1441 2408 1485; baseline 0 -8"><span class='ocrx_word' id='word_1_802' title='bbox 1315 1441 1400 1477; x_wconf 92' lang='lat' dir='ltr'><strong>dum</strong></span> <span class='ocrx_word' id='word_1_803' title='bbox 1424 1441 1509 1485; x_wconf 90' lang='lat' dir='ltr'><strong>erit,</strong></span> <span class='ocrx_word' id='word_1_804' title='bbox 1542 1445 1723 1484; x_wconf 89' lang='lat' dir='ltr'><strong>uteretur,</strong></span> <span class='ocrx_word' id='word_1_805' title='bbox 1754 1441 1888 1478; x_wconf 89' lang='lat' dir='ltr'><strong>idcirco</strong></span> <span class='ocrx_word' id='word_1_806' title='bbox 1913 1443 2005 1478; x_wconf 92' lang='lat' dir='ltr'><strong>alter</strong></span> <span class='ocrx_word' id='word_1_807' title='bbox 2026 1442 2162 1478; x_wconf 84' lang='lat' dir='ltr'><strong>fundus</strong></span> <span class='ocrx_word' id='word_1_808' title='bbox 2184 1442 2408 1485; x_wconf 88' lang='lat' dir='ltr'><strong>liberabitur,</strong></span> 
     </span>
     <span class='ocr_line' id='line_1_109' title="bbox 1315 1486 2409 1532; baseline 0 -10"><span class='ocrx_word' id='word_1_809' title='bbox 1315 1486 1484 1532; x_wconf 90' lang='lat' dir='ltr'><strong>quoniam</strong></span> <span class='ocrx_word' id='word_1_810' title='bbox 1515 1498 1626 1522; x_wconf 91' lang='lat' dir='ltr'><strong>unum</strong></span> <span class='ocrx_word' id='word_1_811' title='bbox 1657 1490 1766 1532; x_wconf 89' lang='lat' dir='ltr'><strong>atque</strong></span> <span class='ocrx_word' id='word_1_812' title='bbox 1798 1498 1840 1524; x_wconf 92' lang='lat' dir='ltr'><strong>eo</strong></span> <span class='ocrx_word' id='word_1_813' title='bbox 1871 1488 1977 1524; x_wconf 90' lang='lat' dir='ltr'><strong>modo</strong></span> <span class='ocrx_word' id='word_1_814' title='bbox 2008 1487 2230 1523; x_wconf 87' lang='lat' dir='ltr'><strong>individuum</strong></span> <span class='ocrx_word' id='word_1_815' title='bbox 2252 1487 2331 1522; x_wconf 90' lang='lat' dir='ltr'><strong>viae</strong></span> <span class='ocrx_word' id='word_1_816' title='bbox 2353 1487 2409 1522; x_wconf 91' lang='lat' dir='ltr'><strong>ius</strong></span> 
     </span>
     <span class='ocr_line' id='line_1_110' title="bbox 1318 1532 2410 1575; baseline 0.001 -8"><span class='ocrx_word' id='word_1_817' title='bbox 1318 1535 1358 1567; x_wconf 83' lang='lat' dir='ltr'><strong>lb</strong></span> <span class='ocrx_word' id='word_1_818' title='bbox 1405 1535 1470 1567; x_wconf 87' lang='lat' dir='ltr'><strong>est.</strong></span> <span class='ocrx_word' id='word_1_819' title='bbox 1517 1532 1675 1568; x_wconf 89' lang='lat' dir='ltr'><strong>Possunt</strong></span> <span class='ocrx_word' id='word_1_820' title='bbox 1697 1536 1819 1567; x_wconf 92' lang='lat' dir='ltr'><strong>tamen</strong></span> <span class='ocrx_word' id='word_1_821' title='bbox 1842 1533 2054 1569; x_wconf 89' lang='lat' dir='ltr'><strong>alterutrum</strong></span> <span class='ocrx_word' id='word_1_822' title='bbox 2076 1532 2228 1568; x_wconf 89' lang='lat' dir='ltr'><strong>fundum</strong></span> <span class='ocrx_word' id='word_1_823' title='bbox 2247 1533 2410 1575; x_wconf 88' lang='lat' dir='ltr'><strong>liberare,</strong></span> 
     </span>
     <span class='ocr_line' id='line_1_111' title="bbox 1315 1577 2408 1622; baseline 0 -10"><span class='ocrx_word' id='word_1_824' title='bbox 1315 1577 1346 1613; x_wconf 90' lang='lat' dir='ltr'><strong>si</strong></span> <span class='ocrx_word' id='word_1_825' title='bbox 1368 1577 1474 1613; x_wconf 92' lang='lat' dir='ltr'><strong>modo</strong></span> <span class='ocrx_word' id='word_1_826' title='bbox 1499 1577 1569 1612; x_wconf 90' lang='lat' dir='ltr'><strong>hoc</strong></span> <span class='ocrx_word' id='word_1_827' title='bbox 1592 1577 1796 1622; x_wconf 88' lang='lat' dir='ltr'><strong>specialiter</strong></span> <span class='ocrx_word' id='word_1_828' title='bbox 1819 1579 2004 1614; x_wconf 89' lang='lat' dir='ltr'><strong>convenit:</strong></span> <span class='ocrx_word' id='word_1_829' title='bbox 2030 1582 2126 1614; x_wconf 91' lang='lat' dir='ltr'><strong>certe</strong></span> <span class='ocrx_word' id='word_1_830' title='bbox 2150 1578 2181 1614; x_wconf 90' lang='lat' dir='ltr'><strong>si</strong></span> <span class='ocrx_word' id='word_1_831' title='bbox 2203 1578 2234 1613; x_wconf 91' lang='lat' dir='ltr'><strong>is</strong></span> <span class='ocrx_word' id='word_1_832' title='bbox 2259 1577 2318 1614; x_wconf 90' lang='lat' dir='ltr'><strong>cui</strong></span> <span class='ocrx_word' id='word_1_833' title='bbox 2335 1588 2408 1613; x_wconf 91' lang='lat' dir='ltr'><strong>ser-</strong></span> 
     </span>
     <span class='ocr_line' id='line_1_112' title="bbox 1314 1622 2408 1659; baseline 0.001 -2"><span class='ocrx_word' id='word_1_834' title='bbox 1314 1622 1410 1658; x_wconf 90' lang='lat' dir='ltr'><strong>vitus</strong></span> <span class='ocrx_word' id='word_1_835' title='bbox 1434 1622 1634 1658; x_wconf 90' lang='lat' dir='ltr'><strong>debebatur</strong></span> <span class='ocrx_word' id='word_1_836' title='bbox 1656 1622 1809 1658; x_wconf 89' lang='lat' dir='ltr'><strong>alterum</strong></span> <span class='ocrx_word' id='word_1_837' title='bbox 1833 1633 1877 1658; x_wconf 87' lang='lat' dir='ltr'><strong>ex</strong></span> <span class='ocrx_word' id='word_1_838' title='bbox 1900 1634 1945 1659; x_wconf 87' lang='lat' dir='ltr'><strong>ea</strong></span> <span class='ocrx_word' id='word_1_839' title='bbox 1967 1623 2139 1659; x_wconf 90' lang='lat' dir='ltr'><strong>divisione</strong></span> <span class='ocrx_word' id='word_1_840' title='bbox 2155 1622 2309 1658; x_wconf 85' lang='lat' dir='ltr'><strong>fundum</strong></span> <span class='ocrx_word' id='word_1_841' title='bbox 2328 1622 2408 1658; x_wconf 92' lang='lat' dir='ltr'><strong>red-</strong></span> 
     </span>
     <span class='ocr_line' id='line_1_113' title="bbox 1315 1667 2409 1710; baseline 0.001 -7"><span class='ocrx_word' id='word_1_842' title='bbox 1315 1668 1459 1710; x_wconf 91' lang='lat' dir='ltr'><strong>emerit,</strong></span> <span class='ocrx_word' id='word_1_843' title='bbox 1484 1679 1570 1703; x_wconf 91' lang='lat' dir='ltr'><strong>num</strong></span> <span class='ocrx_word' id='word_1_844' title='bbox 1592 1667 1674 1703; x_wconf 94' lang='lat' dir='ltr'><strong>ideo</strong></span> <span class='ocrx_word' id='word_1_845' title='bbox 1698 1668 1814 1703; x_wconf 85' lang='lat' dir='ltr'><strong>minus</strong></span> <span class='ocrx_word' id='word_1_846' title='bbox 1839 1679 1881 1704; x_wconf 91' lang='lat' dir='ltr'><strong>ea</strong></span> <span class='ocrx_word' id='word_1_847' title='bbox 1894 1670 1923 1690; x_wconf 91' lang='lat'><strong>¹⁰</strong></span> <span class='ocrx_word' id='word_1_848' title='bbox 1944 1679 1984 1704; x_wconf 92' lang='lat' dir='ltr'><strong>re</strong></span> <span class='ocrx_word' id='word_1_849' title='bbox 2005 1668 2107 1704; x_wconf 78' lang='lat' dir='ltr'><strong>fundi</strong></span> <span class='ocrx_word' id='word_1_850' title='bbox 2131 1668 2276 1704; x_wconf 88' lang='lat' dir='ltr'><strong>alterius</strong></span> <span class='ocrx_word' id='word_1_851' title='bbox 2300 1668 2409 1704; x_wconf 84' lang='lat' dir='ltr'><strong>servi·</strong></span> 
     </span>
     <span class='ocr_line' id='line_1_114' title="bbox 1314 1713 2409 1758; baseline 0.001 -10"><span class='ocrx_word' id='word_1_852' title='bbox 1314 1717 1374 1748; x_wconf 88' lang='lat' dir='ltr'><strong>tus</strong></span> <span class='ocrx_word' id='word_1_853' title='bbox 1397 1713 1646 1758; x_wconf 82' lang='lat' dir='ltr'><strong>permanebit?</strong></span> <span class='ocrx_word' id='word_1_854' title='bbox 1680 1723 1748 1748; x_wconf 89' lang='lat' dir='ltr'><strong>nec</strong></span> <span class='ocrx_word' id='word_1_855' title='bbox 1770 1713 1891 1756; x_wconf 85' lang='lat' dir='ltr'><strong>video,</strong></span> <span class='ocrx_word' id='word_1_856' title='bbox 1941 1714 2002 1749; x_wconf 92' lang='lat' dir='ltr'><strong>uid</strong></span> <span class='ocrx_word' id='word_1_857' title='bbox 2022 1714 2177 1749; x_wconf 82' lang='lat' dir='ltr'><strong>absurde</strong></span> <span class='ocrx_word' id='word_1_858' title='bbox 2190 1714 2216 1735; x_wconf 87' lang='lat'><strong>¹¹</strong></span> <span class='ocrx_word' id='word_1_859' title='bbox 2237 1723 2409 1749; x_wconf 90' lang='lat' dir='ltr'><strong>consecu-</strong></span> 
     </span>
     <span class='ocr_line' id='line_1_115' title="bbox 1315 1758 2409 1795; baseline 0.001 -2"><span class='ocrx_word' id='word_1_860' title='bbox 1315 1762 1436 1794; x_wconf 89' lang='lat' dir='ltr'><strong>turum</strong></span> <span class='ocrx_word' id='word_1_861' title='bbox 1456 1758 1503 1794; x_wconf 89' lang='lat' dir='ltr'><strong>sit</strong></span> <span class='ocrx_word' id='word_1_862' title='bbox 1521 1768 1600 1793; x_wconf 91' lang='lat' dir='ltr'><strong>eam</strong></span> <span class='ocrx_word' id='word_1_863' title='bbox 1621 1759 1836 1794; x_wconf 90' lang='lat' dir='ltr'><strong>sententiam</strong></span> <span class='ocrx_word' id='word_1_864' title='bbox 1855 1759 1922 1794; x_wconf 86' lang='lat' dir='ltr'><strong>fun</strong></span> <span class='ocrx_word' id='word_1_865' title='bbox 1949 1770 1969 1795; x_wconf 96' lang='lat' dir='ltr'><strong>o</strong></span> <span class='ocrx_word' id='word_1_866' title='bbox 1984 1759 2096 1795; x_wconf 89' lang='lat' dir='ltr'><strong>altero</strong></span> <span class='ocrx_word' id='word_1_867' title='bbox 2109 1762 2275 1794; x_wconf 90' lang='lat' dir='ltr'><strong>manente</strong></span> <span class='ocrx_word' id='word_1_868' title='bbox 2287 1769 2409 1794; x_wconf 89' lang='lat' dir='ltr'><strong>servo:</strong></span> 
     </span>
     <span class='ocr_line' id='line_1_116' title="bbox 1316 1803 2411 1851; baseline 0 -13"><span class='ocrx_word' id='word_1_869' title='bbox 1316 1803 1346 1839; x_wconf 92' lang='lat' dir='ltr'><strong>si</strong></span> <span class='ocrx_word' id='word_1_870' title='bbox 1377 1803 1482 1839; x_wconf 94' lang='lat' dir='ltr'><strong>modo</strong></span> <span class='ocrx_word' id='word_1_871' title='bbox 1515 1807 1551 1838; x_wconf 92' lang='lat' dir='ltr'><strong>et</strong></span> <span class='ocrx_word' id='word_1_872' title='bbox 1582 1804 1628 1839; x_wconf 91' lang='lat' dir='ltr'><strong>ab</strong></span> <span class='ocrx_word' id='word_1_873' title='bbox 1660 1804 1762 1839; x_wconf 89' lang='lat' dir='ltr'><strong>initio</strong></span> <span class='ocrx_word' id='word_1_874' title='bbox 1794 1805 1912 1849; x_wconf 88' lang='lat' dir='ltr'><strong>potuit</strong></span> <span class='ocrx_word' id='word_1_875' title='bbox 1944 1805 2131 1851; x_wconf 84' lang='lat' dir='ltr'><strong>angustior</strong></span> <span class='ocrx_word' id='word_1_876' title='bbox 2163 1804 2331 1840; x_wconf 88' lang='lat' dir='ltr'><strong>constitui</strong></span> <span class='ocrx_word' id='word_1_877' title='bbox 2353 1804 2411 1839; x_wconf 91' lang='lat' dir='ltr'><strong>via</strong></span> 
     </span>
     <span class='ocr_line' id='line_1_117' title="bbox 1314 1848 2409 1930; baseline 0.002 -47"><span class='ocrx_word' id='word_1_878' title='bbox 1314 1859 1424 1930; x_wconf 56' lang='lat' dir='ltr'><strong>quam</strong></span> <span class='ocrx_word' id='word_1_879' title='bbox 1446 1849 1524 1894; x_wconf 86' lang='lat' dir='ltr'><strong>lege</strong></span> <span class='ocrx_word' id='word_1_880' title='bbox 1546 1848 1649 1884; x_wconf 86' lang='lat' dir='ltr'><strong>finita</strong></span> <span class='ocrx_word' id='word_1_881' title='bbox 1673 1853 1728 1885; x_wconf 91' lang='lat' dir='ltr'><strong>est</strong></span> <span class='ocrx_word' id='word_1_882' title='bbox 1752 1852 1788 1884; x_wconf 91' lang='lat' dir='ltr'><strong>et</strong></span> <span class='ocrx_word' id='word_1_883' title='bbox 1811 1849 1930 1885; x_wconf 92' lang='lat' dir='ltr'><strong>adhuc</strong></span> <span class='ocrx_word' id='word_1_884' title='bbox 1952 1850 1990 1886; x_wconf 90' lang='lat' dir='ltr'><strong>id</strong></span> <span class='ocrx_word' id='word_1_885' title='bbox 2012 1850 2083 1886; x_wconf 90' lang='lat' dir='ltr'><strong>loci</strong></span> <span class='ocrx_word' id='word_1_886' title='bbox 2106 1853 2270 1895; x_wconf 88' lang='lat' dir='ltr'><strong>superest</strong></span> <span class='ocrx_word' id='word_1_887' title='bbox 2299 1849 2336 1884; x_wconf 92' lang='lat' dir='ltr'><strong>in</strong></span> <span class='ocrx_word' id='word_1_888' title='bbox 2366 1859 2409 1885; x_wconf 90' lang='lat' dir='ltr'><strong>eo</strong></span> 
     </span>
     <span class='ocr_line' id='line_1_118' title="bbox 1331 1893 2409 1938; baseline 0.001 -9"><span class='ocrx_word' id='word_1_889' title='bbox 1331 1893 1440 1937; x_wconf 85' lang='lat' dir='ltr'><strong>undo,</strong></span> <span class='ocrx_word' id='word_1_890' title='bbox 1466 1894 1524 1929; x_wconf 90' lang='lat' dir='ltr'><strong>cui</strong></span> <span class='ocrx_word' id='word_1_891' title='bbox 1547 1894 1696 1929; x_wconf 85' lang='lat' dir='ltr'><strong>remissa</strong></span> <span class='ocrx_word' id='word_1_892' title='bbox 1719 1894 1870 1930; x_wconf 88' lang='lat' dir='ltr'><strong>servitus</strong></span> <span class='ocrx_word' id='word_1_893' title='bbox 1895 1906 1968 1930; x_wconf 91' lang='lat' dir='ltr'><strong>non</strong></span> <span class='ocrx_word' id='word_1_894' title='bbox 1990 1898 2055 1938; x_wconf 89' lang='lat' dir='ltr'><strong>est,</strong></span> <span class='ocrx_word' id='word_1_895' title='bbox 2079 1899 2120 1930; x_wconf 94' lang='lat' dir='ltr'><strong>ut</strong></span> <span class='ocrx_word' id='word_1_896' title='bbox 2137 1894 2296 1930; x_wconf 89' lang='lat' dir='ltr'><strong>sufficiat</strong></span> <span class='ocrx_word' id='word_1_897' title='bbox 2311 1894 2409 1930; x_wconf 80' lang='lat' dir='ltr'><strong>viae:</strong></span> 
     </span>
     <span class='ocr_line' id='line_1_119' title="bbox 1316 1939 2410 1986; baseline 0.001 -12"><span class='ocrx_word' id='word_1_898' title='bbox 1316 1939 1412 1985; x_wconf 92' lang='lat' dir='ltr'><strong>quod</strong></span> <span class='ocrx_word' id='word_1_899' title='bbox 1436 1939 1466 1975; x_wconf 91' lang='lat' dir='ltr'><strong>si</strong></span> <span class='ocrx_word' id='word_1_900' title='bbox 1486 1939 1603 1975; x_wconf 86' lang='lat' dir='ltr'><strong>minus</strong></span> <span class='ocrx_word' id='word_1_901' title='bbox 1623 1939 1694 1975; x_wconf 88' lang='lat' dir='ltr'><strong>loci</strong></span> <span class='ocrx_word' id='word_1_902' title='bbox 1714 1944 1878 1985; x_wconf 86' lang='lat' dir='ltr'><strong>superest</strong></span> <span class='ocrx_word' id='word_1_903' title='bbox 1898 1951 2004 1986; x_wconf 92' lang='lat' dir='ltr'><strong>quam</strong></span> <span class='ocrx_word' id='word_1_904' title='bbox 2023 1940 2103 1976; x_wconf 89' lang='lat' dir='ltr'><strong>viae</strong></span> <span class='ocrx_word' id='word_1_905' title='bbox 2121 1939 2289 1983; x_wconf 83' lang='lat' dir='ltr'><strong>sufficiat,</strong></span> <span class='ocrx_word' id='word_1_906' title='bbox 2312 1943 2410 1975; x_wconf 90' lang='lat' dir='ltr'><strong>uter-</strong></span> 
     </span>
     <span class='ocr_line' id='line_1_120' title="bbox 1315 1984 2408 2038; baseline 0 -18"><span class='ocrx_word' id='word_1_907' title='bbox 1315 1994 1385 2030; x_wconf 89' lang='lat' dir='ltr'><strong>que</strong></span> <span class='ocrx_word' id='word_1_908' title='bbox 1407 1984 1542 2020; x_wconf 87' lang='lat' dir='ltr'><strong>fundus</strong></span> <span class='ocrx_word' id='word_1_909' title='bbox 1565 1985 1793 2027; x_wconf 89' lang='lat' dir='ltr'><strong>liberabitur,</strong></span> <span class='ocrx_word' id='word_1_910' title='bbox 1827 1986 1919 2021; x_wconf 89' lang='lat' dir='ltr'><strong>alter</strong></span> <span class='ocrx_word' id='word_1_911' title='bbox 1944 1989 2097 2038; x_wconf 79' lang='lat' dir='ltr'><strong>propter</strong></span> <span class='ocrx_word' id='word_1_912' title='bbox 2119 1985 2408 2030; x_wconf 83' lang='lat' dir='ltr'><strong>redemptionem,</strong></span> 
     </span>
     <span class='ocr_line' id='line_1_121' title="bbox 1315 2029 2411 2077; baseline 0 -12"><span class='ocrx_word' id='word_1_913' title='bbox 1315 2030 1426 2072; x_wconf 90' lang='lat' dir='ltr'><strong>alter,</strong></span> <span class='ocrx_word' id='word_1_914' title='bbox 1451 2030 1536 2075; x_wconf 92' lang='lat' dir='ltr'><strong>quia</strong></span> <span class='ocrx_word' id='word_1_915' title='bbox 1559 2040 1624 2076; x_wconf 89' lang='lat' dir='ltr'><strong>per</strong></span> <span class='ocrx_word' id='word_1_916' title='bbox 1647 2040 1727 2065; x_wconf 88' lang='lat' dir='ltr'><strong>eum</strong></span> <span class='ocrx_word' id='word_1_917' title='bbox 1750 2030 1870 2066; x_wconf 92' lang='lat' dir='ltr'><strong>locum</strong></span> <span class='ocrx_word' id='word_1_918' title='bbox 1893 2042 1954 2076; x_wconf 86' lang='lat' dir='ltr'><strong>qm</strong></span> <span class='ocrx_word' id='word_1_919' title='bbox 1977 2035 2141 2077; x_wconf 78' lang='lat' dir='ltr'><strong>superest</strong></span> <span class='ocrx_word' id='word_1_920' title='bbox 2161 2030 2219 2066; x_wconf 85' lang='lat' dir='ltr'><strong>via</strong></span> <span class='ocrx_word' id='word_1_921' title='bbox 2243 2029 2411 2066; x_wconf 89' lang='lat' dir='ltr'><strong>constitui</strong></span> 
     </span>
     <span class='ocr_line' id='line_1_122' title="bbox 1318 2075 2410 2120; baseline 0 -10"><span class='ocrx_word' id='word_1_922' title='bbox 1318 2078 1356 2110; x_wconf 86' lang='lat' dir='ltr'><strong>lc</strong></span> <span class='ocrx_word' id='word_1_923' title='bbox 1401 2085 1474 2110; x_wconf 91' lang='lat' dir='ltr'><strong>non</strong></span> <span class='ocrx_word' id='word_1_924' title='bbox 1497 2079 1626 2120; x_wconf 89' lang='lat' dir='ltr'><strong>potest.</strong></span> <span class='ocrx_word' id='word_1_925' title='bbox 1676 2075 1842 2110; x_wconf 89' lang='lat' dir='ltr'><strong>Ceterum</strong></span> <span class='ocrx_word' id='word_1_926' title='bbox 1875 2076 1905 2111; x_wconf 89' lang='lat' dir='ltr'><strong>si</strong></span> <span class='ocrx_word' id='word_1_927' title='bbox 1936 2076 1989 2111; x_wconf 88' lang='lat' dir='ltr'><strong>ita</strong></span> <span class='ocrx_word' id='word_1_928' title='bbox 2021 2076 2254 2112; x_wconf 88' lang='lat' dir='ltr'><strong>constitutum</strong></span> <span class='ocrx_word' id='word_1_929' title='bbox 2277 2079 2332 2111; x_wconf 90' lang='lat' dir='ltr'><strong>est</strong></span> <span class='ocrx_word' id='word_1_930' title='bbox 2354 2075 2410 2111; x_wconf 89' lang='lat' dir='ltr'><strong>ius</strong></span> 
     </span>
     <span class='ocr_line' id='line_1_123' title="bbox 1518 2120 2406 2173; baseline 0 -18"><span class='ocrx_word' id='word_1_931' title='bbox 1518 2130 1557 2156; x_wconf 92' lang='lat' dir='ltr'><strong>er</strong></span> <span class='ocrx_word' id='word_1_932' title='bbox 1580 2120 1775 2173; x_wconf 83' lang='lat' dir='ltr'><strong>quamlibet</strong></span> <span class='ocrx_word' id='word_1_933' title='bbox 1797 2125 1937 2166; x_wconf 90' lang='lat' dir='ltr'><strong>partem</strong></span> <span class='ocrx_word' id='word_1_934' title='bbox 1960 2121 2063 2157; x_wconf 86' lang='lat' dir='ltr'><strong>fundi</strong></span> <span class='ocrx_word' id='word_1_935' title='bbox 2084 2121 2138 2157; x_wconf 91' lang='lat' dir='ltr'><strong>ire</strong></span> <span class='ocrx_word' id='word_1_936' title='bbox 2161 2131 2265 2166; x_wconf 86' lang='lat' dir='ltr'><strong>agere</strong></span> <span class='ocrx_word' id='word_1_937' title='bbox 2287 2121 2406 2163; x_wconf 87' lang='lat' dir='ltr'><strong>liceat,</strong></span> 
     </span>
     <span class='ocr_line' id='line_1_124' title="bbox 1313 2165 2410 2212; baseline 0.001 -12"><span class='ocrx_word' id='word_1_938' title='bbox 1313 2165 1422 2211; x_wconf 90' lang='lat' dir='ltr'><strong>idque</strong></span> <span class='ocrx_word' id='word_1_939' title='bbox 1445 2176 1488 2201; x_wconf 88' lang='lat' dir='ltr'><strong>ve</strong></span> <span class='ocrx_word' id='word_1_940' title='bbox 1524 2165 1675 2201; x_wconf 88' lang='lat' dir='ltr'><strong>submde</strong></span> <span class='ocrx_word' id='word_1_941' title='bbox 1697 2169 1837 2201; x_wconf 87' lang='lat' dir='ltr'><strong>mutare</strong></span> <span class='ocrx_word' id='word_1_942' title='bbox 1860 2166 1947 2201; x_wconf 88' lang='lat' dir='ltr'><strong>nihil</strong></span> <span class='ocrx_word' id='word_1_943' title='bbox 1969 2167 2137 2212; x_wconf 87' lang='lat' dir='ltr'><strong>prohibet</strong></span> <span class='ocrx_word' id='word_1_944' title='bbox 2160 2170 2268 2212; x_wconf 87' lang='lat' dir='ltr'><strong>atque</strong></span> <span class='ocrx_word' id='word_1_945' title='bbox 2285 2165 2338 2201; x_wconf 89' lang='lat' dir='ltr'><strong>ita</strong></span> <span class='ocrx_word' id='word_1_946' title='bbox 2358 2165 2410 2201; x_wconf 91' lang='lat' dir='ltr'><strong>di-</strong></span> 
     </span>
     <span class='ocr_line' id='line_1_125' title="bbox 1313 2210 2411 2257; baseline 0 -11"><span class='ocrx_word' id='word_1_947' title='bbox 1313 2211 1411 2246; x_wconf 85' lang='lat' dir='ltr'><strong>visus</strong></span> <span class='ocrx_word' id='word_1_948' title='bbox 1435 2214 1490 2245; x_wconf 88' lang='lat' dir='ltr'><strong>est</strong></span> <span class='ocrx_word' id='word_1_949' title='bbox 1511 2210 1665 2246; x_wconf 82' lang='lat' dir='ltr'><strong>fundus:</strong></span> <span class='ocrx_word' id='word_1_950' title='bbox 1691 2211 1722 2246; x_wconf 89' lang='lat' dir='ltr'><strong>si</strong></span> <span class='ocrx_word' id='word_1_951' title='bbox 1744 2221 1809 2256; x_wconf 88' lang='lat' dir='ltr'><strong>per</strong></span> <span class='ocrx_word' id='word_1_952' title='bbox 1827 2212 2023 2256; x_wconf 89' lang='lat' dir='ltr'><strong>quamlibet</strong></span> <span class='ocrx_word' id='word_1_953' title='bbox 2042 2211 2117 2247; x_wconf 88' lang='lat' dir='ltr'><strong>eius</strong></span> <span class='ocrx_word' id='word_1_954' title='bbox 2137 2215 2277 2257; x_wconf 87' lang='lat' dir='ltr'><strong>partem</strong></span> <span class='ocrx_word' id='word_1_955' title='bbox 2298 2220 2411 2256; x_wconf 88' lang='lat' dir='ltr'><strong>aeque</strong></span> 
     </span>
     <span class='ocr_line' id='line_1_126' title="bbox 1314 2255 2409 2308; baseline 0.001 -18"><span class='ocrx_word' id='word_1_956' title='bbox 1314 2255 1367 2291; x_wconf 90' lang='lat' dir='ltr'><strong>ire</strong></span> <span class='ocrx_word' id='word_1_957' title='bbox 1381 2256 1409 2277; x_wconf 84' lang='lat'><strong>¹²</strong></span> <span class='ocrx_word' id='word_1_958' title='bbox 1441 2259 1550 2301; x_wconf 87' lang='lat' dir='ltr'><strong>atque</strong></span> <span class='ocrx_word' id='word_1_959' title='bbox 1583 2256 1640 2308; x_wconf 77' lang='lat' dir='ltr'><strong>agi</strong></span> <span class='ocrx_word' id='word_1_960' title='bbox 1674 2257 1809 2302; x_wconf 89' lang='lat' dir='ltr'><strong>possit,</strong></span> <span class='ocrx_word' id='word_1_961' title='bbox 1846 2260 1933 2292; x_wconf 91' lang='lat' dir='ltr'><strong>tunc</strong></span> <span class='ocrx_word' id='word_1_962' title='bbox 1963 2256 2112 2302; x_wconf 90' lang='lat' dir='ltr'><strong>perinde</strong></span> <span class='ocrx_word' id='word_1_963' title='bbox 2143 2256 2409 2291; x_wconf 87' lang='lat' dir='ltr'><strong>observabimus</strong></span> 
     </span>
     <span class='ocr_line' id='line_1_127' title="bbox 1315 2301 2407 2346; baseline 0.001 -11"><span class='ocrx_word' id='word_1_964' title='bbox 1315 2305 1423 2346; x_wconf 89' lang='lat' dir='ltr'><strong>atque</strong></span> <span class='ocrx_word' id='word_1_965' title='bbox 1447 2301 1477 2335; x_wconf 92' lang='lat' dir='ltr'><strong>si</strong></span> <span class='ocrx_word' id='word_1_966' title='bbox 1501 2301 1547 2336; x_wconf 90' lang='lat' dir='ltr'><strong>ab</strong></span> <span class='ocrx_word' id='word_1_967' title='bbox 1570 2301 1670 2336; x_wconf 79' lang='lat' dir='ltr'><strong>initio</strong></span> <span class='ocrx_word' id='word_1_968' title='bbox 1696 2301 1837 2336; x_wconf 90' lang='lat' dir='ltr'><strong>duobus</strong></span> <span class='ocrx_word' id='word_1_969' title='bbox 1859 2301 1983 2337; x_wconf 88' lang='lat' dir='ltr'><strong>fundis</strong></span> <span class='ocrx_word' id='word_1_970' title='bbox 2007 2301 2100 2337; x_wconf 89' lang='lat' dir='ltr'><strong>duae</strong></span> <span class='ocrx_word' id='word_1_971' title='bbox 2132 2301 2321 2337; x_wconf 86' lang='lat' dir='ltr'><strong>servitutes</strong></span> <span class='ocrx_word' id='word_1_972' title='bbox 2352 2301 2407 2336; x_wconf 91' lang='lat' dir='ltr'><strong>in-</strong></span> 
     </span>
     <span class='ocr_line' id='line_1_128' title="bbox 1314 2345 2408 2389; baseline 0 -8"><span class='ocrx_word' id='word_1_973' title='bbox 1314 2346 1459 2381; x_wconf 87' lang='lat' dir='ltr'><strong>iunctae</strong></span> <span class='ocrx_word' id='word_1_974' title='bbox 1481 2345 1644 2389; x_wconf 84' lang='lat' dir='ltr'><strong>fuissent,</strong></span> <span class='ocrx_word' id='word_1_975' title='bbox 1668 2350 1710 2381; x_wconf 92' lang='lat' dir='ltr'><strong>ut</strong></span> <span class='ocrx_word' id='word_1_976' title='bbox 1732 2346 1847 2381; x_wconf 86' lang='lat' dir='ltr'><strong>altera</strong></span> <span class='ocrx_word' id='word_1_977' title='bbox 1866 2347 2023 2389; x_wconf 89' lang='lat' dir='ltr'><strong>retineri,</strong></span> <span class='ocrx_word' id='word_1_978' title='bbox 2049 2347 2164 2382; x_wconf 85' lang='lat' dir='ltr'><strong>altera</strong></span> <span class='ocrx_word' id='word_1_979' title='bbox 2182 2357 2256 2382; x_wconf 91' lang='lat' dir='ltr'><strong>non</strong></span> <span class='ocrx_word' id='word_1_980' title='bbox 2275 2346 2408 2382; x_wconf 89' lang='lat' dir='ltr'><strong>utendo</strong></span> 
     </span>
     <span class='ocr_line' id='line_1_129' title="bbox 1319 2390 2409 2443; baseline 0.001 -18"><span class='ocrx_word' id='word_1_981' title='bbox 1319 2393 1364 2425; x_wconf 85' lang='lat' dir='ltr'><strong>ld</strong></span> <span class='ocrx_word' id='word_1_982' title='bbox 1406 2390 1521 2443; x_wconf 82' lang='lat' dir='ltr'><strong>possit</strong></span> <span class='ocrx_word' id='word_1_983' title='bbox 1544 2391 1715 2436; x_wconf 90' lang='lat' dir='ltr'><strong>deperire.</strong></span> <span class='ocrx_word' id='word_1_984' title='bbox 1762 2391 1839 2427; x_wconf 87' lang='lat' dir='ltr'><strong>Nec</strong></span> <span class='ocrx_word' id='word_1_985' title='bbox 1862 2401 1919 2427; x_wconf 90' lang='lat' dir='ltr'><strong>me</strong></span> <span class='ocrx_word' id='word_1_986' title='bbox 1952 2391 2046 2427; x_wconf 86' lang='lat' dir='ltr'><strong>fallit</strong></span> <span class='ocrx_word' id='word_1_987' title='bbox 2077 2392 2192 2428; x_wconf 88' lang='lat' dir='ltr'><strong>alieno</strong></span> <span class='ocrx_word' id='word_1_988' title='bbox 2223 2390 2322 2427; x_wconf 86' lang='lat' dir='ltr'><strong>facto</strong></span> <span class='ocrx_word' id='word_1_989' title='bbox 2353 2391 2409 2426; x_wconf 91' lang='lat' dir='ltr'><strong>ius</strong></span> 
     </span>
     <span class='ocr_line' id='line_1_130' title="bbox 1315 2435 2410 2482; baseline -0.001 -10"><span class='ocrx_word' id='word_1_990' title='bbox 1315 2435 1462 2472; x_wconf 81' lang='lat' dir='ltr'><strong>alterius</strong></span> <span class='ocrx_word' id='word_1_991' title='bbox 1485 2436 1715 2471; x_wconf 82' lang='lat' dir='ltr'><strong>immutatu¹³</strong></span> <span class='ocrx_word' id='word_1_992' title='bbox 1737 2436 1791 2479; x_wconf 88' lang='lat' dir='ltr'><strong>iri,</strong></span> <span class='ocrx_word' id='word_1_993' title='bbox 1816 2437 1984 2482; x_wconf 89' lang='lat' dir='ltr'><strong>quoniam</strong></span> <span class='ocrx_word' id='word_1_994' title='bbox 2007 2440 2091 2472; x_wconf 87' lang='lat' dir='ltr'><strong>ante</strong></span> <span class='ocrx_word' id='word_1_995' title='bbox 2114 2437 2268 2472; x_wconf 82' lang='lat' dir='ltr'><strong>satius¹⁴</strong></span> <span class='ocrx_word' id='word_1_996' title='bbox 2290 2436 2410 2472; x_wconf 83' lang='lat' dir='ltr'><strong>fuerat</strong></span> 
     </span>
     <span class='ocr_line' id='line_1_131' title="bbox 1314 2481 2409 2527; baseline 0.001 -11"><span class='ocrx_word' id='word_1_997' title='bbox 1314 2491 1379 2526; x_wconf 92' lang='lat' dir='ltr'><strong>per</strong></span> <span class='ocrx_word' id='word_1_998' title='bbox 1402 2481 1551 2517; x_wconf 87' lang='lat' dir='ltr'><strong>alteram</strong></span> <span class='ocrx_word' id='word_1_999' title='bbox 1602 2485 1714 2516; x_wconf 90' lang='lat' dir='ltr'><strong>artem</strong></span> <span class='ocrx_word' id='word_1_1000' title='bbox 1744 2482 1797 2517; x_wconf 92' lang='lat' dir='ltr'><strong>ire</strong></span> <span class='ocrx_word' id='word_1_1001' title='bbox 1820 2492 1945 2527; x_wconf 86' lang='lat' dir='ltr'><strong>agere,</strong></span> <span class='ocrx_word' id='word_1_1002' title='bbox 1979 2486 2021 2517; x_wconf 92' lang='lat' dir='ltr'><strong>ut</strong></span> <span class='ocrx_word' id='word_1_1003' title='bbox 2049 2482 2144 2517; x_wconf 91' lang='lat' dir='ltr'><strong>idem</strong></span> <span class='ocrx_word' id='word_1_1004' title='bbox 2174 2482 2230 2517; x_wconf 87' lang='lat' dir='ltr'><strong>ius</strong></span> <span class='ocrx_word' id='word_1_1005' title='bbox 2267 2482 2341 2517; x_wconf 77' lang='lat' dir='ltr'><strong>ei¹⁸</strong></span> <span class='ocrx_word' id='word_1_1006' title='bbox 2371 2481 2409 2516; x_wconf 91' lang='lat' dir='ltr'><strong>in</strong></span> 
     </span>
     <span class='ocr_line' id='line_1_132' title="bbox 1315 2492 2407 2572; baseline 0.001 -11"><span class='ocrx_word' id='word_1_1007' title='bbox 1315 2526 1429 2561; x_wconf 79' lang='lat' dir='ltr'><strong>altera</strong></span> <span class='ocrx_word' id='word_1_1008' title='bbox 1451 2530 1555 2572; x_wconf 90' lang='lat' dir='ltr'><strong>parte</strong></span> <span class='ocrx_word' id='word_1_1009' title='bbox 1575 2492 1681 2562; x_wconf 55' lang='lat' dir='ltr'>{unffi</span> <span class='ocrx_word' id='word_1_1010' title='bbox 1703 2527 1918 2563; x_wconf 88' lang='lat' dir='ltr'><strong>retineretur</strong></span> <span class='ocrx_word' id='word_1_1011' title='bbox 1929 2529 1974 2562; x_wconf 81' lang='lat'><strong>¹⁰:</strong></span> <span class='ocrx_word' id='word_1_1012' title='bbox 2000 2531 2128 2563; x_wconf 89' lang='lat' dir='ltr'><strong>contra</strong></span> <span class='ocrx_word' id='word_1_1013' title='bbox 2144 2526 2233 2562; x_wconf 90' lang='lat' dir='ltr'><strong>illud</strong></span> <span class='ocrx_word' id='word_1_1014' title='bbox 2253 2537 2407 2562; x_wconf 84' lang='lat' dir='ltr'><strong>commo-</strong></span> 
     </span>
     <span class='ocr_line' id='line_1_133' title="bbox 1315 2571 2408 2639; baseline 0.001 -33"><span class='ocrx_word' id='word_1_1015' title='bbox 1315 2571 1401 2607; x_wconf 90' lang='lat' dir='ltr'><strong>dum</strong></span> <span class='ocrx_word' id='word_1_1016' title='bbox 1423 2572 1619 2607; x_wconf 89' lang='lat' dir='ltr'><strong>accessisse</strong></span> <span class='ocrx_word' id='word_1_1017' title='bbox 1641 2572 1675 2607; x_wconf 92' lang='lat' dir='ltr'><strong>ei</strong></span> <span class='ocrx_word' id='word_1_1018' title='bbox 1699 2572 1757 2607; x_wconf 87' lang='lat' dir='ltr'><strong>oui</strong></span> <span class='ocrx_word' id='word_1_1019' title='bbox 1779 2572 1837 2608; x_wconf 82' lang='lat' dir='ltr'><strong>via</strong></span> <span class='ocrx_word' id='word_1_1020' title='bbox 1860 2572 2077 2615; x_wconf 90' lang='lat' dir='ltr'><strong>debebatur,</strong></span> <span class='ocrx_word' id='word_1_1021' title='bbox 2110 2571 2207 2618; x_wconf 85' lang='lat' dir='ltr'><strong>quod</strong></span> <span class='ocrx_word' id='word_1_1022' title='bbox 2228 2581 2295 2639; x_wconf 67' lang='lat' dir='ltr'><strong>per</strong></span> <span class='ocrx_word' id='word_1_1023' title='bbox 2317 2571 2408 2607; x_wconf 88' lang='lat' dir='ltr'><strong>duas</strong></span> 
     </span>
     <span class='ocr_line' id='line_1_134' title="bbox 1314 2617 2407 2663; baseline 0.002 -12"><span class='ocrx_word' id='word_1_1024' title='bbox 1314 2617 1448 2662; x_wconf 88' lang='lat' dir='ltr'><strong>pariter</strong></span> <span class='ocrx_word' id='word_1_1025' title='bbox 1470 2617 1545 2652; x_wconf 88' lang='lat' dir='ltr'><strong>vias</strong></span> <span class='ocrx_word' id='word_1_1026' title='bbox 1569 2617 1621 2653; x_wconf 91' lang='lat' dir='ltr'><strong>ire</strong></span> <span class='ocrx_word' id='word_1_1027' title='bbox 1690 2628 1748 2653; x_wconf 87' lang='lat' dir='ltr'><strong>ere</strong></span> <span class='ocrx_word' id='word_1_1028' title='bbox 1770 2618 1886 2662; x_wconf 88' lang='lat' dir='ltr'><strong>possit</strong></span> <span class='ocrx_word' id='word_1_1029' title='bbox 1908 2618 2034 2663; x_wconf 89' lang='lat' dir='ltr'><strong>bisque</strong></span> <span class='ocrx_word' id='word_1_1030' title='bbox 2054 2622 2204 2653; x_wconf 89' lang='lat' dir='ltr'><strong>octonos</strong></span> <span class='ocrx_word' id='word_1_1031' title='bbox 2217 2618 2228 2638; x_wconf 95' lang='lat'><strong>¹</strong></span> <span class='ocrx_word' id='word_1_1032' title='bbox 2268 2617 2305 2652; x_wconf 89' lang='lat' dir='ltr'><strong>in</strong></span> <span class='ocrx_word' id='word_1_1033' title='bbox 2323 2626 2407 2662; x_wconf 89' lang='lat' dir='ltr'><strong>por-</strong></span> 
     </span>
     <span class='ocr_line' id='line_1_135' title="bbox 1315 2663 2072 2698; baseline 0.001 -1"><span class='ocrx_word' id='word_1_1034' title='bbox 1315 2666 1452 2698; x_wconf 89' lang='lat' dir='ltr'><strong>rectum</strong></span> <span class='ocrx_word' id='word_1_1035' title='bbox 1475 2666 1512 2697; x_wconf 90' lang='lat' dir='ltr'><strong>et</strong></span> <span class='ocrx_word' id='word_1_1036' title='bbox 1534 2672 1638 2698; x_wconf 90' lang='lat' dir='ltr'><strong>senos</strong></span> <span class='ocrx_word' id='word_1_1037' title='bbox 1688 2672 1774 2698; x_wconf 91' lang='lat' dir='ltr'><strong>enos</strong></span> <span class='ocrx_word' id='word_1_1038' title='bbox 1797 2663 1835 2698; x_wconf 91' lang='lat' dir='ltr'><strong>in</strong></span> <span class='ocrx_word' id='word_1_1039' title='bbox 1858 2663 2072 2698; x_wconf 86' lang='lat' dir='ltr'><strong>anfractum.</strong></span> 
     </span>
    </p>

    <p class='ocr_par' dir='ltr' id='par_1_24' title="bbox 1315 2705 2408 3285">
     <span class='ocr_line' id='line_1_136' title="bbox 1362 2705 2408 2744; baseline -0.001 -1"><span class='ocrx_word' id='word_1_1040' title='bbox 1362 2705 1386 2744; x_wconf 91' lang='lat'><strong>7</strong></span> <span class='ocrx_word' id='word_1_1041' title='bbox 1412 2707 1469 2742; x_wconf 73' lang='lat' dir='ltr'><strong>PA</strong></span> <span class='ocrx_word' id='word_1_1042' title='bbox 1477 2717 1574 2743; x_wconf 61' lang='lat' dir='ltr'><strong>vsvs</strong></span> <span class='ocrx_word' id='word_1_1043' title='bbox 1593 2707 1686 2743; x_wconf 81' lang='lat' dir='ltr'><strong>libro</strong></span> <span class='ocrx_word' id='word_1_1044' title='bbox 1711 2709 1816 2743; x_wconf 83' lang='lat' dir='ltr'><strong>tertio</strong></span> <span class='ocrx_word' id='word_1_1045' title='bbox 1840 2708 1976 2743; x_wconf 81' lang='lat' dir='ltr'><strong>decimo</strong></span> <span class='ocrx_word' id='word_1_1046' title='bbox 1999 2708 2051 2743; x_wconf 86' lang='lat' dir='ltr'><strong>ad</strong></span> <span class='ocrx_word' id='word_1_1047' title='bbox 2072 2707 2258 2743; x_wconf 73' lang='lat' dir='ltr'><strong>Plautium</strong></span> <span class='ocrx_word' id='word_1_1048' title='bbox 2305 2706 2344 2742; x_wconf 89' lang='lat' dir='ltr'><strong>Si</strong></span> <span class='ocrx_word' id='word_1_1049' title='bbox 2356 2706 2408 2742; x_wconf 89' lang='lat' dir='ltr'><strong>sic</strong></span> 
     </span>
     <span class='ocr_line' id='line_1_137' title="bbox 1316 2752 2407 2798; baseline -0.001 -10"><span class='ocrx_word' id='word_1_1050' title='bbox 1316 2753 1512 2788; x_wconf 87' lang='lat' dir='ltr'><strong>constituta</strong></span> <span class='ocrx_word' id='word_1_1051' title='bbox 1542 2753 1590 2788; x_wconf 88' lang='lat' dir='ltr'><strong>sit</strong></span> <span class='ocrx_word' id='word_1_1052' title='bbox 1621 2762 1733 2798; x_wconf 89' lang='lat' dir='ltr'><strong>aqua,</strong></span> <span class='ocrx_word' id='word_1_1053' title='bbox 1765 2756 1807 2788; x_wconf 91' lang='lat' dir='ltr'><strong>ut</strong></span> <span class='ocrx_word' id='word_1_1054' title='bbox 1836 2753 1892 2788; x_wconf 85' lang='lat' dir='ltr'><strong>vel</strong></span> <span class='ocrx_word' id='word_1_1055' title='bbox 1922 2756 2060 2788; x_wconf 89' lang='lat' dir='ltr'><strong>aestate</strong></span> <span class='ocrx_word' id='word_1_1056' title='bbox 2090 2752 2245 2787; x_wconf 90' lang='lat' dir='ltr'><strong>ducatur</strong></span> <span class='ocrx_word' id='word_1_1057' title='bbox 2267 2755 2407 2787; x_wconf 88' lang='lat' dir='ltr'><strong>tantum</strong></span> 
     </span>
     <span class='ocr_line' id='line_1_138' title="bbox 1315 2796 2406 2843; baseline -0.001 -10"><span class='ocrx_word' id='word_1_1058' title='bbox 1315 2798 1370 2833; x_wconf 90' lang='lat' dir='ltr'><strong>vel</strong></span> <span class='ocrx_word' id='word_1_1059' title='bbox 1394 2808 1466 2833; x_wconf 93' lang='lat' dir='ltr'><strong>uno</strong></span> <span class='ocrx_word' id='word_1_1060' title='bbox 1491 2807 1623 2840; x_wconf 89' lang='lat' dir='ltr'><strong>mense,</strong></span> <span class='ocrx_word' id='word_1_1061' title='bbox 1647 2798 1832 2843; x_wconf 89' lang='lat' dir='ltr'><strong>quaeritur</strong></span> <span class='ocrx_word' id='word_1_1062' title='bbox 1856 2797 2152 2843; x_wconf 87' lang='lat' dir='ltr'><strong>quemadmodum</strong></span> <span class='ocrx_word' id='word_1_1063' title='bbox 2175 2807 2249 2833; x_wconf 90' lang='lat' dir='ltr'><strong>non</strong></span> <span class='ocrx_word' id='word_1_1064' title='bbox 2271 2796 2406 2833; x_wconf 90' lang='lat' dir='ltr'><strong>utendo</strong></span> 
     </span>
     <span class='ocr_line' id='line_1_139' title="bbox 1315 2842 2406 2909; baseline -0.001 -31"><span class='ocrx_word' id='word_1_1065' title='bbox 1315 2843 1512 2886; x_wconf 87' lang='lat' dir='ltr'><strong>amittatur,</strong></span> <span class='ocrx_word' id='word_1_1066' title='bbox 1537 2843 1623 2888; x_wconf 88' lang='lat' dir='ltr'><strong>quia</strong></span> <span class='ocrx_word' id='word_1_1067' title='bbox 1645 2853 1718 2878; x_wconf 90' lang='lat' dir='ltr'><strong>non</strong></span> <span class='ocrx_word' id='word_1_1068' title='bbox 1743 2847 1797 2878; x_wconf 90' lang='lat' dir='ltr'><strong>est</strong></span> <span class='ocrx_word' id='word_1_1069' title='bbox 1820 2842 2028 2878; x_wconf 91' lang='lat' dir='ltr'><strong>continuum</strong></span> <span class='ocrx_word' id='word_1_1070' title='bbox 2052 2847 2205 2909; x_wconf 57' lang='lat' dir='ltr'><strong>tempus,</strong></span> <span class='ocrx_word' id='word_1_1071' title='bbox 2229 2853 2300 2895; x_wconf 87' lang='lat' dir='ltr'><strong>quo</strong></span> <span class='ocrx_word' id='word_1_1072' title='bbox 2325 2852 2406 2894; x_wconf 79' lang='lat' dir='ltr'><strong>cum</strong></span> 
     </span>
     <span class='ocr_line' id='line_1_140' title="bbox 1315 2887 2406 2933; baseline -0.001 -10"><span class='ocrx_word' id='word_1_1073' title='bbox 1315 2889 1368 2923; x_wconf 88' lang='lat' dir='ltr'><strong>uti</strong></span> <span class='ocrx_word' id='word_1_1074' title='bbox 1391 2898 1465 2923; x_wconf 91' lang='lat' dir='ltr'><strong>non</strong></span> <span class='ocrx_word' id='word_1_1075' title='bbox 1478 2888 1506 2909; x_wconf 80' lang='lat'><strong>¹⁸</strong></span> <span class='ocrx_word' id='word_1_1076' title='bbox 1528 2891 1658 2933; x_wconf 88' lang='lat' dir='ltr'><strong>potest,</strong></span> <span class='ocrx_word' id='word_1_1077' title='bbox 1681 2898 1754 2923; x_wconf 92' lang='lat' dir='ltr'><strong>non</strong></span> <span class='ocrx_word' id='word_1_1078' title='bbox 1777 2887 1824 2923; x_wconf 90' lang='lat' dir='ltr'><strong>sit</strong></span> <span class='ocrx_word' id='word_1_1079' title='bbox 1846 2897 1945 2923; x_wconf 89' lang='lat' dir='ltr'><strong>usus.</strong></span> <span class='ocrx_word' id='word_1_1080' title='bbox 1977 2888 2028 2922; x_wconf 88' lang='lat' dir='ltr'><strong>ita</strong></span> <span class='ocrx_word' id='word_1_1081' title='bbox 2054 2890 2121 2923; x_wconf 89' lang='lat' dir='ltr'><strong>ue¹</strong></span> <span class='ocrx_word' id='word_1_1082' title='bbox 2159 2891 2196 2923; x_wconf 91' lang='lat' dir='ltr'><strong>et</strong></span> <span class='ocrx_word' id='word_1_1083' title='bbox 2213 2897 2245 2923; x_wconf 79' lang='lat' dir='ltr'><strong>si</strong></span> <span class='ocrx_word' id='word_1_1084' title='bbox 2260 2887 2406 2922; x_wconf 82' lang='lat' dir='ltr'><strong>alternis</strong></span> 
     </span>
     <span class='ocr_line' id='line_1_141' title="bbox 1316 2931 2406 2978; baseline -0.001 -10"><span class='ocrx_word' id='word_1_1085' title='bbox 1316 2934 1420 2969; x_wconf 89' lang='lat' dir='ltr'><strong>annis</strong></span> <span class='ocrx_word' id='word_1_1086' title='bbox 1450 2933 1506 2968; x_wconf 91' lang='lat' dir='ltr'><strong>vel</strong></span> <span class='ocrx_word' id='word_1_1087' title='bbox 1540 2933 1722 2968; x_wconf 88' lang='lat' dir='ltr'><strong>mensibus</strong></span> <span class='ocrx_word' id='word_1_1088' title='bbox 1753 2933 1833 2977; x_wconf 89' lang='lat' dir='ltr'><strong>quis</strong></span> <span class='ocrx_word' id='word_1_1089' title='bbox 1868 2942 1999 2978; x_wconf 89' lang='lat' dir='ltr'><strong>aquam</strong></span> <span class='ocrx_word' id='word_1_1090' title='bbox 2061 2933 2187 2976; x_wconf 86' lang='lat' dir='ltr'><strong>abeat,</strong></span> <span class='ocrx_word' id='word_1_1091' title='bbox 2223 2931 2406 2977; x_wconf 88' lang='lat' dir='ltr'><strong>duplicato</strong></span> 
     </span>
     <span class='ocr_line' id='line_1_142' title="bbox 1317 2977 2404 3022; baseline -0.002 -8"><span class='ocrx_word' id='word_1_1092' title='bbox 1317 2978 1511 3014; x_wconf 90' lang='lat' dir='ltr'><strong>constituto</strong></span> <span class='ocrx_word' id='word_1_1093' title='bbox 1534 2981 1694 3022; x_wconf 82' lang='lat' dir='ltr'><strong>tempore</strong></span> <span class='ocrx_word' id='word_1_1094' title='bbox 1717 2977 1902 3013; x_wconf 89' lang='lat' dir='ltr'><strong>amittitur.</strong></span> <span class='ocrx_word' id='word_1_1095' title='bbox 1938 2978 2032 3013; x_wconf 89' lang='lat' dir='ltr'><strong>idem</strong></span> <span class='ocrx_word' id='word_1_1096' title='bbox 2056 2981 2093 3013; x_wconf 89' lang='lat' dir='ltr'><strong>et</strong></span> <span class='ocrx_word' id='word_1_1097' title='bbox 2113 2977 2158 3013; x_wconf 93' lang='lat' dir='ltr'><strong>de</strong></span> <span class='ocrx_word' id='word_1_1098' title='bbox 2175 2977 2302 3013; x_wconf 90' lang='lat' dir='ltr'><strong>itinere</strong></span> <span class='ocrx_word' id='word_1_1099' title='bbox 2322 2986 2404 3012; x_wconf 88' lang='lat' dir='ltr'><strong>cus-</strong></span> 
     </span>
     <span class='ocr_line' id='line_1_143' title="bbox 1316 3022 2406 3059; baseline -0.002 -1"><span class='ocrx_word' id='word_1_1100' title='bbox 1316 3023 1462 3059; x_wconf 91' lang='lat' dir='ltr'><strong>toditur.</strong></span> <span class='ocrx_word' id='word_1_1101' title='bbox 1499 3022 1531 3058; x_wconf 93' lang='lat' dir='ltr'><strong>si</strong></span> <span class='ocrx_word' id='word_1_1102' title='bbox 1560 3032 1645 3058; x_wconf 84' lang='lat' dir='ltr'><strong>vero</strong></span> <span class='ocrx_word' id='word_1_1103' title='bbox 1676 3022 1823 3058; x_wconf 89' lang='lat' dir='ltr'><strong>alternis</strong></span> <span class='ocrx_word' id='word_1_1104' title='bbox 1858 3022 1982 3058; x_wconf 90' lang='lat' dir='ltr'><strong>diebus</strong></span> <span class='ocrx_word' id='word_1_1105' title='bbox 2015 3026 2080 3058; x_wconf 89' lang='lat' dir='ltr'><strong>aut</strong></span> <span class='ocrx_word' id='word_1_1106' title='bbox 2111 3023 2168 3058; x_wconf 90' lang='lat' dir='ltr'><strong>die</strong></span> <span class='ocrx_word' id='word_1_1107' title='bbox 2199 3022 2320 3058; x_wconf 77' lang='lat' dir='ltr'><strong>toto²⁰</strong></span> <span class='ocrx_word' id='word_1_1108' title='bbox 2342 3025 2406 3057; x_wconf 86' lang='lat' dir='ltr'><strong>aut</strong></span> 
     </span>
     <span class='ocr_line' id='line_1_144' title="bbox 1315 3067 2406 3113; baseline -0.001 -10"><span class='ocrx_word' id='word_1_1109' title='bbox 1315 3071 1455 3104; x_wconf 90' lang='lat' dir='ltr'><strong>tantum</strong></span> <span class='ocrx_word' id='word_1_1110' title='bbox 1478 3071 1596 3111; x_wconf 89' lang='lat' dir='ltr'><strong>nocte,</strong></span> <span class='ocrx_word' id='word_1_1111' title='bbox 1620 3071 1756 3103; x_wconf 91' lang='lat' dir='ltr'><strong>statuto</strong></span> <span class='ocrx_word' id='word_1_1112' title='bbox 1776 3067 1913 3112; x_wconf 87' lang='lat' dir='ltr'><strong>legibus</strong></span> <span class='ocrx_word' id='word_1_1113' title='bbox 1933 3072 2092 3113; x_wconf 87' lang='lat' dir='ltr'><strong>tempore</strong></span> <span class='ocrx_word' id='word_1_1114' title='bbox 2111 3067 2297 3110; x_wconf 86' lang='lat' dir='ltr'><strong>amittitur,</strong></span> <span class='ocrx_word' id='word_1_1115' title='bbox 2321 3067 2406 3112; x_wconf 87' lang='lat' dir='ltr'><strong>quia</strong></span> 
     </span>
     <span class='ocr_line' id='line_1_145' title="bbox 1315 3112 2405 3149; baseline -0.002 0"><span class='ocrx_word' id='word_1_1116' title='bbox 1315 3123 1389 3149; x_wconf 91' lang='lat' dir='ltr'><strong>una</strong></span> <span class='ocrx_word' id='word_1_1117' title='bbox 1420 3113 1572 3148; x_wconf 89' lang='lat' dir='ltr'><strong>servitus</strong></span> <span class='ocrx_word' id='word_1_1118' title='bbox 1604 3116 1677 3148; x_wconf 84' lang='lat' dir='ltr'><strong>est:</strong></span> <span class='ocrx_word' id='word_1_1119' title='bbox 1710 3122 1794 3147; x_wconf 89' lang='lat' dir='ltr'><strong>nam</strong></span> <span class='ocrx_word' id='word_1_1120' title='bbox 1825 3116 1861 3148; x_wconf 91' lang='lat' dir='ltr'><strong>et</strong></span> <span class='ocrx_word' id='word_1_1121' title='bbox 1891 3113 1922 3148; x_wconf 89' lang='lat' dir='ltr'><strong>si</strong></span> <span class='ocrx_word' id='word_1_1122' title='bbox 1955 3113 2101 3148; x_wconf 87' lang='lat' dir='ltr'><strong>alternis</strong></span> <span class='ocrx_word' id='word_1_1123' title='bbox 2131 3113 2230 3148; x_wconf 88' lang='lat' dir='ltr'><strong>horis</strong></span> <span class='ocrx_word' id='word_1_1124' title='bbox 2253 3112 2309 3147; x_wconf 84' lang='lat' dir='ltr'><strong>vel</strong></span> <span class='ocrx_word' id='word_1_1125' title='bbox 2332 3121 2405 3147; x_wconf 82' lang='lat' dir='ltr'><strong>una</strong></span> 
     </span>
     <span class='ocr_line' id='line_1_146' title="bbox 1315 3157 2403 3202; baseline -0.002 -8"><span class='ocrx_word' id='word_1_1126' title='bbox 1315 3158 1406 3194; x_wconf 88' lang='lat' dir='ltr'><strong>hora</strong></span> <span class='ocrx_word' id='word_1_1127' title='bbox 1426 3158 1571 3194; x_wconf 88' lang='lat' dir='ltr'><strong>cottidie</strong></span> <span class='ocrx_word' id='word_1_1128' title='bbox 1590 3157 1795 3193; x_wconf 85' lang='lat' dir='ltr'><strong>servitutem</strong></span> <span class='ocrx_word' id='word_1_1129' title='bbox 1814 3157 1958 3201; x_wconf 86' lang='lat' dir='ltr'><strong>habeat,</strong></span> <span class='ocrx_word' id='word_1_1130' title='bbox 1978 3157 2160 3193; x_wconf 83' lang='lat' dir='ltr'><strong>Servius2¹</strong></span> <span class='ocrx_word' id='word_1_1131' title='bbox 2181 3157 2306 3192; x_wconf 88' lang='lat' dir='ltr'><strong>scribit</strong></span> <span class='ocrx_word' id='word_1_1132' title='bbox 2323 3166 2403 3202; x_wconf 89' lang='lat' dir='ltr'><strong>per-</strong></span> 
     </span>
     <span class='ocr_line' id='line_1_147' title="bbox 1316 3201 2405 3248; baseline -0.003 -9"><span class='ocrx_word' id='word_1_1133' title='bbox 1316 3203 1400 3239; x_wconf 90' lang='lat' dir='ltr'><strong>dere</strong></span> <span class='ocrx_word' id='word_1_1134' title='bbox 1424 3213 1505 3239; x_wconf 90' lang='lat' dir='ltr'><strong>eum</strong></span> <span class='ocrx_word' id='word_1_1135' title='bbox 1528 3214 1600 3239; x_wconf 90' lang='lat' dir='ltr'><strong>non</strong></span> <span class='ocrx_word' id='word_1_1136' title='bbox 1623 3202 1754 3238; x_wconf 87' lang='lat' dir='ltr'><strong>utendo</strong></span> <span class='ocrx_word' id='word_1_1137' title='bbox 1779 3203 1994 3245; x_wconf 86' lang='lat' dir='ltr'><strong>servitutem,</strong></span> <span class='ocrx_word' id='word_1_1138' title='bbox 2018 3203 2103 3248; x_wconf 87' lang='lat' dir='ltr'><strong>quia</strong></span> <span class='ocrx_word' id='word_1_1139' title='bbox 2125 3202 2162 3238; x_wconf 92' lang='lat' dir='ltr'><strong>id</strong></span> <span class='ocrx_word' id='word_1_1140' title='bbox 2179 3201 2276 3247; x_wconf 90' lang='lat' dir='ltr'><strong>quod</strong></span> <span class='ocrx_word' id='word_1_1141' title='bbox 2295 3202 2405 3237; x_wconf 82' lang='lat' dir='ltr'><strong>habet</strong></span> 
     </span>
     <span class='ocr_line' id='line_1_148' title="bbox 1318 3248 1631 3285; baseline -0.006 0"><span class='ocrx_word' id='word_1_1142' title='bbox 1318 3248 1551 3285; x_wconf 87' lang='lat' dir='ltr'><strong>cottidianum</strong></span> <span class='ocrx_word' id='word_1_1143' title='bbox 1574 3248 1631 3283; x_wconf 89' lang='lat' dir='ltr'><strong>sit.</strong></span> 
     </span>
    </p>

    <p class='ocr_par' dir='ltr' id='par_1_25' title="bbox 1314 3290 2402 3425">
     <span class='ocr_line' id='line_1_149' title="bbox 1362 3290 2402 3346; baseline -0.003 -16"><span class='ocrx_word' id='word_1_1144' title='bbox 1362 3290 1386 3331; x_wconf 93' lang='lat'>8</span> <span class='ocrx_word' id='word_1_1145' title='bbox 1411 3293 1520 3329; x_wconf 66' lang='lat' dir='ltr'><strong>sonu</strong></span> <span class='ocrx_word' id='word_1_1146' title='bbox 1538 3293 1628 3329; x_wconf 78' lang='lat' dir='ltr'><strong>libro</strong></span> <span class='ocrx_word' id='word_1_1147' title='bbox 1652 3292 1778 3346; x_wconf 74' lang='lat' dir='ltr'><strong>quinto</strong></span> <span class='ocrx_word' id='word_1_1148' title='bbox 1802 3291 1940 3328; x_wconf 77' lang='lat' dir='ltr'><strong>decimo</strong></span> <span class='ocrx_word' id='word_1_1149' title='bbox 1960 3291 2206 3328; x_wconf 78' lang='lat' dir='ltr'><strong>adPlautium</strong></span> <span class='ocrx_word' id='word_1_1150' title='bbox 2241 3291 2282 3327; x_wconf 87' lang='lat' dir='ltr'><strong>Si</strong></span> <span class='ocrx_word' id='word_1_1151' title='bbox 2300 3291 2402 3327; x_wconf 87' lang='lat' dir='ltr'><strong>stilli-</strong></span> 
     </span>
     <span class='ocr_line' id='line_1_150' title="bbox 1316 3337 2402 3382; baseline -0.001 -9"><span class='ocrx_word' id='word_1_1152' title='bbox 1316 3338 1398 3373; x_wconf 91' lang='lat' dir='ltr'><strong>cidii</strong></span> <span class='ocrx_word' id='word_1_1153' title='bbox 1421 3337 1631 3373; x_wconf 87' lang='lat' dir='ltr'><strong>immittendi</strong></span> <span class='ocrx_word' id='word_1_1154' title='bbox 1653 3347 1710 3373; x_wconf 80' lang='lat' dir='ltr'><strong>ius</strong></span> <span class='ocrx_word' id='word_1_1155' title='bbox 1732 3337 1884 3372; x_wconf 87' lang='lat' dir='ltr'><strong>habeam</strong></span> <span class='ocrx_word' id='word_1_1156' title='bbox 1907 3337 1944 3372; x_wconf 91' lang='lat' dir='ltr'><strong>in</strong></span> <span class='ocrx_word' id='word_1_1157' title='bbox 1975 3346 2095 3372; x_wconf 83' lang='lat' dir='ltr'><strong>aream</strong></span> <span class='ocrx_word' id='word_1_1158' title='bbox 2124 3340 2225 3372; x_wconf 88' lang='lat' dir='ltr'><strong>tuam</strong></span> <span class='ocrx_word' id='word_1_1159' title='bbox 2256 3339 2293 3372; x_wconf 86' lang='lat' dir='ltr'><strong>et</strong></span> <span class='ocrx_word' id='word_1_1160' title='bbox 2321 3346 2402 3382; x_wconf 89' lang='lat' dir='ltr'><strong>per-</strong></span> 
     </span>
     <span class='ocr_line' id='line_1_151' title="bbox 1314 3381 2402 3425; baseline -0.003 -6"><span class='ocrx_word' id='word_1_1161' title='bbox 1314 3383 1443 3419; x_wconf 87' lang='lat' dir='ltr'><strong>misero</strong></span> <span class='ocrx_word' id='word_1_1162' title='bbox 1467 3383 1523 3418; x_wconf 91' lang='lat' dir='ltr'><strong>ius</strong></span> <span class='ocrx_word' id='word_1_1163' title='bbox 1546 3383 1611 3418; x_wconf 88' lang='lat' dir='ltr'><strong>tibi</strong></span> <span class='ocrx_word' id='word_1_1164' title='bbox 1633 3382 1672 3418; x_wconf 93' lang='lat' dir='ltr'><strong>in</strong></span> <span class='ocrx_word' id='word_1_1165' title='bbox 1695 3391 1739 3418; x_wconf 90' lang='lat' dir='ltr'><strong>ea</strong></span> <span class='ocrx_word' id='word_1_1166' title='bbox 1760 3391 1846 3417; x_wconf 86' lang='lat' dir='ltr'><strong>area</strong></span> <span class='ocrx_word' id='word_1_1167' title='bbox 1876 3381 2109 3425; x_wconf 84' lang='lat' dir='ltr'><strong>aedificandi,</strong></span> <span class='ocrx_word' id='word_1_1168' title='bbox 2140 3381 2307 3418; x_wconf 88' lang='lat' dir='ltr'><strong>stillicidii</strong></span> <span class='ocrx_word' id='word_1_1169' title='bbox 2336 3381 2402 3416; x_wconf 89' lang='lat' dir='ltr'><strong>im·</strong></span> 
     </span>
    </p>
   </div>
   <div class='ocr_carea' id='block_1_12' title="bbox 1314 2120 1469 2163">
    <p class='ocr_par' dir='ltr' id='par_1_26' title="bbox 1314 2120 1469 2163">
     <span class='ocr_line' id='line_1_152' title="bbox 1314 2120 1469 2163; baseline -0.006 -8"><span class='ocrx_word' id='word_1_1170' title='bbox 1314 2120 1403 2163; x_wconf 91' lang='lat' dir='ltr'><strong>viae,</strong></span> <span class='ocrx_word' id='word_1_1171' title='bbox 1428 2123 1469 2155; x_wconf 92' lang='lat' dir='ltr'><strong>ut</strong></span> 
     </span>
    </p>
   </div>
   <div class='ocr_carea' id='block_1_13' title="bbox 2229 3459 2394 3464">
    <p class='ocr_par' dir='ltr' id='par_1_27' title="bbox 2229 3459 2394 3464">
     <span class='ocr_line' id='line_1_153' title="bbox 2229 3459 2394 3464; baseline 0 0"><span class='ocrx_word' id='word_1_1172' title='bbox 2229 3459 2394 3464; x_wconf 95' lang='lat' dir='ltr'><strong> </strong></span> 
     </span>
    </p>
   </div>
   <div class='ocr_carea' id='block_1_14' title="bbox 1317 3495 2402 3764">
    <p class='ocr_par' dir='ltr' id='par_1_28' title="bbox 1317 3495 2402 3764">
     <span class='ocr_line' id='line_1_154' title="bbox 1317 3495 2402 3539; baseline -0.002 -8"><span class='ocrx_word' id='word_1_1173' title='bbox 1317 3498 1371 3538; x_wconf 88' lang='grc'><strong>(11)</strong></span> <span class='ocrx_word' id='word_1_1174' title='bbox 1398 3497 1536 3530; x_wconf 85' lang='lat' dir='ltr'><strong>absurdi</strong></span> <span class='ocrx_word' id='word_1_1175' title='bbox 1548 3498 1622 3531; x_wconf 71' lang='lat' dir='ltr'><strong>edd.</strong></span> <span class='ocrx_word' id='word_1_1176' title='bbox 1714 3497 1773 3539; x_wconf 93' lang='grc'><strong>(12)</strong></span> <span class='ocrx_word' id='word_1_1177' title='bbox 1797 3496 1842 3528; x_wconf 83' lang='lat' dir='ltr'><strong>iri</strong></span> <span class='ocrx_word' id='word_1_1178' title='bbox 1853 3496 1935 3530; x_wconf 80' lang='lat' dir='ltr'><strong>Hal.</strong></span> <span class='ocrx_word' id='word_1_1179' title='bbox 2040 3497 2101 3538; x_wconf 79' lang='grc'><strong>(13)</strong></span> <span class='ocrx_word' id='word_1_1180' title='bbox 2125 3497 2338 3529; x_wconf 76' lang='lat' dir='ltr'><strong>immutatum</strong></span> <span class='ocrx_word' id='word_1_1181' title='bbox 2350 3495 2402 3529; x_wconf 74' lang='lat' dir='ltr'><strong>F’</strong></span> 
     </span>
     <span class='ocr_line' id='line_1_155' title="bbox 1317 3540 2402 3584; baseline -0.003 -8"><span class='ocrx_word' id='word_1_1182' title='bbox 1317 3543 1375 3584; x_wconf 76' lang='grc'><strong>(14)</strong></span> <span class='ocrx_word' id='word_1_1183' title='bbox 1400 3542 1483 3575; x_wconf 85' lang='lat' dir='ltr'><strong>satis</strong></span> <span class='ocrx_word' id='word_1_1184' title='bbox 1495 3542 1567 3576; x_wconf 80' lang='lat' dir='ltr'><strong>edd.</strong></span> <span class='ocrx_word' id='word_1_1185' title='bbox 1672 3541 1731 3584; x_wconf 76' lang='grc'><strong>(15)</strong></span> <span class='ocrx_word' id='word_1_1186' title='bbox 1755 3541 1801 3583; x_wconf 91' lang='lat' dir='ltr'><strong>ei]</strong></span> <span class='ocrx_word' id='word_1_1187' title='bbox 1814 3543 1850 3574; x_wconf 84' lang='lat' dir='ltr'><strong>et</strong></span> <span class='ocrx_word' id='word_1_1188' title='bbox 1856 3553 1919 3575; x_wconf 72' lang='lat' dir='ltr'><strong>scr.</strong></span> <span class='ocrx_word' id='word_1_1189' title='bbox 2033 3543 2091 3584; x_wconf 82' lang='grc'><strong>(16)</strong></span> <span class='ocrx_word' id='word_1_1190' title='bbox 2115 3542 2164 3575; x_wconf 75' lang='grc' dir='ltr'><strong>εἰσ</strong></span> <span class='ocrx_word' id='word_1_1191' title='bbox 2176 3542 2262 3583; x_wconf 64' lang='lat' dir='ltr'><strong>dett„</strong></span> <span class='ocrx_word' id='word_1_1192' title='bbox 2274 3540 2402 3573; x_wconf 86' lang='lat' dir='ltr'><strong>retine-</strong></span> 
     </span>
     <span class='ocr_line' id='line_1_156' title="bbox 1317 3585 2400 3629; baseline -0.001 -10"><span class='ocrx_word' id='word_1_1193' title='bbox 1317 3590 1373 3619; x_wconf 88' lang='lat' dir='ltr'><strong>tur</strong></span> <span class='ocrx_word' id='word_1_1194' title='bbox 1383 3587 1445 3621; x_wconf 80' lang='lat' dir='ltr'><strong>FS</strong></span> <span class='ocrx_word' id='word_1_1195' title='bbox 1589 3587 1648 3628; x_wconf 79' lang='lat'><strong>(1¹1)</strong></span> <span class='ocrx_word' id='word_1_1196' title='bbox 1672 3585 1775 3629; x_wconf 82' lang='lat' dir='ltr'><strong>pedes</strong></span> <span class='ocrx_word' id='word_1_1197' title='bbox 1786 3587 1847 3620; x_wconf 72' lang='lat' dir='ltr'><strong>im.</strong></span> <span class='ocrx_word' id='word_1_1198' title='bbox 1862 3586 2014 3620; x_wconf 73' lang='lat' dir='ltr'><strong>Breuem.</strong></span> <span class='ocrx_word' id='word_1_1199' title='bbox 2171 3586 2232 3628; x_wconf 82' lang='grc'><strong>(18)</strong></span> <span class='ocrx_word' id='word_1_1200' title='bbox 2254 3595 2323 3618; x_wconf 82' lang='lat' dir='ltr'><strong>non</strong></span> <span class='ocrx_word' id='word_1_1201' title='bbox 2337 3585 2400 3619; x_wconf 80' lang='lat' dir='ltr'><strong>del·</strong></span> 
     </span>
     <span class='ocr_line' id='line_1_157' title="bbox 1317 3631 2402 3676; baseline -0.003 -10"><span class='ocrx_word' id='word_1_1202' title='bbox 1317 3633 1377 3673; x_wconf 82' lang='grc'><strong>(19)</strong></span> <span class='ocrx_word' id='word_1_1203' title='bbox 1401 3633 1562 3676; x_wconf 77' lang='lat' dir='ltr'><strong>quaedam</strong></span> <span class='ocrx_word' id='word_1_1204' title='bbox 1574 3632 1732 3666; x_wconf 69' lang='lat' dir='ltr'><strong>excidisse</strong></span> <span class='ocrx_word' id='word_1_1205' title='bbox 1743 3631 1784 3664; x_wconf 76' lang='lat' dir='ltr'><strong>ds</strong></span> <span class='ocrx_word' id='word_1_1206' title='bbox 1796 3643 1884 3675; x_wconf 77' lang='lat' dir='ltr'><strong>aqua</strong></span> <span class='ocrx_word' id='word_1_1207' title='bbox 1897 3633 2023 3666; x_wconf 69' lang='lat' dir='ltr'><strong>aestiva</strong></span> <span class='ocrx_word' id='word_1_1208' title='bbox 2035 3638 2066 3665; x_wconf 78' lang='lat' dir='ltr'><strong>et</strong></span> <span class='ocrx_word' id='word_1_1209' title='bbox 2077 3638 2240 3665; x_wconf 73' lang='lat' dir='ltr'><strong>menstrua</strong></span> <span class='ocrx_word' id='word_1_1210' title='bbox 2251 3642 2315 3674; x_wconf 80' lang='lat' dir='ltr'><strong>quo</strong></span> <span class='ocrx_word' id='word_1_1211' title='bbox 2328 3637 2402 3663; x_wconf 72' lang='lat' dir='ltr'><strong>um·</strong></span> 
     </span>
     <span class='ocr_line' id='line_1_158' title="bbox 1990 3675 2397 3718; baseline -0.01 -7"><span class='ocrx_word' id='word_1_1212' title='bbox 1990 3678 2054 3718; x_wconf 89' lang='grc' dir='ltr'><strong>(2ο)</strong></span> <span class='ocrx_word' id='word_1_1213' title='bbox 2079 3676 2165 3717; x_wconf 90' lang='lat' dir='ltr'><strong>toto]</strong></span> <span class='ocrx_word' id='word_1_1214' title='bbox 2178 3678 2310 3708; x_wconf 83' lang='lat' dir='ltr'><strong>tantum</strong></span> <span class='ocrx_word' id='word_1_1215' title='bbox 2323 3675 2397 3709; x_wconf 73' lang='lat' dir='ltr'><strong>den.</strong></span> 
     </span>
     <span class='ocr_line' id='line_1_159' title="bbox 1525 3721 1798 3764; baseline -0.007 -8"><span class='ocrx_word' id='word_1_1216' title='bbox 1525 3723 1584 3764; x_wconf 85' lang='grc'><strong>(21)</strong></span> <span class='ocrx_word' id='word_1_1217' title='bbox 1608 3721 1752 3754; x_wconf 76' lang='lat' dir='ltr'><strong>servitus</strong></span> <span class='ocrx_word' id='word_1_1218' title='bbox 1763 3721 1798 3754; x_wconf 78' lang='lat' dir='ltr'><em>F</em></span> 
     </span>
    </p>
   </div>
   <div class='ocr_carea' id='block_1_15' title="bbox 2453 0 2528 1649">
    <p class='ocr_par' dir='ltr' id='par_1_29' title="bbox 2453 0 2528 1649">
     <span class='ocr_line' id='line_1_160' title="bbox 2453 0 2528 1649; baseline 0 0"><span class='ocrx_word' id='word_1_1219' title='bbox 2453 0 2528 1649; x_wconf 95' lang='lat' dir='ltr'><strong> </strong></span> 
     </span>
    </p>
   </div>
  </div>
 </body>
</html>
