2528 3918
96 128 379 159 VELLEIANUM

90 244 205 275 ratam
236 250 309 274 rem
340 243 376 274 10
399 237 603 273 habiturum
627 234 817 280 stipulatus
841 234 943 270 111010
969 237 1004 269 et
1026 234 1120 270 forte
1142 237 1179 269 te

90 290 207 320 ratum
230 296 303 320 non
325 284 478 319 habente
501 291 606 326 agere
630 291 674 316 ex
697 280 872 325 stipulatu
892 280 1092 323 instituero,
1117 290 1178 315 ex-

91 330 207 375 ceptio
232 333 377 365 senatus
401 326 575 368 consulti,
600 325 696 370 quod
720 325 764 359 de
787 325 1102 361 intercessionibus
1126 324 1178 360 fe-

91 376 267 409 minarum
290 374 425 408 factum
449 375 513 414 est,
539 382 611 406 non
634 370 795 415 proderit
811 370 966 405 mulieri:
993 381 1065 406 non
1086 370 1178 405 enim

91 420 199 455 videri
219 423 336 465 potest
356 418 508 452 alienam
528 416 779 460 obligationem
798 426 976 458 recusare,
1003 427 1084 451 cum
1103 426 1177 450 ma-

91 476 193 500 neam
218 464 334 498 debito
359 463 553 506 obligatus,
587 466 622 496 et
644 461 724 506 ipsa
748 461 791 495 de
813 461 914 496 lucro
940 465 1023 506 agat
1047 471 1089 496 ac
1113 471 1178 506 po-

91 511 160 545 tius
190 509 337 543 reddere
369 512 517 552 cogatur
548 506 645 552 quod
676 517 748 541 non
784 506 943 541 debitum
978 509 1178 551 acceperat,

90 565 195 600 quam
218 564 282 599 pro
307 553 375 588 alio
401 553 546 588 solvere.

139 597 187 636 16
222 598 328 633 IDEM
358 598 448 634 libro
485 600 615 643 quarto
649 596 699 631 ad
728 595 888 631 Urseium
923 597 1094 632 Ferocem
1141 595 1179 630 Si

90 645 212 679 mulier
247 647 373 678 contra
407 648 553 678 senatus
591 642 793 677 consultum
830 641 1075 676 Velleianum²
1111 652 1177 686 pro

90 699 144 725 me
173 689 432 724 intercessisset
464 688 557 722 Titio
591 697 724 732 egoque
758 687 897 721 mulieri
927 687 965 722 id
996 687 1178 722 solvissem

90 739 125 771 et
148 735 192 769 ab
215 745 257 769 ea
277 734 391 769 Titius
413 744 489 768 eam
510 733 698 778 pecuniam
718 736 864 785 peteret,
890 732 1052 777 exceptio
1073 732 1178 767 huius

90 784 233 816 senatus
270 779 422 814 consulti
457 789 529 813 11011
565 782 619 813 051
649 778 840 823 protutura
870 777 1026 812 mulieri:
1063 787 1179 822 neque

89 825 181 860 enim
206 835 283 859 eam
306 824 518 869 periclitari,
543 834 588 858 110
613 833 690 858 00111
713 823 902 867 pecuniam
925 822 1071 868 perdat,
1098 833 1178 857 cum

92 874 104 905 1
155 870 225 904 iam
250 880 328 905 eam
350 870 493 904 habeat.
542 868 580 903 Si
604 869 649 903 ab
675 879 717 903 ea
741 868 904 911 muliere,
932 878 1023 913 quae
1048 871 1176 903 0011110

89 919 233 951 senatus
258 915 459 950 consultum
490 913 766 955 intercessisset,
799 913 1043 948 fideiussorem
1075 923 1177 948 0000-

89 961 228 1006 pissem,
251 960 361 995 Gaius
382 960 527 995 Cassius
547 959 731 1004 respondit
750 959 800 993 ita
821 958 961 994 demum
978 957 1179 993 fideiussori

90 1006 334 1051 exceptionem
365 1005 537 1048 dandam,
570 1005 600 1040 si
631 1015 653 1039 a
677 1004 822 1039 muliere
845 1008 990 1048 rogatus
1013 1003 1141 1039 fuisset
1151 1004 1176 1038 2.

88 1051 245 1086 Iulianus
277 1055 395 1086 autem
425 1054 523 1086 recte
558 1053 662 1095 putat
695 1049 897 1085 fideiussori
932 1050 1176 1094 exceptionem

89 1097 259 1140 dandam,
292 1097 429 1131 etiamsi
459 1096 617 1131 mandati
649 1095 828 1130 actionem
859 1095 1030 1130 adversus
1054 1095 1177 1130 mulie-

88 1153 162 1178 rem
186 1153 258 1178 11011
280 1142 400 1184 1101101,
426 1142 509 1186 quia
531 1145 645 1176 totam
668 1141 919 1185 obligationem
943 1144 1088 1175 senatus
1113 1140 1176 1174 1111-

88 1188 217 1233 probat
236 1191 270 1222 et
292 1199 314 1222 a
332 1192 497 1232 praetore
516 1186 716 1222 restituitur
734 1186 833 1230 prior
846 1185 985 1221 debitor
998 1185 1176 1220 creditori.

139 1231 188 1269 17
213 1234 440 1268 AFRICANUS
448 1233 540 1268 libro
553 1234 684 1277 quarto
705 1232 955 1277 quaestionum
991 1231 1055 1266 Vir
1075 1231 1178 1266 uxori

89 1278 290 1313 donationis
316 1288 425 1313 causa
448 1288 523 1312 rem
546 1277 659 1312 viliori
681 1277 796 1321 pretio
821 1276 1009 1311 addixerat
1033 1276 1123 1311 etin
1142 1276 1178 1311 id

88 1324 240 1369 pretium
272 1323 438 1359 creditori
469 1333 534 1358 suo
568 1322 801 1367 delegaverat.
838 1322 1022 1366 respondit
1055 1321 1178 1357 vendi-

88 1370 219 1404 tionem
244 1369 373 1404 nullius
397 1368 565 1404 momenti
589 1378 667 1403 esse
692 1371 736 1410 et,
763 1367 793 1402 si
818 1367 970 1402 creditor
988 1367 1178 1412 pecuniam

89 1425 111 1449 a
134 1415 280 1450 muliere
301 1418 459 1467 peteret,
484 1413 728 1458 exceptionem
753 1413 874 1447 utilem
898 1412 993 1455 fore,
1018 1412 1178 1458 quamvis

90 1461 242 1496 creditor
255 1460 506 1495 existimaverit
517 1459 699 1494 mulierem
709 1458 915 1493 debitricem
922 1458 1040 1493 mariti
1047 1458 1177 1493 fuisse:

88 1517 154 1541 nec
178 1505 213 1540 id
238 1506 454 1541 contrarium
477 1504 587 1539 videri
612 1504 740 1540 debere
765 1504 814 1546 ei,
847 1503 942 1549 quod
964 1504 1123 1548 placeat,
1149 1504 1179 1538 si

112 1551 231 1586 uando
255 1552 291 1586 in
315 1552 384 1586 1100
415 1550 541 1586 mulier
572 1553 736 1584 mutuata
768 1554 840 1592 est,
872 1553 913 1583 ut
942 1550 1069 1584 marito
1102 1559 1178 1584 cre-

114 1600 197 1639 eret,
222 1607 294 1632 non
319 1597 541 1632 obstaturam
566 1595 821 1640 exceptionem,
847 1595 878 1629 si
902 1594 1056 1630 creditor
1079 1594 1178 1639 igno-

88 1642 219 1677 raverit
241 1642 278 1676 in
302 1652 409 1687 quam
433 1652 578 1677 causam
602 1641 728 1676 mulier
751 1644 986 1682 mutuaretur,
1013 1640 1180 1685 quoniam

89 1687 229 1733 quidem
246 1687 443 1732 plurimum
466 1687 624 1727 intersit,
657 1690 777 1721 utrum
810 1696 890 1720 cum
920 1685 1068 1720 muliere
1101 1685 1179 1730 quis

89 1733 133 1768 ab
165 1733 264 1768 initio
298 1733 488 1768 contrahat
518 1743 565 1767 an
589 1732 740 1766 alienam
765 1731 1017 1776 obligationem
1040 1731 1077 1765 in
1102 1741 1180 1766 eam

92 1782 105 1813 1
155 1778 368 1813 transferat:
391 1783 476 1813 tunc
490 1778 582 1813 enim
592 1777 849 1822 diligentiorem
863 1787 941 1812 esse
954 1776 1093 1811 debere.
1143 1775 1180 1811 Si

88 1824 216 1858 mulier
247 1823 393 1859 dixisset
424 1823 492 1858 sibi
522 1833 597 1858 rem
629 1822 722 1858 dotis
753 1822 896 1857 nomine
928 1822 1120 1866 obligatam
1145 1826 1180 1856 et

89 1869 243 1904 creditor
267 1873 429 1904 curasset
452 1869 484 1904 ei
507 1868 696 1914 pecuniam
721 1867 814 1903 dotis
840 1867 947 1910 solvi,
980 1868 1064 1912 qui³
1087 1867 1179 1902 idem

114 1915 215 1959 ignus
249 1915 446 1960 acciperet,
479 1914 617 1949 mulieri
650 1914 756 1949 etiam
779 1913 934 1958 pecunia
958 1913 1094 1948 credita
1119 1912 1179 1948 de·

88 1926 251 1995 geretur:
288 1960 318 1995 si
353 1970 539 2005 possessor
575 1959 752 1994 creditor⁴
785 1959 954 1994 adversus
987 1969 1065 1994 eam
1097 1957 1178 1993 Ser-

89 2006 192 2041 viana
213 2010 375 2051 agentem
398 2005 577 2049 exciperet
601 2005 642 2040 ‘si
660 2015 732 2039 11011
753 2004 937 2039 νο111111010
958 2003 1032 2039 01115
1052 2004 1179 2049 pignus

90 2051 224 2086 ‘datum
249 2052 364 2093 esset',
397 2050 667 2095 replicationem
691 2050 828 2084 mulieri
853 2053 999 2084 senatus
1025 2049 1179 2084 consulti

89 2107 161 2131 non
185 2096 420 2141 profuturam,
446 2096 514 2130 nisi
538 2095 692 2131 creditor
715 2094 842 2130 scisset
866 2095 971 2129 etiam
992 2095 1098 2129 aliam
1117 2105 1179 2139 pe-

90 2144 110 2177 2
160 2142 301 2177 cuniam
326 2142 358 2176 ei
382 2141 513 2176 deberi.
560 2140 691 2175 Mulier
715 2145 749 2175 et
773 2140 908 2183 Titius,
941 2151 1022 2175 cum
1045 2140 1083 2175 in
1106 2150 1180 2175 rem

91 2197 310 2223 communem
342 2190 608 2228 mutuarentur,
641 2185 797 2221 eiusdem
821 2186 994 2230 pecuniae
1018 2186 1069 2220 rei
1093 2185 1180 2220 10011

90 2236 190 2268 sunt:
216 2244 289 2268 non
313 2232 513 2267 omnimodo
537 2231 719 2266 mulierem
742 2242 807 2276 pro
832 2235 935 2276 parte
960 2231 1048 2266 socii
1071 2230 1181 2266 videri

89 2278 332 2313 intercessisse
364 2278 515 2313 dicebat.
558 2287 641 2312 nam
673 2277 704 2312 si
736 2277 782 2312 ob
813 2286 890 2312 eam
923 2286 1070 2311 causam
1102 2287 1179 2310 mu·

90 2324 181 2358 tuati
204 2323 355 2366 fuerint,
389 2334 432 2358 ex
457 2333 546 2368 qua,
579 2323 609 2358 si
634 2322 788 2357 creditor
809 2322 999 2367 pecuniam
1022 2332 1095 2359 11011
1119 2321 1179 2356 de-

90 2369 217 2411 disset,
250 2369 364 2404 maius
389 2368 556 2403 damnum
579 2367 703 2402 mulier
726 2378 880 2412 passura
902 2367 1040 2410 1110101,
1073 2367 1180 2402 veluti

115 2414 186 2450 uod
211 2414 407 2450 communis
430 2414 547 2449 insula
570 2413 662 2448 fulta
685 2424 757 2448 non
781 2417 877 2448 esset
898 2413 953 2448 vel
978 2413 1074 2457 quod
1097 2412 1179 2447 11111-

91 2426 157 2495 305
179 2460 374 2495 00111111111115
394 2460 431 2494 111
451 2459 633 2504 publicum
646 2458 935 2500 committeretur,
957 2458 1076 2510 potius
1090 2467 1179 2499 esse,

90 2509 131 2541 ut
153 2509 299 2540 senatus
324 2505 488 2541 consulto
513 2505 613 2540 locus
637 2514 708 2539 non
732 2504 788 2539 sit.
826 2508 864 2538 at
896 2504 927 2539 si
956 2515 994 2538 m
1026 2503 1180 2548 aliquam

91 2551 303 2596 emptionem
324 2554 449 2586 mutua
467 2550 620 2596 pecunia
640 2549 686 2584 sit
706 2553 867 2594 accepta,
887 2553 974 2584 tunc
993 2559 1058 2594 pro
1079 2553 1181 2593 parte

89 2596 377 2632 intercessionem
409 2595 544 2631 factam
566 2595 677 2630 videri
700 2599 736 2629 et
758 2594 837 2630 ideo
864 2594 1074 2630 creditorem
1097 2604 1180 2639 par-

90 2646 161 2677 tem
185 2641 371 2676 dumtaxat
392 2641 564 2686 pecuniae
584 2651 606 2675 a
628 2640 774 2675 muliere
793 2643 914 2685 petere
935 2650 1058 2684 posse:
1085 2639 1180 2684 quod

90 2687 121 2723 si
143 2691 257 2722 totum
280 2687 439 2732 petierit,
473 2686 681 2732 exceptione
712 2696 777 2730 pro
802 2690 904 2730 parte
929 2689 1179 2720 summovetur.

141 2729 190 2769 18
215 2732 271 2767 PA
280 2742 374 2767 ULUS
402 2732 492 2768 libro
525 2736 650 2767 octavo
684 2731 734 2766 ad
756 2730 941 2766 Plautium
988 2730 1087 2766 Idem
1120 2732 1180 2765 et⁵

92 2778 121 2813 si
152 2789 216 2822 pro
253 2778 411 2813 debitore
441 2788 519 2813 meo
544 2777 660 2812 Titius
694 2780 729 2811 et
753 2776 878 2811 mulier
902 2776 972 2811 duo
997 2776 1048 2811 rei
1071 2776 1179 2811 inter-

92 2823 272 2858 cesserint.

142 2866 191 2905 19
223 2869 449 2903 AFRICANUS
479 2868 570 2903 libro
605 2871 737 2912 quarto
771 2867 1020 2912 quaestionum
1067 2866 1181 2901 Tutor

92 2914 217 2959 pupilli
241 2914 443 2949 decesserat
465 2912 595 2948 herede
617 2913 780 2948 instituto
807 2912 920 2947 Titio:
947 2922 1028 2947 cum
1053 2911 1097 2946 de
1117 2911 1179 2946 ad-

93 2959 209 2994 eunda
232 2959 430 2994 hereditate
454 2958 651 3001 dubitaret,
686 2957 853 3003 quoniam
885 2957 976 2992 male
999 2960 1099 3001 gesta
1122 2960 1178 2991 tu-

92 3005 163 3039 tela
188 3005 459 3046 existimaretur,
483 3003 720 3048 persuadente
745 3007 858 3037 matre
880 3002 1024 3047 pupilli,
1050 3006 1091 3036 ut
1114 3012 1179 3037 suo

93 3050 249 3094 periculo
275 3050 406 3092 adiret,
439 3048 526 3083 adiit
549 3049 810 3100 stipulatusque
834 3048 878 3083 de
902 3058 944 3082 ea
969 3051 1023 3082 est
1045 3047 1179 3082 indem-

92 3105 173 3130 nem
205 3105 243 3130 se
277 3106 317 3130 eo
350 3094 491 3130 nomine
516 3094 702 3139 praestari.
740 3105 770 3129 Sl
795 3103 838 3128 ex
863 3104 905 3128 ea
929 3103 1040 3128 causa
1065 3093 1180 3128 Titius

93 3140 225 3185 pupillo
251 3140 385 3185 aliquid
408 3139 645 3184 praestitisset
667 3140 767 3184 isque
791 3142 940 3174 matrem
965 3138 1179 3180 conveniret,

94 3186 233 3230 negavit
245 3185 446 3231 exceptioni
458 3188 603 3220 senatus
616 3184 769 3220 consulti
789 3185 908 3219 locum
929 3194 1016 3226 esse,
1038 3183 1178 3228 quando

93 3230 151 3265 vix
184 3231 248 3272 sit,
281 3235 322 3265 ut
354 3231 473 3275 aliqua
503 3230 600 3275 apud
631 3229 782 3265 eundem
812 3240 877 3274 pro
904 3239 944 3264 eo
969 3229 1047 3273 ipso
1071 3228 1179 3263 inter-

98 3278 111 3309 1
163 3276 312 3311 cessisse
330 3275 484 3320 intellegi
503 3275 627 3320 possit.
675 3274 752 3310 Nec
773 3274 975 3309 dissimilem
993 3274 1078 3309 huic
1096 3284 1179 3318 pro-

94 3320 261 3365 positioni
285 3331 328 3356 ex
352 3320 449 3356 facto
475 3320 654 3365 agitatam.
692 3331 772 3355 cum
796 3319 939 3364 quidam
962 3319 1014 3354 vir
1037 3322 1179 3364 praeto-

94 3366 167 3400 rius
204 3365 415 3401 decessisset
448 3366 586 3400 duobus
618 3365 699 3400 filiis
731 3364 999 3409 superstitibus,
1029 3374 1179 3409 quorum

96 3411 185 3445 alter
218 3411 380 3456 impubes
416 3415 510 3446 esset
545 3414 580 3445 et
615 3410 706 3445 alter
738 3410 912 3454 legitimus
947 3413 1046 3444 tutor
1076 3408 1180 3444 fratri

96 3456 214 3490 esset⁶
247 3460 281 3490 et
315 3466 395 3491 eum
427 3460 578 3501 paterna
612 3455 808 3490 hereditate
844 3455 1023 3489 abstinere
1063 3454 1179 3496 vellet,

97 3500 267 3535 mandatu
289 3501 410 3536 uxoris
434 3501 611 3543 defuncti,
644 3511 735 3545 quae
767 3504 879 3534 mater
909 3499 1043 3544 pupillo
1076 3503 1179 3540 esset,

101 3545 265 3580 abstento
290 3545 423 3590 pupillo
447 3546 562 3581 solum
586 3547 647 3581 se⁷
671 3545 859 3580 hereditati
883 3544 1085 3579 miscuisse:
1118 3544 1179 3578 ubi

98 3590 255 3625 similiter
278 3600 318 3625 se
340 3591 566 3635 respondisse
590 3590 748 3626 Iulianus
773 3590 841 3632 ait,
873 3590 904 3625 si
936 3600 980 3625 ex
1004 3600 1047 3624 ea
1070 3599 1180 3624 causa

1027 3706 1068 3744 (3)
1095 3704 1175 3745 quin

915 3750 957 3790 (6)
984 3751 1082 3789 05501]
1096 3751 1129 3781 01
1142 3759 1176 3780 se

99 3706 138 3747 (1)
163 3706 215 3738 vel
228 3706 374 3738 alienum
387 3707 421 3739 F

99 3762 160 3784 scr.
265 3754 305 3793 (4)
332 3751 476 3783 creditor
487 3751 521 3783 F

529 3709 571 3747 (2)
596 3706 815 3738 fideiussisset
827 3707 901 3738 dett.

619 3751 662 3791 (5)
689 3754 738 3782 051
753 3750 803 3782 F2

1165 108 1247 155 207

2180 111 2280 154 XVI
2315 114 2331 153 1

1249 236 1375 278 agente
1398 233 1533 285 pupillo
1559 233 1727 268 damnum
1752 244 1793 269 00
1819 233 1960 269 nomine
1984 244 2112 279 passus
2138 236 2243 276 esset,
2269 244 2339 268 non

1247 278 1411 323 impediri
1436 289 1515 314 eum
1542 282 1688 313 senatus
1714 280 1890 321 consulto,
1917 290 1987 324 quo
2018 280 2135 315 minus
2158 290 2179 314 a
2196 279 2341 314 muliere

1248 327 1268 359 2
1316 335 1390 359 rem
1413 327 1581 359 servaret.
1630 323 1672 358 In
1703 324 1887 368 proposita
1918 325 2037 370 specie
2069 329 2105 361 et
2134 324 2222 360 illud
2245 328 2339 360 trac-

1247 369 1396 404 tandum
1420 372 1492 411 est,
1519 380 1564 404 an
1587 368 1638 410 is,
1672 369 1733 413 qui
1757 369 1927 404 mandato
1953 370 2109 406 mulieris
2134 370 2279 412 adierit,
2312 370 2341 404 si

1248 414 1417 449 damnum
1448 415 1494 449 ob
1527 414 1564 448 id
1594 414 1772 466 patiatur,
1807 415 1903 459 quod
1935 415 2111 451 debitores
2136 415 2341 450 hereditarii

1248 460 1416 495 solvendo
1428 470 1501 495 non
1520 459 1664 501 fuennt,
1687 462 1833 494 senatus
1857 461 2020 495 consulto
2040 461 2142 496 locus
2162 461 2218 503 sit,
2240 460 2341 506 quasi

1247 505 1508 550 quodammodo
1542 515 1665 540 eorum
1697 504 1932 548 obligationes
1968 506 2094 541 mulier
2129 506 2337 551 susceperit.

1246 550 1358 595 magis
1383 554 1503 585 autem
1528 553 1601 592 est,
1625 554 1667 584 ut
1690 560 1734 584 ne
1759 549 1805 584 ob
1830 550 1924 584 hanc
1950 551 2089 594 quidem
2115 562 2262 586 causam
2285 562 2340 586 se-

1246 600 1353 630 natus
1377 596 1580 631 consultum
1598 596 1717 631 locum
1737 594 1880 636 habeat,
1907 596 2049 639 quando
2068 608 2139 631 non
2163 607 2205 632 ea
2224 600 2341 632 mente

1245 641 1372 683 fuerit,
1404 645 1445 676 ut
1468 652 1533 686 pro
1557 641 1613 675 his
1636 639 1890 681 intercederet,
1923 640 1986 675 sed
2018 642 2146 676 tutoris
2171 642 2339 677 adversus

1246 687 1422 731 pupillum
1454 690 1490 722 et
1514 690 1651 721 ceteros
1675 685 1770 720 10110
1794 685 1989 720 creditores
2012 686 2212 722 indemnem
2236 688 2337 722 11010-

1248 735 1267 767 3
1316 731 1395 766 (10111
1430 736 1643 776 praestaret.
1691 730 1855 775 Denique
1891 730 1922 765 si
1955 741 2129 775 ponamus
2161 733 2339 768 mulierem

1246 778 1284 812 in
1315 778 1530 822 emptionem
1561 776 1771 812 hereditatis
1804 786 1844 811 eo
1878 777 2020 811 nomine
2055 777 2221 812 damnum
2254 778 2339 823 pati,

1247 821 1343 868 quod
1368 822 1545 857 debitores
1576 821 1782 857 hereditarii
1815 821 1983 856 solvendo
2017 833 2089 857 non
2121 823 2210 865 sint,
2244 823 2340 858 nulla

1246 871 1335 913 puto
1361 868 1535 902 dubitatio
1562 867 1647 909 erit,
1673 867 1759 912 quin
1783 871 1929 902 senatus
1955 867 2118 902 consulto
2143 868 2243 903 locus
2268 879 2339 903 non

1247 913 1311 955 sit,
1348 913 1486 948 etiamsi
1509 913 1662 947 maxime
1687 912 1923 947 creditoribus
1947 912 2168 957 aliquantum
2191 914 2339 958 praesti-

1246 962 1267 993 4
1314 959 1408 993 terit.
1458 958 1550 1002 Quid
1576 969 1658 1003 ergo
1683 958 1732 1000 si,
1766 968 1847 992 cum
1878 962 2069 1002 propterea
2102 957 2145 992 de
2178 958 2341 994 adeunda

1245 1003 1444 1039 hereditate
1468 1003 1649 1039 dubitaret
1672 1003 1806 1044 Titius,
1840 1003 1936 1047 quod.
1967 1014 2093 1048 parum
2125 1003 2254 1038 idonea
2277 1015 2340 1039 no-

1246 1050 1343 1084 mina
1367 1049 1568 1084 debitorum
1591 1049 1813 1090 viderentur,
1838 1048 1964 1083 mulier
1986 1049 2056 1084 hoc
2079 1049 2196 1093 ipsum
2219 1060 2339 1094 repro-

1246 1094 1352 1137 misit,
1378 1098 1429 1137 ut,
1456 1098 1589 1140 quanto
1615 1094 1731 1129 minus
1756 1104 1778 1128 a
1799 1105 1942 1139 quoquo
1966 1105 2087 1130 eorum
2106 1094 2239 1129 servari
2259 1105 2340 1139 pos-

1247 1144 1319 1182 set,
1353 1140 1432 1185 ipsa
1464 1140 1689 1185 praestaret?
1724 1150 1836 1185 prope
1869 1142 1940 1181 est,
1974 1143 2014 1174 ut
2046 1139 2092 1174 sit
2122 1139 2341 1175 intercessio.

1247 1189 1266 1220 5
1317 1185 1404 1220 Cum
1428 1186 1579 1220 haberes
1604 1185 1738 1220 Titium
1762 1184 1959 1220 debitorem
1985 1189 2020 1220 et
2043 1196 2108 1230 pro
2142 1195 2184 1220 eo
2218 1185 2343 1220 mulier

1246 1231 1467 1266 intercedere
1490 1231 1596 1266 vellet
1620 1241 1686 1266 nec
1710 1234 1750 1265 tu
1774 1230 1932 1265 mulieris
1958 1241 2086 1265 nomen
2109 1241 2174 1275 pro
2202 1234 2257 1266 ter
2288 1241 2342 1266 se-

1247 1280 1353 1311 natus
1380 1277 1582 1312 consultum
1607 1276 1823 1321 sequereris,
1856 1275 1945 1320 petit
1975 1286 1997 1310 a
2028 1286 2083 1310 me
2117 1287 2151 1310 m
2193 1276 2243 1310 'er
2266 1287 2342 1311 mu-

1247 1326 1349 1357 tuam
1376 1322 1567 1374 pecuniam
1599 1322 1762 1357 solutura
1794 1321 1860 1356 tibi
1884 1325 1920 1356 et
1944 1321 2129 1366 stipulanti
2152 1321 2238 1355 mihi
2260 1332 2342 1366 pro-

1247 1367 1343 1402 misit
1373 1367 1569 1412 1gnoranti,
1601 1367 1639 1402 in
1670 1377 1777 1412 quam
1808 1377 1883 1402 rem
1914 1370 2152 1407 mutuaretur,
2172 1367 2279 1407 atque
2293 1367 2344 1401 ita

1248 1423 1435 1448 numerare
1458 1424 1514 1448 me
1538 1413 1604 1448 tibi
1626 1412 1746 1448 iussit:
1773 1412 1900 1447 deinde
1925 1423 2000 1457 ego,
2027 1413 2110 1457 quia
2130 1411 2176 1447 ad
2195 1423 2339 1447 manum

1248 1469 1412 1494 nummos
1431 1470 1503 1494 non
1520 1458 1709 1501 habebam,
1734 1457 1923 1503 stipulanti
1949 1458 2014 1492 tibi
2042 1457 2207 1503 promisi:
2234 1468 2341 1503 quae-

1249 1504 1356 1540 situm
1381 1508 1445 1546 est,
1470 1505 1500 1540 si
1525 1514 1603 1539 eam
1627 1504 1816 1549 pecuniam
1841 1514 1863 1538 a
1887 1503 2033 1538 muliere
2057 1507 2188 1548 petam,
2213 1514 2261 1538 an
2282 1513 2341 1538 ex-

1250 1550 1365 1594 ceptio
1403 1554 1549 1585 senatus
1586 1549 1740 1585 consulti
1771 1549 1805 1584 ei
1832 1548 1959 1601 prosit.
2005 1559 2062 1584 res
2091 1548 2191 1584 ondit
2223 1548 2342 1583 viden-

1250 1595 1352 1637 dum,
1378 1606 1423 1630 ne
1446 1605 1518 1630 non
1543 1595 1618 1630 sine
1642 1595 1781 1630 ratione
1806 1594 1947 1629 d1catur
1971 1594 2046 1630 01115
2084 1604 2169 1636 000,
2194 1594 2254 1639 qui
2277 1605 2342 1639 pro

1249 1640 1396 1676 muliere
1419 1640 1644 1682 fideiusserit,
1668 1640 1794 1675 haberi
1818 1650 1874 1674 me
1898 1639 2046 1682 debere,
2081 1644 2141 1682 ut,
2174 1639 2342 1684 quemad-

1249 1686 1394 1721 modum
1412 1686 1474 1729 illi,
1496 1686 1655 1731 quamvis
1676 1685 1890 1731 ignoraverit
1910 1685 2092 1720 mulierem
2111 1684 2342 1727 intercedere,

1250 1742 1335 1766 exce
1362 1731 1412 1766 tio
1437 1732 1608 1767 adversus
1634 1731 1844 1766 creditorem
1870 1730 1992 1773 detur,
2026 1741 2071 1766 ne
2101 1730 2138 1765 in
2162 1730 2343 1765 mulierem

1249 1787 1332 1812 man
1359 1777 1408 1811 ati
1432 1777 1526 1812 actio
1553 1781 1743 1821 competat,
1768 1777 1819 1811 ita
1843 1776 1929 1810 mihi
1952 1786 2094 1828 quoque
2118 1776 2288 1811 adversus
2307 1779 2343 1810 te

1249 1822 1345 1858 utilis
1379 1823 1541 1868 exceptio
1575 1822 1679 1857 detur
1709 1821 1865 1866 mihique
1896 1821 1933 1856 in
1957 1821 2139 1857 muherem
2163 1821 2257 1856 actio
2283 1820 2341 1856 de-

1249 1871 1408 1913 negetur,
1434 1868 1576 1913 quando
1601 1867 1690 1902 haec
1715 1867 1835 1902 acti0⁸
1857 1867 2016 1912 periculo
2041 1867 2197 1902 mulieris
2220 1866 2344 1901 11111110

1250 1913 1305 1949 sit.
1344 1917 1379 1948 et
1398 1914 1487 1949 haec
1507 1913 1615 1958 paulo
1637 1923 1679 1948 ex
1707 1912 1835 1948 editius
1858 1912 2019 1955 dicenda,
2044 1912 2075 1947 si
2098 1911 2209 1958 prius,
2235 1922 2342 1957 quam

1251 1969 1313 2003 ego
1337 1959 1403 1994 tibi
1427 1959 1615 2005 pecuniam
1640 1969 1679 1994 so
1695 1958 1822 2000 verim,
1856 1958 2087 2003 compererim
2120 1968 2197 1992 eam
2232 1957 2341 1992 inter-

1250 2004 1419 2040 cessisse:
1443 2008 1601 2040 ceterum
1622 2004 1651 2039 si
1664 2008 1748 2039 ante
1760 2003 1935 2045 solverim,
1955 2003 2155 2045 videndum,
2177 2007 2343 2038 utrumne

1250 2049 1358 2085 nihilo
1391 2050 1507 2085 minus
1539 2050 1677 2084 mulieri
1710 2049 1852 2094 quidem
1885 2049 2046 2094 exceptio
2082 2048 2253 2083 adversus
2286 2058 2342 2083 me

1251 2095 1327 2130 dari
1361 2095 1490 2130 debeat
1522 2099 1557 2131 et
1590 2106 1652 2140 ego
1685 2095 1751 2130 tibi
1776 2094 1962 2130 condicere
1986 2094 2175 2139 pecuniam
2198 2094 2342 2139 possim,

1250 2151 1296 2175 an
1320 2151 1403 2176 vero
1427 2140 1573 2186 perinde
1596 2140 1802 2175 habendum
1826 2140 1891 2182 sit,
1924 2150 1967 2175 ac
1999 2139 2029 2175 si
2059 2139 2158 2174 initio
2192 2149 2255 2184 ego
2280 2150 2341 2184 pe-

1250 2186 1392 2221 cuniam
1416 2186 1554 2222 mulieri
1578 2185 1807 2221 credidissem
1831 2196 1875 2220 ac
1898 2195 2024 2220 rursus
2044 2188 2084 2219 tu
2103 2185 2189 2219 mihi
2207 2185 2245 2219 in
2266 2194 2340 2219 cre-

1251 2231 1364 2266 ditum
1387 2231 1488 2267 isses.
1525 2231 1621 2277 quod
1645 2231 1788 2276 quidem
1811 2231 1922 2276 magis
1947 2230 2137 2266 dicendum
2162 2230 2341 2265 existima-

1249 2276 1318 2319 vit,
1351 2281 1392 2311 ut
1416 2277 1466 2312 sic
1491 2281 1636 2312 senatus
1663 2277 1825 2312 consulto
1850 2276 1951 2311 locus
1976 2286 2048 2311 non
2073 2275 2135 2310 sit:
2171 2275 2276 2311 sicuti
2308 2279 2343 2310 et

1251 2333 1332 2357 cum
1356 2322 1553 2358 debitorem
1577 2333 1682 2357 suum
1705 2322 1831 2357 mulier
1851 2321 1998 2366 deleget,
2022 2321 2269 2356 intercessioni
2288 2320 2340 2355 lo-

1251 2378 1315 2402 cus
1340 2378 1412 2402 non
1437 2368 1492 2403 sit.
1533 2378 1626 2413 quae
1657 2371 1785 2413 postea
1817 2378 1889 2402 non
1920 2370 2018 2402 10010
2050 2366 2249 2412 comparari
2280 2365 2340 2407 ait,

1251 2413 1393 2458 quando
1419 2413 1641 2459 delegatione
1666 2412 1834 2448 debitoris
1858 2413 1957 2447 facta
1973 2411 2099 2446 mulier
2119 2422 2191 2447 non
2209 2411 2339 2455 oblige-

1250 2462 1319 2500 tur,
1345 2463 1382 2493 at
1405 2459 1441 2493 in
1459 2459 1642 2503 proposito
1664 2458 1816 2493 alienam
1837 2457 2087 2502 obligationem
2107 2457 2144 2492 in
2165 2467 2204 2492 se
2223 2460 2340 2491 trans-

1250 2503 1381 2546 tulerit,
1408 2504 1502 2548 quod
1527 2508 1623 2539 certe
1647 2507 1792 2539 senatus
1816 2503 1894 2538 fieri
1918 2502 2082 2538 noluerit.

1297 2546 1350 2586 20
1375 2549 1480 2584 IDEM
1497 2549 1588 2585 libro
1609 2553 1734 2585 octavo
1754 2549 2004 2594 quaestionum
2045 2546 2082 2581 Si
2101 2557 2166 2599 pro
2188 2557 2259 2582 uno
2280 2557 2340 2581 reo

1249 2594 1450 2629 intercessit
1469 2595 1605 2637 mulier,
1631 2594 1800 2629 adversus
1820 2597 2009 2638 utrumque
2028 2592 2227 2627 restltuitur
2245 2592 2340 2627 00110

1251 2639 1431 2675 creditori.

1296 2683 1345 2722 21
1378 2685 1664 2721 CALLJSTRATUS
1680 2684 1770 2719 libro
1792 2684 1895 2719 tertio
1915 2683 2178 2718 institutionum
2225 2682 2263 2717 Si
2275 2693 2340 2727 pro

1250 2731 1368 2775 aliquo
1393 2730 1520 2766 mulier
1543 2729 1793 2771 intercesserit,
1819 2729 1882 2764 sed
1905 2729 1942 2763 in
1965 2739 2039 2763 rem
2064 2728 2139 2763 eius
2164 2727 2260 2772 quod
2280 2738 2339 2762 ac-

1251 2780 1393 2821 ceptum
1419 2780 1473 2811 est
1497 2779 1718 2817 versaretur,
1753 2774 1914 2819 exceptio
1939 2778 2085 2809 senatus
2111 2773 2265 2809 consulti
2287 2773 2339 2808 lo-

1254 2824 1267 2856 1
1320 2832 1400 2856 cum
1425 2832 1497 2856 non
1522 2821 1648 2862 habet,
1681 2820 1765 2864 quia
1788 2830 1861 2855 non
1883 2819 1925 2854 fit
1948 2819 2150 2864 pauperior.
2197 2818 2287 2853 Item
2311 2818 2341 2853 si

1250 2866 1335 2912 quid
1358 2866 1553 2902 liberaliter
1576 2865 1711 2907 1000111,
1736 2865 1844 2900 veluti
1868 2875 1913 2899 ne
1936 2864 2113 2900 iudicatus
2137 2867 2240 2909 pater
2264 2863 2339 2899 eius

1250 2916 1397 2957 propter
1421 2912 1632 2947 solutionem
1656 2911 1845 2952 vexetur⁹‚
1879 2921 1951 2945 non
1985 2909 2052 2945 erit
2081 2913 2161 2944 tuta
2192 2912 2338 2944 senatus

1250 2957 1433 2993 consulto:
1468 2957 1636 2992 oneribus
1670 2956 1763 2990 enim
1796 2965 1917 2990 earum
1932 2956 1959 2976 ¹⁰
1982 2959 2128 2990 senatus
2152 2954 2337 2990 succurrit.

1295 3000 1348 3038 22
1374 3002 1534 3038 Panos
1555 3002 1646 3036 libro
1670 3004 1775 3036 sexto
1799 3000 2010 3043 reqularum
2057 3000 2094 3035 Si
2118 3000 2254 3035 mulieri
2278 2999 2338 3034 de-

1249 3048 1360 3082 derim
1383 3047 1582 3092 pecuniam,
1609 3051 1650 3080 ut
1674 3056 1752 3081 eam
1776 3039 1943 3081 creditori
1967 3056 2044 3081 meo
2070 3046 2185 3081 solvat
2203 3045 2258 3080 vel
2278 3055 2337 3079 ex-

1248 3093 1444 3138 promittat,
1469 3093 1499 3127 si
1524 3103 1566 3127 ea
1586 3091 1842 3136 expromiserit,
1866 3091 1984 3126 locum
2004 3101 2076 3126 non
2096 3101 2174 3126 esse
2193 3093 2338 3125 senatus

1250 3138 1412 3173 consulto
1447 3137 1665 3182 Pomponius
1701 3136 1840 3179 scribit,
1910 3136 1969 3171 uia
2003 3136 2164 3171 mandati
2198 3134 2338 3170 actione

1249 3184 1320 3219 obli
1344 3187 1405 3218 ata
1429 3183 1465 3216 in
1489 3193 1563 3216 rem
1587 3192 1689 3216 suam
1711 3181 1851 3217 videtur
1874 3192 1894 3216 o
1922 3182 2034 3226 ligari.

1296 3226 1320 3264 2
1375 3228 1483 3262 IDEM
1499 3228 1590 3263 libro
1610 3227 1793 3272 sinqulari
1811 3227 1860 3262 ad
1877 3231 2025 3262 senatus
2037 3225 2236 3262 consultum
2259 3223 2336 3259 Vel-

1249 3274 1404 3308 leianum
1451 3272 1488 3307 Si
1512 3272 1638 3307 mulier
1659 3272 1696 3306 in
1718 3272 1795 3307 11110
1817 3272 2036 3316 interrogata
2059 3269 2280 3315 responderit
2299 3279 2337 3303 se

1248 3318 1413 3353 heredem
1438 3327 1526 3359 esse,
1552 3317 1582 3352 si
1606 3317 1720 3352 sciens
1745 3328 1783 3352 se
1806 3317 1972 3352 heredem
1996 3327 2068 3351 11011
2093 3326 2170 3350 0550
2190 3324 2335 3358 respon-

1249 3363 1350 3404 derit,
1375 3363 1516 3397 minime
1539 3362 1782 3398 intercessisse
1805 3362 1925 3405 videri,
1950 3362 2034 3406 quia
2058 3360 2214 3404 decepit:
2241 3358 2335 3403 quod

1249 3409 1278 3443 si
1311 3407 1524 3443 existimavit
1555 3418 1594 3443 se
1630 3407 1795 3443 heredem
1820 3412 1855 3443 et
1879 3418 1919 3442 eo
1945 3407 2086 3441 nomine
2110 3405 2194 3439 dece
2221 3408 2257 3437 ta
2280 3413 2334 3437 re-

1248 3453 1450 3497 sponderit,
1494 3453 1531 3487 in
1565 3463 1643 3488 eam
1678 3453 1854 3488 actionem
1890 3452 2031 3497 quidem
2066 3450 2142 3485 dari
2177 3460 2199 3493 p
2216 3448 2335 3492 erique

1249 3498 1555 3550 existimaverunt,
1587 3498 1648 3533 sed
1680 3498 1889 3543 exceptione
1919 3500 2064 3532 senatus
2096 3493 2249 3530 consulti
2271 3492 2334 3528 ad-

1247 3553 1371 3578 1uvar1.

1293 3585 1346 3624 24
1371 3587 1477 3623 IDEM
1506 3588 1597 3624 libro
1627 3588 1810 3635 sinqulari
1830 3588 1875 3623 de
1898 3584 2208 3623 intercessionibus
2229 3584 2333 3629 semi-

1247 3715 1307 3735 scr.
1412 3704 1455 3744 (7)
1480 3702 1636 3736 abstento
1650 3714 1683 3734 se
1697 3702 1865 3744 pupillum
1874 3701 1980 3733 solum
1993 3713 2054 3733 scr.
2159 3701 2203 3738 (8)
2229 3699 2331 3740 00110]

1247 3747 1412 3789 obligatio
1424 3747 1478 3780 F²
1573 3751 1616 3788 (9)
1642 3751 1816 3780 vexeretur
1827 3746 1879 3779 F²
1971 3747 2030 3786 (10)
2057 3755 2168 3777 00111111
2183 3743 2235 3777 F²
