<?xml version="1.0" encoding="UTF-8"?>
<!DOCTYPE html PUBLIC "-//W3C//DTD XHTML 1.0 Transitional//EN"
    "http://www.w3.org/TR/xhtml1/DTD/xhtml1-transitional.dtd">
<html xmlns="http://www.w3.org/1999/xhtml" xml:lang="en" lang="en">
 <head>
  <title>
</title>
<meta http-equiv="Content-Type" content="text/html;charset=utf-8" />
  <meta name='ocr-system' content='tesseract 3.04.00' />
  <meta name='ocr-capabilities' content='ocr_page ocr_carea ocr_par ocr_line ocrx_word'/>
</head>
<body>
  <div class='ocr_page' id='page_1' title='image "./corpusjuriscivil01krueuoft_0249.png"; bbox 0 0 2528 3918; ppageno 0'>
   <div class='ocr_carea' id='block_1_1' title="bbox 0 64 3 1040">
    <p class='ocr_par' dir='ltr' id='par_1_1' title="bbox 0 64 3 1040">
     <span class='ocr_line' id='line_1_1' title="bbox 0 64 3 1040; baseline 0 0"><span class='ocrx_word' id='word_1_1' title='bbox 0 64 3 1040; x_wconf 95' lang='lat' dir='ltr'> </span> 
     </span>
    </p>
   </div>
   <div class='ocr_carea' id='block_1_2' title="bbox 110 121 753 154">
    <p class='ocr_par' dir='ltr' id='par_1_2' title="bbox 110 121 753 154">
     <span class='ocr_line' id='line_1_2' title="bbox 110 121 753 154; baseline -0.005 0"><span class='ocrx_word' id='word_1_2' title='bbox 110 124 170 154; x_wconf 84' lang='lat' dir='ltr'>DE</span> <span class='ocrx_word' id='word_1_3' title='bbox 199 122 455 154; x_wconf 80' lang='lat' dir='ltr'>NOXALIBUS</span> <span class='ocrx_word' id='word_1_4' title='bbox 483 121 753 153; x_wconf 83' lang='lat' dir='ltr'>ACTIONIBUS</span> 
     </span>
    </p>
   </div>
   <div class='ocr_carea' id='block_1_3' title="bbox 104 229 1200 1183">
    <p class='ocr_par' dir='ltr' id='par_1_3' title="bbox 107 229 1198 461">
     <span class='ocr_line' id='line_1_3' title="bbox 133 229 1198 277; baseline -0.004 -9"><span class='ocrx_word' id='word_1_5' title='bbox 133 234 223 269; x_wconf 89' lang='lat' dir='ltr'>hora</span> <span class='ocrx_word' id='word_1_6' title='bbox 254 244 297 268; x_wconf 87' lang='lat' dir='ltr'>ex</span> <span class='ocrx_word' id='word_1_7' title='bbox 321 233 471 268; x_wconf 84' lang='lat' dir='ltr'>reticulo</span> <span class='ocrx_word' id='word_1_8' title='bbox 496 241 671 277; x_wconf 83' lang='lat' dir='ltr'>suspensa</span> <span class='ocrx_word' id='word_1_9' title='bbox 696 230 886 266; x_wconf 90' lang='lat' dir='ltr'>decidisset</span> <span class='ocrx_word' id='word_1_10' title='bbox 910 234 945 265; x_wconf 91' lang='lat' dir='ltr'>et</span> <span class='ocrx_word' id='word_1_11' title='bbox 969 229 1110 265; x_wconf 82' lang='grc' dir='ltr'>(101001ι</span> <span class='ocrx_word' id='word_1_12' title='bbox 1137 229 1198 264; x_wconf 81' lang='grc'><strong>(10-</strong></span> 
     </span>
     <span class='ocr_line' id='line_1_4' title="bbox 146 274 1197 323; baseline -0.005 -9"><span class='ocrx_word' id='word_1_13' title='bbox 146 283 237 320; x_wconf 86' lang='grc'><strong>3301,</strong></span> <span class='ocrx_word' id='word_1_14' title='bbox 271 279 354 323; x_wconf 88' lang='grc'><strong>(1010</strong></span> <span class='ocrx_word' id='word_1_15' title='bbox 386 281 422 313; x_wconf 91' lang='lat' dir='ltr'>et</span> <span class='ocrx_word' id='word_1_16' title='bbox 452 277 608 322; x_wconf 85' lang='lat' dir='ltr'>legitima</span> <span class='ocrx_word' id='word_1_17' title='bbox 641 280 676 311; x_wconf 91' lang='lat' dir='ltr'>et</span> <span class='ocrx_word' id='word_1_18' title='bbox 706 275 900 311; x_wconf 89' lang='lat' dir='ltr'>honoraria</span> <span class='ocrx_word' id='word_1_19' title='bbox 935 276 1029 311; x_wconf 89' lang='lat' dir='ltr'>actio</span> <span class='ocrx_word' id='word_1_20' title='bbox 1068 274 1197 310; x_wconf 89' lang='lat' dir='ltr'>deficit.</span> 
     </span>
     <span class='ocr_line' id='line_1_5' title="bbox 112 320 1198 367; baseline -0.005 -8"><span class='ocrx_word' id='word_1_21' title='bbox 112 328 151 359; x_wconf 88' lang='lat'>13</span> <span class='ocrx_word' id='word_1_22' title='bbox 199 325 273 359; x_wconf 89' lang='lat' dir='ltr'>Ista</span> <span class='ocrx_word' id='word_1_23' title='bbox 297 327 414 358; x_wconf 89' lang='lat' dir='ltr'>autem</span> <span class='ocrx_word' id='word_1_24' title='bbox 438 323 531 357; x_wconf 88' lang='lat' dir='ltr'>actio</span> <span class='ocrx_word' id='word_1_25' title='bbox 555 321 739 367; x_wconf 83' lang='lat' dir='ltr'>popularis</span> <span class='ocrx_word' id='word_1_26' title='bbox 772 325 826 356; x_wconf 90' lang='lat' dir='ltr'>est</span> <span class='ocrx_word' id='word_1_27' title='bbox 857 324 893 356; x_wconf 91' lang='lat' dir='ltr'>et</span> <span class='ocrx_word' id='word_1_28' title='bbox 924 321 1046 356; x_wconf 88' lang='lat' dir='ltr'>heredi</span> <span class='ocrx_word' id='word_1_29' title='bbox 1077 320 1198 355; x_wconf 91' lang='lat' dir='ltr'>simili-</span> 
     </span>
     <span class='ocr_line' id='line_1_6' title="bbox 108 366 1198 414; baseline -0.005 -9"><span class='ocrx_word' id='word_1_30' title='bbox 108 370 246 414; x_wconf 88' lang='lat' dir='ltr'>busque</span> <span class='ocrx_word' id='word_1_31' title='bbox 278 368 464 413; x_wconf 89' lang='lat' dir='ltr'>competit,</span> <span class='ocrx_word' id='word_1_32' title='bbox 495 368 531 402; x_wconf 90' lang='lat' dir='ltr'>in</span> <span class='ocrx_word' id='word_1_33' title='bbox 563 367 736 402; x_wconf 80' lang='lat' dir='ltr'>heredes²</span> <span class='ocrx_word' id='word_1_34' title='bbox 769 369 889 401; x_wconf 81' lang='lat' dir='ltr'>autem</span> <span class='ocrx_word' id='word_1_35' title='bbox 921 377 994 401; x_wconf 91' lang='lat' dir='ltr'>non</span> <span class='ocrx_word' id='word_1_36' title='bbox 1019 366 1198 411; x_wconf 90' lang='lat' dir='ltr'>competit,</span> 
     </span>
     <span class='ocr_line' id='line_1_7' title="bbox 107 414 462 461; baseline -0.008 -11"><span class='ocrx_word' id='word_1_37' title='bbox 107 415 192 461; x_wconf 90' lang='lat' dir='ltr'>quia</span> <span class='ocrx_word' id='word_1_38' title='bbox 215 414 372 459; x_wconf 88' lang='lat' dir='ltr'>poenalis</span> <span class='ocrx_word' id='word_1_39' title='bbox 397 416 462 448; x_wconf 90' lang='lat' dir='ltr'>est.</span> 
     </span>
    </p>

    <p class='ocr_par' dir='ltr' id='par_1_4' title="bbox 107 455 1200 820">
     <span class='ocr_line' id='line_1_8' title="bbox 155 455 1198 497; baseline -0.005 -1"><span class='ocrx_word' id='word_1_40' title='bbox 155 458 179 497; x_wconf 80' lang='lat'>6</span> <span class='ocrx_word' id='word_1_41' title='bbox 210 460 370 495; x_wconf 67' lang='lat' dir='ltr'>Pmms</span> <span class='ocrx_word' id='word_1_42' title='bbox 401 457 492 493; x_wconf 79' lang='lat' dir='ltr'>libro</span> <span class='ocrx_word' id='word_1_43' title='bbox 528 468 624 492; x_wconf 75' lang='lat' dir='ltr'>nono</span> <span class='ocrx_word' id='word_1_44' title='bbox 660 456 797 492; x_wconf 75' lang='lat' dir='ltr'>decimo</span> <span class='ocrx_word' id='word_1_45' title='bbox 833 456 884 491; x_wconf 83' lang='lat' dir='ltr'>ad</span> <span class='ocrx_word' id='word_1_46' title='bbox 917 456 1073 492; x_wconf 77' lang='lat' dir='ltr'>edictum</span> <span class='ocrx_word' id='word_1_47' title='bbox 1118 455 1198 491; x_wconf 92' lang='lat' dir='ltr'>Hoc</span> 
     </span>
     <span class='ocr_line' id='line_1_9' title="bbox 108 501 1200 544; baseline -0.005 -3"><span class='ocrx_word' id='word_1_48' title='bbox 108 506 262 541; x_wconf 89' lang='lat' dir='ltr'>edictum</span> <span class='ocrx_word' id='word_1_49' title='bbox 285 514 357 538; x_wconf 89' lang='lat' dir='ltr'>non</span> <span class='ocrx_word' id='word_1_50' title='bbox 379 507 520 538; x_wconf 89' lang='lat' dir='ltr'>tantum</span> <span class='ocrx_word' id='word_1_51' title='bbox 544 502 590 537; x_wconf 88' lang='lat' dir='ltr'>ad</span> <span class='ocrx_word' id='word_1_52' title='bbox 615 502 774 537; x_wconf 84' lang='lat' dir='ltr'>civitates</span> <span class='ocrx_word' id='word_1_53' title='bbox 800 505 835 536; x_wconf 91' lang='lat' dir='ltr'>et</span> <span class='ocrx_word' id='word_1_54' title='bbox 857 501 973 544; x_wconf 91' lang='lat' dir='ltr'>vicos,</span> <span class='ocrx_word' id='word_1_55' title='bbox 1006 501 1070 537; x_wconf 89' lang='lat' dir='ltr'>sed</span> <span class='ocrx_word' id='word_1_56' title='bbox 1094 505 1130 536; x_wconf 91' lang='lat' dir='ltr'>et</span> <span class='ocrx_word' id='word_1_57' title='bbox 1153 501 1200 536; x_wconf 85' lang='lat' dir='ltr'>ad</span> 
     </span>
     <span class='ocr_line' id='line_1_10' title="bbox 114 546 1199 594; baseline -0.003 -9"><span class='ocrx_word' id='word_1_58' title='bbox 114 555 124 585; x_wconf 88' lang='lat'>1</span> <span class='ocrx_word' id='word_1_59' title='bbox 175 550 267 592; x_wconf 89' lang='lat' dir='ltr'>vias,</span> <span class='ocrx_word' id='word_1_60' title='bbox 299 559 364 594; x_wconf 91' lang='lat' dir='ltr'>per</span> <span class='ocrx_word' id='word_1_61' title='bbox 395 558 483 593; x_wconf 87' lang='lat' dir='ltr'>quas</span> <span class='ocrx_word' id='word_1_62' title='bbox 513 548 617 592; x_wconf 85' lang='lat' dir='ltr'>vulgo</span> <span class='ocrx_word' id='word_1_63' title='bbox 648 547 717 582; x_wconf 89' lang='lat' dir='ltr'>iter</span> <span class='ocrx_word' id='word_1_64' title='bbox 747 547 830 589; x_wconf 87' lang='lat' dir='ltr'>fit³‚</span> <span class='ocrx_word' id='word_1_65' title='bbox 863 547 1027 591; x_wconf 80' lang='lat' dir='ltr'>pertinet.</span> <span class='ocrx_word' id='word_1_66' title='bbox 1076 546 1199 582; x_wconf 83' lang='lat' dir='ltr'><strong>Labeo</strong></span> 
     </span>
     <span class='ocr_line' id='line_1_11' title="bbox 107 591 1199 634; baseline -0.005 -3"><span class='ocrx_word' id='word_1_67' title='bbox 107 596 158 631; x_wconf 90' lang='lat' dir='ltr'>ait</span> <span class='ocrx_word' id='word_1_68' title='bbox 179 595 297 630; x_wconf 92' lang='lat' dir='ltr'>locum</span> <span class='ocrx_word' id='word_1_69' title='bbox 321 594 453 629; x_wconf 90' lang='lat' dir='ltr'>habere</span> <span class='ocrx_word' id='word_1_70' title='bbox 476 594 545 628; x_wconf 88' lang='lat' dir='ltr'>hoc</span> <span class='ocrx_word' id='word_1_71' title='bbox 570 593 743 634; x_wconf 87' lang='lat' dir='ltr'>edictum,</span> <span class='ocrx_word' id='word_1_72' title='bbox 776 592 807 627; x_wconf 91' lang='lat' dir='ltr'>si</span> <span class='ocrx_word' id='word_1_73' title='bbox 837 591 992 627; x_wconf 82' lang='lat' dir='ltr'>interdiu</span> <span class='ocrx_word' id='word_1_74' title='bbox 1024 592 1199 627; x_wconf 90' lang='lat' dir='ltr'>deiectum</span> 
     </span>
     <span class='ocr_line' id='line_1_12' title="bbox 108 637 1197 683; baseline -0.004 -8"><span class='ocrx_word' id='word_1_75' title='bbox 108 642 164 683; x_wconf 89' lang='lat' dir='ltr'>sit,</span> <span class='ocrx_word' id='word_1_76' title='bbox 189 650 261 675; x_wconf 88' lang='lat' dir='ltr'>non</span> <span class='ocrx_word' id='word_1_77' title='bbox 286 643 408 674; x_wconf 91' lang='lat' dir='ltr'>nocte:</span> <span class='ocrx_word' id='word_1_78' title='bbox 435 639 498 674; x_wconf 88' lang='lat' dir='ltr'>sed</span> <span class='ocrx_word' id='word_1_79' title='bbox 522 637 733 683; x_wconf 83' lang='lat' dir='ltr'>quibusdam</span> <span class='ocrx_word' id='word_1_80' title='bbox 756 637 845 672; x_wconf 92' lang='lat' dir='ltr'>locis</span> <span class='ocrx_word' id='word_1_81' title='bbox 871 641 906 672; x_wconf 89' lang='lat' dir='ltr'>et</span> <span class='ocrx_word' id='word_1_82' title='bbox 929 641 1035 672; x_wconf 91' lang='lat' dir='ltr'>nocte</span> <span class='ocrx_word' id='word_1_83' title='bbox 1057 637 1126 672; x_wconf 90' lang='lat' dir='ltr'>iter</span> <span class='ocrx_word' id='word_1_84' title='bbox 1146 637 1197 672; x_wconf 91' lang='lat' dir='ltr'>fit.</span> 
     </span>
     <span class='ocr_line' id='line_1_13' title="bbox 108 682 1196 728; baseline -0.003 -8"><span class='ocrx_word' id='word_1_85' title='bbox 108 690 126 721; x_wconf 88' lang='lat'>2</span> <span class='ocrx_word' id='word_1_86' title='bbox 174 685 365 720; x_wconf 88' lang='lat' dir='ltr'>Habitator</span> <span class='ocrx_word' id='word_1_87' title='bbox 384 695 486 719; x_wconf 91' lang='lat' dir='ltr'>suam</span> <span class='ocrx_word' id='word_1_88' title='bbox 499 692 714 728; x_wconf 90' lang='lat' dir='ltr'>suorumque</span> <span class='ocrx_word' id='word_1_89' title='bbox 729 683 870 727; x_wconf 89' lang='lat' dir='ltr'>culpam</span> <span class='ocrx_word' id='word_1_90' title='bbox 882 687 1067 727; x_wconf 90' lang='lat' dir='ltr'>praestare</span> <span class='ocrx_word' id='word_1_91' title='bbox 1081 682 1196 718; x_wconf 90' lang='lat' dir='ltr'>debet.</span> 
     </span>
     <span class='ocr_line' id='line_1_14' title="bbox 107 728 1200 770; baseline -0.004 -4"><span class='ocrx_word' id='word_1_92' title='bbox 107 735 127 766; x_wconf 89' lang='lat'><strong>3</strong></span> <span class='ocrx_word' id='word_1_93' title='bbox 176 730 214 765; x_wconf 87' lang='lat' dir='ltr'>Si</span> <span class='ocrx_word' id='word_1_94' title='bbox 246 730 289 765; x_wconf 91' lang='lat' dir='ltr'>de</span> <span class='ocrx_word' id='word_1_95' title='bbox 318 740 408 765; x_wconf 91' lang='lat' dir='ltr'>nave</span> <span class='ocrx_word' id='word_1_96' title='bbox 433 729 607 764; x_wconf 87' lang='lat' dir='ltr'>deiectum</span> <span class='ocrx_word' id='word_1_97' title='bbox 632 729 695 770; x_wconf 91' lang='lat' dir='ltr'>sit,</span> <span class='ocrx_word' id='word_1_98' title='bbox 729 728 872 762; x_wconf 90' lang='lat' dir='ltr'>dabitur</span> <span class='ocrx_word' id='word_1_99' title='bbox 905 729 1000 763; x_wconf 90' lang='lat' dir='ltr'>actio</span> <span class='ocrx_word' id='word_1_100' title='bbox 1033 728 1129 763; x_wconf 91' lang='lat' dir='ltr'>utilis</span> <span class='ocrx_word' id='word_1_101' title='bbox 1162 728 1200 762; x_wconf 91' lang='lat' dir='ltr'>in</span> 
     </span>
     <span class='ocr_line' id='line_1_15' title="bbox 107 774 708 820; baseline -0.005 -9"><span class='ocrx_word' id='word_1_102' title='bbox 107 787 187 811; x_wconf 86' lang='lat' dir='ltr'>eum</span> <span class='ocrx_word' id='word_1_103' title='bbox 236 776 272 811; x_wconf 90' lang='lat' dir='ltr'>ui</span> <span class='ocrx_word' id='word_1_104' title='bbox 296 775 377 810; x_wconf 89' lang='lat' dir='ltr'>navi</span> <span class='ocrx_word' id='word_1_105' title='bbox 400 774 626 820; x_wconf 89' lang='lat' dir='ltr'>praepositus</span> <span class='ocrx_word' id='word_1_106' title='bbox 652 774 708 808; x_wconf 87' lang='lat' dir='ltr'>sit.</span> 
     </span>
    </p>

    <p class='ocr_par' dir='ltr' id='par_1_5' title="bbox 104 817 1200 1183">
     <span class='ocr_line' id='line_1_16' title="bbox 154 817 1199 864; baseline -0.005 -7"><span class='ocrx_word' id='word_1_107' title='bbox 154 820 176 857; x_wconf 90' lang='lat'>7</span> <span class='ocrx_word' id='word_1_108' title='bbox 236 831 330 856; x_wconf 61' lang='grc' dir='ltr'>Δ41113</span> <span class='ocrx_word' id='word_1_109' title='bbox 350 820 441 856; x_wconf 75' lang='lat' dir='ltr'>libro</span> <span class='ocrx_word' id='word_1_110' title='bbox 465 823 571 855; x_wconf 77' lang='lat' dir='ltr'>sexto</span> <span class='ocrx_word' id='word_1_111' title='bbox 595 819 645 854; x_wconf 82' lang='lat' dir='ltr'>ad</span> <span class='ocrx_word' id='word_1_112' title='bbox 667 819 821 854; x_wconf 73' lang='lat' dir='ltr'>edictum</span> <span class='ocrx_word' id='word_1_113' title='bbox 839 818 1069 864; x_wconf 77' lang='lat' dir='ltr'>provinciale</span> <span class='ocrx_word' id='word_1_114' title='bbox 1110 817 1199 853; x_wconf 92' lang='lat' dir='ltr'>Cum</span> 
     </span>
     <span class='ocr_line' id='line_1_17' title="bbox 106 863 1200 910; baseline -0.002 -9"><span class='ocrx_word' id='word_1_115' title='bbox 106 867 207 902; x_wconf 89' lang='lat' dir='ltr'>liberi</span> <span class='ocrx_word' id='word_1_116' title='bbox 226 866 377 901; x_wconf 91' lang='lat' dir='ltr'>hominis</span> <span class='ocrx_word' id='word_1_117' title='bbox 398 876 528 910; x_wconf 88' lang='lat' dir='ltr'>corpus</span> <span class='ocrx_word' id='word_1_118' title='bbox 551 875 595 899; x_wconf 89' lang='lat' dir='ltr'>ex</span> <span class='ocrx_word' id='word_1_119' title='bbox 616 875 670 906; x_wconf 88' lang='lat' dir='ltr'>eo,</span> <span class='ocrx_word' id='word_1_120' title='bbox 693 864 788 909; x_wconf 89' lang='lat' dir='ltr'>quod</span> <span class='ocrx_word' id='word_1_121' title='bbox 809 863 986 898; x_wconf 91' lang='lat' dir='ltr'>deiectum</span> <span class='ocrx_word' id='word_1_122' title='bbox 1006 863 1200 899; x_wconf 86' lang='lat' dir='ltr'>effusumve</span> 
     </span>
     <span class='ocr_line' id='line_1_18' title="bbox 106 908 1199 957; baseline -0.003 -10"><span class='ocrx_word' id='word_1_123' title='bbox 106 912 192 957; x_wconf 91' lang='lat' dir='ltr'>quid</span> <span class='ocrx_word' id='word_1_124' title='bbox 224 912 307 954; x_wconf 89' lang='lat' dir='ltr'>erit,</span> <span class='ocrx_word' id='word_1_125' title='bbox 339 911 475 946; x_wconf 90' lang='lat' dir='ltr'>laesum</span> <span class='ocrx_word' id='word_1_126' title='bbox 506 910 632 951; x_wconf 88' lang='lat' dir='ltr'>fuerit,</span> <span class='ocrx_word' id='word_1_127' title='bbox 664 910 771 944; x_wconf 89' lang='lat' dir='ltr'>iudex</span> <span class='ocrx_word' id='word_1_128' title='bbox 804 912 989 954; x_wconf 90' lang='lat' dir='ltr'>computat</span> <span class='ocrx_word' id='word_1_129' title='bbox 1018 908 1199 944; x_wconf 85' lang='lat' dir='ltr'>mercedes</span> 
     </span>
     <span class='ocr_line' id='line_1_19' title="bbox 106 954 1198 1002; baseline -0.004 -10"><span class='ocrx_word' id='word_1_130' title='bbox 106 957 252 992; x_wconf 89' lang='lat' dir='ltr'>medicis</span> <span class='ocrx_word' id='word_1_131' title='bbox 275 957 466 1002; x_wconf 90' lang='lat' dir='ltr'>praestitas</span> <span class='ocrx_word' id='word_1_132' title='bbox 492 959 681 1000; x_wconf 89' lang='lat' dir='ltr'>ceteraque</span> <span class='ocrx_word' id='word_1_133' title='bbox 703 954 892 999; x_wconf 90' lang='lat' dir='ltr'>impendia,</span> <span class='ocrx_word' id='word_1_134' title='bbox 919 964 1010 999; x_wconf 88' lang='lat' dir='ltr'>quae</span> <span class='ocrx_word' id='word_1_135' title='bbox 1034 954 1070 989; x_wconf 91' lang='lat' dir='ltr'>in</span> <span class='ocrx_word' id='word_1_136' title='bbox 1095 965 1198 989; x_wconf 85' lang='lat' dir='ltr'>cura-</span> 
     </span>
     <span class='ocr_line' id='line_1_20' title="bbox 105 1000 1200 1046; baseline -0.002 -10"><span class='ocrx_word' id='word_1_137' title='bbox 105 1004 202 1038; x_wconf 84' lang='lat' dir='ltr'>tione</span> <span class='ocrx_word' id='word_1_138' title='bbox 225 1002 324 1037; x_wconf 87' lang='lat' dir='ltr'>facta</span> <span class='ocrx_word' id='word_1_139' title='bbox 348 1006 442 1044; x_wconf 87' lang='lat' dir='ltr'>sunt,</span> <span class='ocrx_word' id='word_1_140' title='bbox 467 1004 654 1046; x_wconf 88' lang='lat' dir='ltr'>praeterea</span> <span class='ocrx_word' id='word_1_141' title='bbox 678 1000 903 1045; x_wconf 74' lang='lat' dir='ltr'>operarum⁴,</span> <span class='ocrx_word' id='word_1_142' title='bbox 930 1000 1058 1044; x_wconf 91' lang='lat' dir='ltr'>quibus</span> <span class='ocrx_word' id='word_1_143' title='bbox 1084 1000 1200 1035; x_wconf 88' lang='lat' dir='ltr'>caruit</span> 
     </span>
     <span class='ocr_line' id='line_1_21' title="bbox 105 1044 1196 1090; baseline -0.002 -8"><span class='ocrx_word' id='word_1_144' title='bbox 105 1052 169 1082; x_wconf 90' lang='grc'>001</span> <span class='ocrx_word' id='word_1_145' title='bbox 201 1048 402 1083; x_wconf 87' lang='lat' dir='ltr'>cariturus⁵</span> <span class='ocrx_word' id='word_1_146' title='bbox 435 1051 489 1082; x_wconf 91' lang='lat' dir='ltr'>est</span> <span class='ocrx_word' id='word_1_147' title='bbox 521 1047 566 1081; x_wconf 92' lang='lat' dir='ltr'>ob</span> <span class='ocrx_word' id='word_1_148' title='bbox 598 1046 654 1088; x_wconf 90' lang='lat' dir='ltr'>id,</span> <span class='ocrx_word' id='word_1_149' title='bbox 688 1045 783 1090; x_wconf 89' lang='lat' dir='ltr'>quod</span> <span class='ocrx_word' id='word_1_150' title='bbox 813 1044 948 1079; x_wconf 90' lang='lat' dir='ltr'>inutilis</span> <span class='ocrx_word' id='word_1_151' title='bbox 980 1045 1099 1080; x_wconf 91' lang='lat' dir='ltr'>factus</span> <span class='ocrx_word' id='word_1_152' title='bbox 1133 1048 1196 1080; x_wconf 91' lang='lat' dir='ltr'>est.</span> 
     </span>
     <span class='ocr_line' id='line_1_22' title="bbox 106 1089 1198 1133; baseline -0.002 -5"><span class='ocrx_word' id='word_1_153' title='bbox 106 1093 326 1128; x_wconf 88' lang='lat' dir='ltr'>cicatricium</span> <span class='ocrx_word' id='word_1_154' title='bbox 339 1096 458 1128; x_wconf 88' lang='lat' dir='ltr'>autem</span> <span class='ocrx_word' id='word_1_155' title='bbox 471 1097 534 1127; x_wconf 91' lang='lat' dir='ltr'>aut</span> <span class='ocrx_word' id='word_1_156' title='bbox 553 1091 788 1126; x_wconf 82' lang='lat' dir='ltr'>deformitatis</span> <span class='ocrx_word' id='word_1_157' title='bbox 810 1090 907 1124; x_wconf 89' lang='lat' dir='ltr'>nulla</span> <span class='ocrx_word' id='word_1_158' title='bbox 926 1089 967 1124; x_wconf 89' lang='lat' dir='ltr'>fit</span> <span class='ocrx_word' id='word_1_159' title='bbox 987 1091 1198 1133; x_wconf 85' lang='lat' dir='ltr'>aestimatio,</span> 
     </span>
     <span class='ocr_line' id='line_1_23' title="bbox 104 1135 1143 1183; baseline -0.002 -10"><span class='ocrx_word' id='word_1_160' title='bbox 104 1139 189 1183; x_wconf 87' lang='lat' dir='ltr'>quia</span> <span class='ocrx_word' id='word_1_161' title='bbox 212 1138 361 1173; x_wconf 90' lang='lat' dir='ltr'>liberum</span> <span class='ocrx_word' id='word_1_162' title='bbox 386 1148 516 1182; x_wconf 88' lang='lat' dir='ltr'>corpus</span> <span class='ocrx_word' id='word_1_163' title='bbox 541 1137 674 1171; x_wconf 90' lang='lat' dir='ltr'>nullam</span> <span class='ocrx_word' id='word_1_164' title='bbox 698 1136 824 1181; x_wconf 85' lang='lat' dir='ltr'>recipit</span> <span class='ocrx_word' id='word_1_165' title='bbox 849 1135 1143 1171; x_wconf 83' lang='lat' dir='ltr'>aestimationem.</span> 
     </span>
    </p>
   </div>
   <div class='ocr_carea' id='block_1_4' title="bbox 322 1228 977 1329">
    <p class='ocr_par' dir='ltr' id='par_1_6' title="bbox 322 1228 977 1329">
     <span class='ocr_line' id='line_1_24' title="bbox 594 1228 708 1268; baseline 0 0"><span class='ocrx_word' id='word_1_166' title='bbox 594 1231 673 1268; x_wconf 84' lang='lat'>1111</span> <span class='ocrx_word' id='word_1_167' title='bbox 682 1228 708 1268; x_wconf 82' lang='lat'>⁰.</span> 
     </span>
     <span class='ocr_line' id='line_1_25' title="bbox 322 1295 977 1329; baseline -0.002 0"><span class='ocrx_word' id='word_1_168' title='bbox 322 1297 383 1329; x_wconf 83' lang='lat' dir='ltr'>DE</span> <span class='ocrx_word' id='word_1_169' title='bbox 408 1296 668 1329; x_wconf 78' lang='lat' dir='ltr'>NoxALIBus</span> <span class='ocrx_word' id='word_1_170' title='bbox 693 1295 977 1329; x_wconf 83' lang='lat' dir='ltr'>ACTIONIBUS.</span> 
     </span>
    </p>
   </div>
   <div class='ocr_carea' id='block_1_5' title="bbox 104 1362 1202 3534">
    <p class='ocr_par' dir='ltr' id='par_1_7' title="bbox 104 1362 1200 1672">
     <span class='ocr_line' id='line_1_26' title="bbox 155 1362 1199 1408; baseline -0.003 -8"><span class='ocrx_word' id='word_1_171' title='bbox 155 1363 173 1401; x_wconf 88' lang='lat'>1</span> <span class='ocrx_word' id='word_1_172' title='bbox 217 1364 340 1400; x_wconf 76' lang='lat' dir='ltr'><em>GAIUS</em></span> <span class='ocrx_word' id='word_1_173' title='bbox 378 1364 469 1399; x_wconf 81' lang='lat' dir='ltr'>libro</span> <span class='ocrx_word' id='word_1_174' title='bbox 503 1363 661 1399; x_wconf 78' lang='lat' dir='ltr'>secundo</span> <span class='ocrx_word' id='word_1_175' title='bbox 697 1362 747 1398; x_wconf 85' lang='lat' dir='ltr'>ad</span> <span class='ocrx_word' id='word_1_176' title='bbox 780 1362 934 1398; x_wconf 75' lang='lat' dir='ltr'>edictum</span> <span class='ocrx_word' id='word_1_177' title='bbox 970 1362 1199 1408; x_wconf 79' lang='lat' dir='ltr'>provinciale</span> 
     </span>
     <span class='ocr_line' id='line_1_27' title="bbox 105 1409 1198 1454; baseline -0.003 -9"><span class='ocrx_word' id='word_1_178' title='bbox 105 1410 261 1446; x_wconf 83' lang='lat' dir='ltr'>Noxales</span> <span class='ocrx_word' id='word_1_179' title='bbox 286 1409 446 1444; x_wconf 85' lang='lat' dir='ltr'>actiones</span> <span class='ocrx_word' id='word_1_180' title='bbox 466 1409 704 1454; x_wconf 87' lang='lat' dir='ltr'>appellantur,</span> <span class='ocrx_word' id='word_1_181' title='bbox 730 1418 821 1453; x_wconf 90' lang='lat' dir='ltr'>quae</span> <span class='ocrx_word' id='word_1_182' title='bbox 839 1418 913 1442; x_wconf 89' lang='lat' dir='ltr'>non</span> <span class='ocrx_word' id='word_1_183' title='bbox 933 1417 977 1442; x_wconf 91' lang='lat' dir='ltr'>ex</span> <span class='ocrx_word' id='word_1_184' title='bbox 997 1411 1198 1450; x_wconf 90' lang='lat' dir='ltr'>contractu,</span> 
     </span>
     <span class='ocr_line' id='line_1_28' title="bbox 105 1452 1199 1499; baseline -0.003 -9"><span class='ocrx_word' id='word_1_185' title='bbox 105 1455 169 1491; x_wconf 87' lang='lat' dir='ltr'>sed</span> <span class='ocrx_word' id='word_1_186' title='bbox 201 1466 244 1490; x_wconf 89' lang='lat' dir='ltr'>ex</span> <span class='ocrx_word' id='word_1_187' title='bbox 275 1465 370 1489; x_wconf 87' lang='lat' dir='ltr'>noxa</span> <span class='ocrx_word' id='word_1_188' title='bbox 402 1458 509 1499; x_wconf 91' lang='lat' dir='ltr'>atque</span> <span class='ocrx_word' id='word_1_189' title='bbox 533 1453 706 1489; x_wconf 88' lang='lat' dir='ltr'>maleficio</span> <span class='ocrx_word' id='word_1_190' title='bbox 731 1463 915 1488; x_wconf 89' lang='lat' dir='ltr'>servorum</span> <span class='ocrx_word' id='word_1_191' title='bbox 939 1452 1109 1488; x_wconf 88' lang='lat' dir='ltr'>adversus</span> <span class='ocrx_word' id='word_1_192' title='bbox 1133 1464 1199 1488; x_wconf 89' lang='lat' dir='ltr'>nos</span> 
     </span>
     <span class='ocr_line' id='line_1_29' title="bbox 104 1498 1199 1544; baseline -0.002 -9"><span class='ocrx_word' id='word_1_193' title='bbox 104 1501 358 1536; x_wconf 91' lang='lat' dir='ltr'>instituuntur:</span> <span class='ocrx_word' id='word_1_194' title='bbox 392 1510 543 1544; x_wconf 88' lang='lat' dir='ltr'>quarum</span> <span class='ocrx_word' id='word_1_195' title='bbox 576 1499 758 1534; x_wconf 89' lang='lat' dir='ltr'>actionum</span> <span class='ocrx_word' id='word_1_196' title='bbox 789 1498 841 1534; x_wconf 90' lang='lat' dir='ltr'>vis</span> <span class='ocrx_word' id='word_1_197' title='bbox 866 1502 902 1534; x_wconf 91' lang='lat' dir='ltr'>et</span> <span class='ocrx_word' id='word_1_198' title='bbox 923 1502 1085 1543; x_wconf 89' lang='lat' dir='ltr'>potestas</span> <span class='ocrx_word' id='word_1_199' title='bbox 1110 1498 1199 1533; x_wconf 88' lang='lat' dir='ltr'>haec</span> 
     </span>
     <span class='ocr_line' id='line_1_30' title="bbox 106 1543 1200 1588; baseline -0.003 -7"><span class='ocrx_word' id='word_1_200' title='bbox 106 1550 178 1587; x_wconf 90' lang='lat' dir='ltr'>est,</span> <span class='ocrx_word' id='word_1_201' title='bbox 211 1549 270 1588; x_wconf 92' lang='lat' dir='ltr'>ut,</span> <span class='ocrx_word' id='word_1_202' title='bbox 304 1545 332 1580; x_wconf 88' lang='lat' dir='ltr'>si</span> <span class='ocrx_word' id='word_1_203' title='bbox 356 1545 516 1580; x_wconf 91' lang='lat' dir='ltr'>damnati</span> <span class='ocrx_word' id='word_1_204' title='bbox 538 1544 729 1587; x_wconf 86' lang='lat' dir='ltr'>fuerimus,</span> <span class='ocrx_word' id='word_1_205' title='bbox 761 1544 869 1579; x_wconf 88' lang='lat' dir='ltr'>liceat</span> <span class='ocrx_word' id='word_1_206' title='bbox 891 1544 995 1578; x_wconf 90' lang='grc'><strong>001113</strong></span> <span class='ocrx_word' id='word_1_207' title='bbox 1021 1543 1200 1579; x_wconf 88' lang='lat' dir='ltr'>deditione</span> 
     </span>
     <span class='ocr_line' id='line_1_31' title="bbox 105 1589 1198 1636; baseline -0.003 -10"><span class='ocrx_word' id='word_1_208' title='bbox 105 1591 217 1636; x_wconf 89' lang='lat' dir='ltr'>ipsius</span> <span class='ocrx_word' id='word_1_209' title='bbox 250 1590 411 1636; x_wconf 89' lang='lat' dir='ltr'>corporis</span> <span class='ocrx_word' id='word_1_210' title='bbox 442 1590 539 1636; x_wconf 92' lang='lat' dir='ltr'>quod</span> <span class='ocrx_word' id='word_1_211' title='bbox 570 1590 756 1635; x_wconf 89' lang='lat' dir='ltr'>deliquerit</span> <span class='ocrx_word' id='word_1_212' title='bbox 781 1589 913 1624; x_wconf 88' lang='lat' dir='ltr'>evitare</span> <span class='ocrx_word' id='word_1_213' title='bbox 937 1589 1008 1624; x_wconf 89' lang='lat' dir='ltr'>litis</span> <span class='ocrx_word' id='word_1_214' title='bbox 1033 1589 1198 1624; x_wconf 87' lang='lat' dir='ltr'>aestima-</span> 
     </span>
     <span class='ocr_line' id='line_1_32' title="bbox 105 1638 247 1672; baseline 0 -1"><span class='ocrx_word' id='word_1_215' title='bbox 105 1638 247 1672; x_wconf 89' lang='lat' dir='ltr'>tionem.</span> 
     </span>
    </p>

    <p class='ocr_par' dir='ltr' id='par_1_8' title="bbox 104 1679 1202 3083">
     <span class='ocr_line' id='line_1_33' title="bbox 142 1679 1200 1723; baseline -0.005 -5"><span class='ocrx_word' id='word_1_216' title='bbox 142 1680 176 1723; x_wconf 59' lang='lat'>,2</span> <span class='ocrx_word' id='word_1_217' title='bbox 210 1682 405 1717; x_wconf 62' lang='lat' dir='ltr'>Urmzws</span> <span class='ocrx_word' id='word_1_218' title='bbox 433 1680 525 1716; x_wconf 84' lang='lat' dir='ltr'>libro</span> <span class='ocrx_word' id='word_1_219' title='bbox 558 1683 683 1716; x_wconf 85' lang='lat' dir='ltr'>octavo</span> <span class='ocrx_word' id='word_1_220' title='bbox 717 1681 855 1716; x_wconf 73' lang='lat' dir='ltr'>decimo</span> <span class='ocrx_word' id='word_1_221' title='bbox 889 1679 938 1715; x_wconf 86' lang='lat' dir='ltr'>ad</span> <span class='ocrx_word' id='word_1_222' title='bbox 961 1679 1114 1715; x_wconf 75' lang='lat' dir='ltr'>edictum</span> <span class='ocrx_word' id='word_1_223' title='bbox 1163 1679 1200 1714; x_wconf 88' lang='lat' dir='ltr'>Si</span> 
     </span>
     <span class='ocr_line' id='line_1_34' title="bbox 106 1725 1200 1767; baseline -0.003 -5"><span class='ocrx_word' id='word_1_224' title='bbox 106 1737 227 1763; x_wconf 88' lang='lat' dir='ltr'>servus</span> <span class='ocrx_word' id='word_1_225' title='bbox 252 1727 387 1762; x_wconf 83' lang='lat' dir='ltr'>sciente</span> <span class='ocrx_word' id='word_1_226' title='bbox 411 1726 553 1761; x_wconf 90' lang='lat' dir='ltr'>domino</span> <span class='ocrx_word' id='word_1_227' title='bbox 580 1726 729 1767; x_wconf 89' lang='lat' dir='ltr'>occidit,</span> <span class='ocrx_word' id='word_1_228' title='bbox 762 1726 800 1760; x_wconf 94' lang='lat' dir='ltr'>in</span> <span class='ocrx_word' id='word_1_229' title='bbox 833 1725 986 1760; x_wconf 90' lang='lat' dir='ltr'>solidum</span> <span class='ocrx_word' id='word_1_230' title='bbox 1018 1725 1200 1760; x_wconf 89' lang='lat' dir='ltr'>dominum</span> 
     </span>
     <span class='ocr_line' id='line_1_35' title="bbox 105 1770 1198 1817; baseline -0.003 -10"><span class='ocrx_word' id='word_1_231' title='bbox 105 1774 258 1817; x_wconf 82' lang='lat' dir='ltr'>obligat,</span> <span class='ocrx_word' id='word_1_232' title='bbox 282 1772 359 1817; x_wconf 89' lang='lat' dir='ltr'>ipse</span> <span class='ocrx_word' id='word_1_233' title='bbox 385 1771 477 1806; x_wconf 87' lang='lat' dir='ltr'>enim</span> <span class='ocrx_word' id='word_1_234' title='bbox 499 1771 641 1806; x_wconf 83' lang='lat' dir='ltr'>videtur</span> <span class='ocrx_word' id='word_1_235' title='bbox 664 1771 827 1806; x_wconf 91' lang='lat' dir='ltr'>dominus</span> <span class='ocrx_word' id='word_1_236' title='bbox 853 1770 1046 1806; x_wconf 88' lang='lat' dir='ltr'>occidisse:</span> <span class='ocrx_word' id='word_1_237' title='bbox 1080 1771 1110 1805; x_wconf 92' lang='lat' dir='ltr'>si</span> <span class='ocrx_word' id='word_1_238' title='bbox 1134 1781 1198 1805; x_wconf 90' lang='lat' dir='ltr'>au-</span> 
     </span>
     <span class='ocr_line' id='line_1_36' title="bbox 107 1816 1198 1859; baseline -0.002 -6"><span class='ocrx_word' id='word_1_239' title='bbox 107 1822 179 1853; x_wconf 89' lang='lat' dir='ltr'>tem</span> <span class='ocrx_word' id='word_1_240' title='bbox 202 1818 385 1859; x_wconf 85' lang='lat' dir='ltr'>insciente,</span> <span class='ocrx_word' id='word_1_241' title='bbox 411 1816 549 1852; x_wconf 90' lang='lat' dir='ltr'>noxalis</span> <span class='ocrx_word' id='word_1_242' title='bbox 575 1820 639 1858; x_wconf 91' lang='lat' dir='ltr'>est,</span> <span class='ocrx_word' id='word_1_243' title='bbox 665 1827 731 1851; x_wconf 92' lang='grc'>000</span> <span class='ocrx_word' id='word_1_244' title='bbox 757 1817 849 1851; x_wconf 90' lang='grc'><strong>00110</strong></span> <span class='ocrx_word' id='word_1_245' title='bbox 874 1816 998 1851; x_wconf 88' lang='lat' dir='ltr'>debuit</span> <span class='ocrx_word' id='word_1_246' title='bbox 1023 1825 1066 1850; x_wconf 88' lang='lat' dir='ltr'>ex</span> <span class='ocrx_word' id='word_1_247' title='bbox 1089 1816 1198 1851; x_wconf 91' lang='lat' dir='ltr'>male-</span> 
     </span>
     <span class='ocr_line' id='line_1_37' title="bbox 105 1861 1197 1907; baseline -0.003 -9"><span class='ocrx_word' id='word_1_248' title='bbox 105 1863 186 1898; x_wconf 90' lang='lat' dir='ltr'>ficio</span> <span class='ocrx_word' id='word_1_249' title='bbox 212 1863 302 1898; x_wconf 91' lang='lat' dir='ltr'>servi</span> <span class='ocrx_word' id='word_1_250' title='bbox 325 1863 363 1897; x_wconf 91' lang='grc'>10</span> <span class='ocrx_word' id='word_1_251' title='bbox 386 1862 467 1907; x_wconf 87' lang='grc'><strong>11103</strong></span> <span class='ocrx_word' id='word_1_252' title='bbox 491 1861 615 1903; x_wconf 90' lang='lat' dir='ltr'>teneri,</span> <span class='ocrx_word' id='word_1_253' title='bbox 641 1872 748 1906; x_wconf 90' lang='lat' dir='ltr'>quam</span> <span class='ocrx_word' id='word_1_254' title='bbox 770 1865 811 1896; x_wconf 90' lang='lat' dir='ltr'>ut</span> <span class='ocrx_word' id='word_1_255' title='bbox 835 1871 951 1896; x_wconf 84' lang='lat' dir='ltr'>noxae</span> <span class='ocrx_word' id='word_1_256' title='bbox 975 1871 1055 1895; x_wconf 91' lang='lat' dir='ltr'>eum</span> <span class='ocrx_word' id='word_1_257' title='bbox 1079 1861 1197 1896; x_wconf 89' lang='lat' dir='ltr'>dedat.</span> 
     </span>
     <span class='ocr_line' id='line_1_38' title="bbox 109 1907 1200 1953; baseline -0.001 -10"><span class='ocrx_word' id='word_1_258' title='bbox 109 1912 122 1943; x_wconf 89' lang='lat'>1</span> <span class='ocrx_word' id='word_1_259' title='bbox 173 1909 208 1943; x_wconf 92' lang='lat' dir='ltr'>Is</span> <span class='ocrx_word' id='word_1_260' title='bbox 241 1908 302 1953; x_wconf 84' lang='lat' dir='ltr'>qui</span> <span class='ocrx_word' id='word_1_261' title='bbox 333 1918 406 1943; x_wconf 90' lang='lat' dir='ltr'>non</span> <span class='ocrx_word' id='word_1_262' title='bbox 440 1907 641 1952; x_wconf 87' lang='lat' dir='ltr'>prohibuit,</span> <span class='ocrx_word' id='word_1_263' title='bbox 675 1907 747 1942; x_wconf 87' lang='lat' dir='ltr'>sive</span> <span class='ocrx_word' id='word_1_264' title='bbox 778 1907 942 1941; x_wconf 91' lang='lat' dir='ltr'>dominus</span> <span class='ocrx_word' id='word_1_265' title='bbox 974 1911 1096 1941; x_wconf 90' lang='lat' dir='ltr'>manet</span> <span class='ocrx_word' id='word_1_266' title='bbox 1127 1907 1200 1942; x_wconf 89' lang='lat' dir='ltr'>sive</span> 
     </span>
     <span class='ocr_line' id='line_1_39' title="bbox 105 1951 1201 1994; baseline -0.003 -5"><span class='ocrx_word' id='word_1_267' title='bbox 105 1954 210 1989; x_wconf 85' lang='lat' dir='ltr'>desiit</span> <span class='ocrx_word' id='word_1_268' title='bbox 248 1963 326 1988; x_wconf 90' lang='lat' dir='ltr'>esse</span> <span class='ocrx_word' id='word_1_269' title='bbox 365 1952 547 1994; x_wconf 90' lang='lat' dir='ltr'>dominus,</span> <span class='ocrx_word' id='word_1_270' title='bbox 587 1952 656 1987; x_wconf 90' lang='lat' dir='ltr'>hac</span> <span class='ocrx_word' id='word_1_271' title='bbox 692 1952 833 1987; x_wconf 91' lang='lat' dir='ltr'>actione</span> <span class='ocrx_word' id='word_1_272' title='bbox 868 1955 1028 1987; x_wconf 87' lang='lat' dir='ltr'>tenetur:</span> <span class='ocrx_word' id='word_1_273' title='bbox 1066 1951 1201 1987; x_wconf 89' lang='lat' dir='ltr'>sufficit</span> 
     </span>
     <span class='ocr_line' id='line_1_40' title="bbox 106 1997 1198 2042; baseline -0.002 -8"><span class='ocrx_word' id='word_1_274' title='bbox 106 1999 217 2042; x_wconf 90' lang='lat' dir='ltr'>enim,</span> <span class='ocrx_word' id='word_1_275' title='bbox 250 1999 281 2033; x_wconf 89' lang='lat' dir='ltr'>si</span> <span class='ocrx_word' id='word_1_276' title='bbox 305 2008 346 2033; x_wconf 93' lang='lat' dir='ltr'>eo</span> <span class='ocrx_word' id='word_1_277' title='bbox 371 2001 531 2042; x_wconf 89' lang='lat' dir='ltr'>tempore</span> <span class='ocrx_word' id='word_1_278' title='bbox 556 1997 739 2039; x_wconf 90' lang='lat' dir='ltr'>dominus,</span> <span class='ocrx_word' id='word_1_279' title='bbox 773 2008 843 2042; x_wconf 91' lang='lat' dir='ltr'>quo</span> <span class='ocrx_word' id='word_1_280' title='bbox 876 2008 950 2032; x_wconf 92' lang='lat' dir='ltr'>non</span> <span class='ocrx_word' id='word_1_281' title='bbox 973 1997 1164 2041; x_wconf 88' lang='lat' dir='ltr'>prohibeat</span> <span class='ocrx_word' id='word_1_282' title='bbox 1174 1999 1198 2040; x_wconf 96' lang='lat'>⁷,</span> 
     </span>
     <span class='ocr_line' id='line_1_41' title="bbox 104 2042 1199 2087; baseline -0.001 -8"><span class='ocrx_word' id='word_1_283' title='bbox 104 2045 193 2086; x_wconf 88' lang='lat' dir='ltr'>fuit,</span> <span class='ocrx_word' id='word_1_284' title='bbox 225 2044 263 2078; x_wconf 90' lang='lat' dir='ltr'>in</span> <span class='ocrx_word' id='word_1_285' title='bbox 286 2047 444 2085; x_wconf 90' lang='lat' dir='ltr'>tantum,</span> <span class='ocrx_word' id='word_1_286' title='bbox 480 2047 520 2077; x_wconf 90' lang='lat' dir='ltr'>ut</span> <span class='ocrx_word' id='word_1_287' title='bbox 545 2042 668 2077; x_wconf 89' lang='lat' dir='ltr'>Celsus</span> <span class='ocrx_word' id='word_1_288' title='bbox 692 2046 812 2087; x_wconf 86' lang='lat' dir='ltr'>putet,</span> <span class='ocrx_word' id='word_1_289' title='bbox 838 2042 869 2077; x_wconf 93' lang='lat' dir='ltr'>si</span> <span class='ocrx_word' id='word_1_290' title='bbox 891 2042 1001 2077; x_wconf 91' lang='lat' dir='ltr'>fuerit</span> <span class='ocrx_word' id='word_1_291' title='bbox 1024 2042 1199 2078; x_wconf 88' lang='lat' dir='ltr'>alienatus</span> 
     </span>
     <span class='ocr_line' id='line_1_42' title="bbox 105 2087 1200 2132; baseline -0.003 -7"><span class='ocrx_word' id='word_1_292' title='bbox 105 2100 228 2125; x_wconf 87' lang='lat' dir='ltr'>servus</span> <span class='ocrx_word' id='word_1_293' title='bbox 248 2090 285 2124; x_wconf 92' lang='grc'>10</span> <span class='ocrx_word' id='word_1_294' title='bbox 304 2092 419 2124; x_wconf 85' lang='grc'><strong>101001</strong></span> <span class='ocrx_word' id='word_1_295' title='bbox 439 2088 493 2123; x_wconf 94' lang='lat' dir='ltr'>vel</span> <span class='ocrx_word' id='word_1_296' title='bbox 511 2088 548 2122; x_wconf 92' lang='lat' dir='ltr'>in</span> <span class='ocrx_word' id='word_1_297' title='bbox 567 2092 706 2132; x_wconf 91' lang='lat' dir='ltr'>partem</span> <span class='ocrx_word' id='word_1_298' title='bbox 721 2088 777 2123; x_wconf 91' lang='lat' dir='ltr'>vel</span> <span class='ocrx_word' id='word_1_299' title='bbox 792 2087 1043 2129; x_wconf 85' lang='lat' dir='ltr'>manumissus,</span> <span class='ocrx_word' id='word_1_300' title='bbox 1069 2098 1200 2123; x_wconf 86' lang='lat' dir='ltr'>noxam</span> 
     </span>
     <span class='ocr_line' id='line_1_43' title="bbox 106 2133 1201 2185; baseline -0.001 -16"><span class='ocrx_word' id='word_1_301' title='bbox 106 2139 217 2179; x_wconf 88' lang='lat' dir='ltr'>caput</span> <span class='ocrx_word' id='word_1_302' title='bbox 240 2145 313 2169; x_wconf 89' lang='grc'><strong>11011</strong></span> <span class='ocrx_word' id='word_1_303' title='bbox 337 2133 456 2178; x_wconf 88' lang='lat' dir='ltr'>sequi:</span> <span class='ocrx_word' id='word_1_304' title='bbox 490 2143 573 2167; x_wconf 87' lang='lat' dir='ltr'>nam</span> <span class='ocrx_word' id='word_1_305' title='bbox 605 2143 745 2168; x_wconf 91' lang='lat' dir='ltr'>servum</span> <span class='ocrx_word' id='word_1_306' title='bbox 769 2133 857 2167; x_wconf 91' lang='lat' dir='ltr'>nihil</span> <span class='ocrx_word' id='word_1_307' title='bbox 881 2133 1089 2185; x_wconf 77' lang='lat' dir='ltr'>deliquisse,</span> <span class='ocrx_word' id='word_1_308' title='bbox 1115 2133 1201 2178; x_wconf 72' lang='grc' dir='ltr'>(101Θ</span> 
     </span>
     <span class='ocr_line' id='line_1_44' title="bbox 106 2178 1197 2224; baseline -0.001 -9"><span class='ocrx_word' id='word_1_309' title='bbox 106 2180 250 2215; x_wconf 89' lang='lat' dir='ltr'>domiuo</span> <span class='ocrx_word' id='word_1_310' title='bbox 273 2178 410 2214; x_wconf 89' lang='lat' dir='ltr'>iubenti</span> <span class='ocrx_word' id='word_1_311' title='bbox 434 2179 703 2224; x_wconf 88' lang='lat' dir='ltr'>obtemperavit.</span> <span class='ocrx_word' id='word_1_312' title='bbox 742 2182 778 2213; x_wconf 92' lang='lat' dir='ltr'>et</span> <span class='ocrx_word' id='word_1_313' title='bbox 801 2188 888 2213; x_wconf 87' lang='lat' dir='ltr'>sane</span> <span class='ocrx_word' id='word_1_314' title='bbox 911 2178 942 2213; x_wconf 91' lang='lat' dir='ltr'>si</span> <span class='ocrx_word' id='word_1_315' title='bbox 965 2178 1086 2220; x_wconf 89' lang='grc'><strong>1113311,</strong></span> <span class='ocrx_word' id='word_1_316' title='bbox 1132 2189 1197 2222; x_wconf 86' lang='grc'><strong>110-</strong></span> 
     </span>
     <span class='ocr_line' id='line_1_45' title="bbox 105 2224 1200 2269; baseline -0.001 -10"><span class='ocrx_word' id='word_1_317' title='bbox 105 2228 161 2259; x_wconf 77' lang='lat' dir='ltr'>test</span> <span class='ocrx_word' id='word_1_318' title='bbox 184 2225 253 2260; x_wconf 91' lang='lat' dir='ltr'>hoc</span> <span class='ocrx_word' id='word_1_319' title='bbox 277 2224 365 2259; x_wconf 86' lang='lat' dir='ltr'>dici:</span> <span class='ocrx_word' id='word_1_320' title='bbox 390 2224 420 2259; x_wconf 91' lang='lat' dir='ltr'>si</span> <span class='ocrx_word' id='word_1_321' title='bbox 444 2228 564 2259; x_wconf 90' lang='lat' dir='ltr'>autem</span> <span class='ocrx_word' id='word_1_322' title='bbox 587 2235 660 2259; x_wconf 92' lang='lat' dir='ltr'>non</span> <span class='ocrx_word' id='word_1_323' title='bbox 682 2224 877 2269; x_wconf 89' lang='lat' dir='ltr'>prohibuit,</span> <span class='ocrx_word' id='word_1_324' title='bbox 903 2224 1200 2268; x_wconf 88' lang='lat' dir='ltr'>quemadmodum</span> 
     </span>
     <span class='ocr_line' id='line_1_46' title="bbox 105 2269 1199 2305; baseline -0.002 0"><span class='ocrx_word' id='word_1_325' title='bbox 105 2270 242 2305; x_wconf 83' lang='lat' dir='ltr'>factum</span> <span class='ocrx_word' id='word_1_326' title='bbox 278 2270 370 2305; x_wconf 86' lang='lat' dir='ltr'>servi</span> <span class='ocrx_word' id='word_1_327' title='bbox 402 2269 677 2304; x_wconf 83' lang='lat' dir='ltr'>excusabimus?</span> <span class='ocrx_word' id='word_1_328' title='bbox 725 2269 849 2304; x_wconf 87' lang='lat' dir='ltr'>Celsus</span> <span class='ocrx_word' id='word_1_329' title='bbox 881 2272 1003 2304; x_wconf 89' lang='lat' dir='ltr'>tamen</span> <span class='ocrx_word' id='word_1_330' title='bbox 1036 2269 1199 2304; x_wconf 83' lang='lat' dir='ltr'>differen-</span> 
     </span>
     <span class='ocr_line' id='line_1_47' title="bbox 105 2314 1200 2359; baseline -0.001 -9"><span class='ocrx_word' id='word_1_331' title='bbox 105 2317 192 2350; x_wconf 89' lang='lat' dir='ltr'>tiam</span> <span class='ocrx_word' id='word_1_332' title='bbox 222 2315 311 2350; x_wconf 91' lang='lat' dir='ltr'>facit</span> <span class='ocrx_word' id='word_1_333' title='bbox 341 2315 434 2350; x_wconf 89' lang='lat' dir='ltr'>inter</span> <span class='ocrx_word' id='word_1_334' title='bbox 464 2315 576 2359; x_wconf 87' lang='lat' dir='ltr'>legem</span> <span class='ocrx_word' id='word_1_335' title='bbox 599 2314 778 2359; x_wconf 88' lang='lat' dir='ltr'>Aquiliam</span> <span class='ocrx_word' id='word_1_336' title='bbox 810 2318 846 2349; x_wconf 89' lang='lat' dir='ltr'>et</span> <span class='ocrx_word' id='word_1_337' title='bbox 876 2315 988 2359; x_wconf 85' lang='lat' dir='ltr'>legem</span> <span class='ocrx_word' id='word_1_338' title='bbox 1013 2314 1200 2349; x_wconf 87' lang='lat' dir='ltr'>duodecim</span> 
     </span>
     <span class='ocr_line' id='line_1_48' title="bbox 105 2360 1200 2405; baseline -0.001 -9"><span class='ocrx_word' id='word_1_339' title='bbox 105 2361 328 2396; x_wconf 82' lang='lat' dir='ltr'>tabularum:</span> <span class='ocrx_word' id='word_1_340' title='bbox 362 2371 445 2395; x_wconf 89' lang='lat' dir='ltr'>nam</span> <span class='ocrx_word' id='word_1_341' title='bbox 474 2361 512 2395; x_wconf 91' lang='lat' dir='ltr'>in</span> <span class='ocrx_word' id='word_1_342' title='bbox 542 2360 618 2404; x_wconf 88' lang='lat' dir='ltr'>lege</span> <span class='ocrx_word' id='word_1_343' title='bbox 650 2360 815 2405; x_wconf 90' lang='lat' dir='ltr'>antiqua,</span> <span class='ocrx_word' id='word_1_344' title='bbox 850 2360 880 2394; x_wconf 91' lang='lat' dir='ltr'>si</span> <span class='ocrx_word' id='word_1_345' title='bbox 911 2370 1032 2395; x_wconf 89' lang='lat' dir='ltr'>servus</span> <span class='ocrx_word' id='word_1_346' title='bbox 1066 2360 1200 2395; x_wconf 85' lang='lat' dir='ltr'>sciente</span> 
     </span>
     <span class='ocr_line' id='line_1_49' title="bbox 106 2405 1200 2447; baseline -0.001 -6"><span class='ocrx_word' id='word_1_347' title='bbox 106 2407 248 2442; x_wconf 90' lang='lat' dir='ltr'>domino</span> <span class='ocrx_word' id='word_1_348' title='bbox 273 2405 408 2440; x_wconf 90' lang='lat' dir='ltr'>furtum</span> <span class='ocrx_word' id='word_1_349' title='bbox 432 2405 518 2441; x_wconf 91' lang='grc'><strong>10011</strong></span> <span class='ocrx_word' id='word_1_350' title='bbox 541 2406 595 2440; x_wconf 90' lang='lat' dir='ltr'>vel</span> <span class='ocrx_word' id='word_1_351' title='bbox 619 2406 724 2440; x_wconf 83' lang='lat' dir='ltr'>aliam</span> <span class='ocrx_word' id='word_1_352' title='bbox 749 2415 879 2440; x_wconf 87' lang='lat' dir='ltr'>noxam</span> <span class='ocrx_word' id='word_1_353' title='bbox 896 2405 1082 2447; x_wconf 84' lang='lat' dir='ltr'>commisit,</span> <span class='ocrx_word' id='word_1_354' title='bbox 1109 2406 1200 2440; x_wconf 89' lang='lat' dir='ltr'>servi</span> 
     </span>
     <span class='ocr_line' id='line_1_50' title="bbox 106 2450 1200 2486; baseline 0 0"><span class='ocrx_word' id='word_1_355' title='bbox 106 2452 248 2486; x_wconf 91' lang='lat' dir='ltr'>nomine</span> <span class='ocrx_word' id='word_1_356' title='bbox 279 2451 373 2486; x_wconf 89' lang='grc'><strong>00110</strong></span> <span class='ocrx_word' id='word_1_357' title='bbox 407 2455 462 2486; x_wconf 86' lang='grc'>031</span> <span class='ocrx_word' id='word_1_358' title='bbox 492 2451 631 2485; x_wconf 91' lang='lat' dir='ltr'>noxalis</span> <span class='ocrx_word' id='word_1_359' title='bbox 663 2461 730 2485; x_wconf 90' lang='lat' dir='ltr'>nec</span> <span class='ocrx_word' id='word_1_360' title='bbox 764 2450 927 2485; x_wconf 90' lang='lat' dir='ltr'>dominus</span> <span class='ocrx_word' id='word_1_361' title='bbox 960 2461 1025 2486; x_wconf 90' lang='lat' dir='ltr'>suo</span> <span class='ocrx_word' id='word_1_362' title='bbox 1057 2451 1200 2486; x_wconf 90' lang='lat' dir='ltr'>nomine</span> 
     </span>
     <span class='ocr_line' id='line_1_51' title="bbox 106 2496 1198 2541; baseline 0 -10"><span class='ocrx_word' id='word_1_363' title='bbox 106 2502 266 2538; x_wconf 89' lang='lat' dir='ltr'>tenetur,</span> <span class='ocrx_word' id='word_1_364' title='bbox 291 2500 329 2531; x_wconf 88' lang='lat' dir='ltr'>at</span> <span class='ocrx_word' id='word_1_365' title='bbox 351 2497 388 2531; x_wconf 93' lang='grc'>10</span> <span class='ocrx_word' id='word_1_366' title='bbox 412 2497 487 2541; x_wconf 87' lang='lat' dir='ltr'>lege</span> <span class='ocrx_word' id='word_1_367' title='bbox 510 2496 671 2541; x_wconf 88' lang='lat' dir='ltr'>Aquilia,</span> <span class='ocrx_word' id='word_1_368' title='bbox 696 2496 829 2540; x_wconf 85' lang='lat' dir='ltr'>inquit,</span> <span class='ocrx_word' id='word_1_369' title='bbox 855 2496 1019 2531; x_wconf 92' lang='lat' dir='ltr'>dominus</span> <span class='ocrx_word' id='word_1_370' title='bbox 1044 2506 1109 2531; x_wconf 91' lang='lat' dir='ltr'>suo</span> <span class='ocrx_word' id='word_1_371' title='bbox 1134 2507 1198 2531; x_wconf 92' lang='grc'>00-</span> 
     </span>
     <span class='ocr_line' id='line_1_52' title="bbox 107 2541 1198 2586; baseline -0.001 -9"><span class='ocrx_word' id='word_1_372' title='bbox 107 2542 199 2577; x_wconf 90' lang='lat' dir='ltr'>mine</span> <span class='ocrx_word' id='word_1_373' title='bbox 230 2546 389 2584; x_wconf 77' lang='lat' dir='ltr'>tenetur,</span> <span class='ocrx_word' id='word_1_374' title='bbox 423 2552 495 2576; x_wconf 90' lang='lat' dir='ltr'>non</span> <span class='ocrx_word' id='word_1_375' title='bbox 527 2542 629 2576; x_wconf 85' lang='lat' dir='ltr'>servi.</span> <span class='ocrx_word' id='word_1_376' title='bbox 666 2541 853 2586; x_wconf 90' lang='lat' dir='ltr'>utriusque</span> <span class='ocrx_word' id='word_1_377' title='bbox 883 2541 970 2586; x_wconf 87' lang='lat' dir='ltr'>legis</span> <span class='ocrx_word' id='word_1_378' title='bbox 1000 2541 1119 2576; x_wconf 87' lang='lat' dir='ltr'>reddit</span> <span class='ocrx_word' id='word_1_379' title='bbox 1141 2552 1198 2576; x_wconf 90' lang='lat' dir='ltr'>ra-</span> 
     </span>
     <span class='ocr_line' id='line_1_53' title="bbox 106 2586 1199 2631; baseline 0 -9"><span class='ocrx_word' id='word_1_380' title='bbox 106 2588 256 2629; x_wconf 88' lang='lat' dir='ltr'>tionem,</span> <span class='ocrx_word' id='word_1_381' title='bbox 289 2587 476 2622; x_wconf 88' lang='lat' dir='ltr'>duodecim</span> <span class='ocrx_word' id='word_1_382' title='bbox 507 2587 730 2628; x_wconf 89' lang='lat' dir='ltr'>tabularum,</span> <span class='ocrx_word' id='word_1_383' title='bbox 763 2586 867 2631; x_wconf 90' lang='lat' dir='ltr'>quasi</span> <span class='ocrx_word' id='word_1_384' title='bbox 896 2587 1048 2621; x_wconf 90' lang='lat' dir='ltr'>voluerit</span> <span class='ocrx_word' id='word_1_385' title='bbox 1078 2597 1199 2622; x_wconf 88' lang='lat' dir='ltr'>servos</span> 
     </span>
     <span class='ocr_line' id='line_1_54' title="bbox 107 2632 1200 2677; baseline -0.001 -9"><span class='ocrx_word' id='word_1_386' title='bbox 107 2633 257 2668; x_wconf 90' lang='lat' dir='ltr'>dominis</span> <span class='ocrx_word' id='word_1_387' title='bbox 282 2633 319 2667; x_wconf 93' lang='lat' dir='ltr'>in</span> <span class='ocrx_word' id='word_1_388' title='bbox 342 2633 411 2667; x_wconf 90' lang='lat' dir='ltr'>hac</span> <span class='ocrx_word' id='word_1_389' title='bbox 434 2643 474 2667; x_wconf 92' lang='lat' dir='ltr'>re</span> <span class='ocrx_word' id='word_1_390' title='bbox 498 2643 571 2667; x_wconf 90' lang='lat' dir='ltr'>non</span> <span class='ocrx_word' id='word_1_391' title='bbox 595 2632 861 2676; x_wconf 89' lang='lat' dir='ltr'>obtemperare,</span> <span class='ocrx_word' id='word_1_392' title='bbox 886 2632 1071 2676; x_wconf 87' lang='lat' dir='ltr'>Aquiliae,</span> <span class='ocrx_word' id='word_1_393' title='bbox 1097 2633 1200 2677; x_wconf 89' lang='lat' dir='ltr'>quasi</span> 
     </span>
     <span class='ocr_line' id='line_1_55' title="bbox 107 2677 1199 2722; baseline 0 -10"><span class='ocrx_word' id='word_1_394' title='bbox 107 2678 304 2722; x_wconf 84' lang='lat' dir='ltr'>ignoverit⁹</span> <span class='ocrx_word' id='word_1_395' title='bbox 329 2688 440 2720; x_wconf 90' lang='lat' dir='ltr'>servo,</span> <span class='ocrx_word' id='word_1_396' title='bbox 466 2678 526 2722; x_wconf 91' lang='lat' dir='ltr'>qui</span> <span class='ocrx_word' id='word_1_397' title='bbox 552 2677 693 2712; x_wconf 92' lang='lat' dir='ltr'>domino</span> <span class='ocrx_word' id='word_1_398' title='bbox 718 2677 850 2721; x_wconf 90' lang='lat' dir='ltr'>paruit,</span> <span class='ocrx_word' id='word_1_399' title='bbox 875 2677 1055 2722; x_wconf 87' lang='lat' dir='ltr'>periturus</span> <span class='ocrx_word' id='word_1_400' title='bbox 1080 2677 1199 2712; x_wconf 89' lang='lat' dir='ltr'>sinon</span> 
     </span>
     <span class='ocr_line' id='line_1_56' title="bbox 106 2722 1199 2767; baseline -0.001 -9"><span class='ocrx_word' id='word_1_401' title='bbox 106 2723 260 2758; x_wconf 85' lang='lat' dir='ltr'>fecisset.</span> <span class='ocrx_word' id='word_1_402' title='bbox 298 2722 362 2758; x_wconf 92' lang='lat' dir='ltr'>sed</span> <span class='ocrx_word' id='word_1_403' title='bbox 385 2723 415 2757; x_wconf 92' lang='lat' dir='ltr'>si</span> <span class='ocrx_word' id='word_1_404' title='bbox 438 2723 591 2767; x_wconf 87' lang='lat' dir='ltr'>placeat,</span> <span class='ocrx_word' id='word_1_405' title='bbox 616 2722 714 2767; x_wconf 90' lang='lat' dir='ltr'>quod</span> <span class='ocrx_word' id='word_1_406' title='bbox 733 2722 892 2756; x_wconf 86' lang='lat' dir='ltr'>Iulianus</span> <span class='ocrx_word' id='word_1_407' title='bbox 916 2722 1005 2757; x_wconf 89' lang='lat' dir='ltr'>libro</span> <span class='ocrx_word' id='word_1_408' title='bbox 1031 2725 1199 2767; x_wconf 85' lang='lat' dir='ltr'>octagen-</span> 
     </span>
     <span class='ocr_line' id='line_1_57' title="bbox 107 2766 1200 2803; baseline 0 0"><span class='ocrx_word' id='word_1_409' title='bbox 107 2769 195 2803; x_wconf 91' lang='lat' dir='ltr'>simo</span> <span class='ocrx_word' id='word_1_410' title='bbox 228 2772 328 2803; x_wconf 87' lang='lat' dir='ltr'>sexto</span> <span class='ocrx_word' id='word_1_411' title='bbox 362 2768 485 2803; x_wconf 90' lang='lat' dir='ltr'>scribit</span> <span class='ocrx_word' id='word_1_412' title='bbox 509 2768 550 2802; x_wconf 87' lang='lat' dir='ltr'>‘si</span> <span class='ocrx_word' id='word_1_413' title='bbox 575 2778 698 2802; x_wconf 88' lang='lat' dir='ltr'>servus</span> <span class='ocrx_word' id='word_1_414' title='bbox 722 2766 858 2801; x_wconf 88' lang='lat' dir='ltr'>furtum</span> <span class='ocrx_word' id='word_1_415' title='bbox 888 2766 980 2801; x_wconf 84' lang='lat' dir='ltr'>faxit</span> <span class='ocrx_word' id='word_1_416' title='bbox 1012 2768 1200 2803; x_wconf 82' lang='lat' dir='ltr'>noxiamve</span> 
     </span>
     <span class='ocr_line' id='line_1_58' title="bbox 108 2812 1201 2857; baseline 0 -10"><span class='ocrx_word' id='word_1_417' title='bbox 108 2813 241 2848; x_wconf 86' lang='lat' dir='ltr'>nocuit’</span> <span class='ocrx_word' id='word_1_418' title='bbox 267 2813 373 2847; x_wconf 89' lang='lat' dir='ltr'>etiam</span> <span class='ocrx_word' id='word_1_419' title='bbox 398 2813 444 2847; x_wconf 89' lang='lat' dir='ltr'>ad</span> <span class='ocrx_word' id='word_1_420' title='bbox 467 2813 681 2857; x_wconf 88' lang='lat' dir='ltr'>posteriores</span> <span class='ocrx_word' id='word_1_421' title='bbox 713 2813 808 2856; x_wconf 85' lang='lat' dir='ltr'>leges</span> <span class='ocrx_word' id='word_1_422' title='bbox 839 2812 1036 2857; x_wconf 90' lang='lat' dir='ltr'>pertinere,</span> <span class='ocrx_word' id='word_1_423' title='bbox 1068 2814 1201 2857; x_wconf 90' lang='lat' dir='ltr'>poterit</span> 
     </span>
     <span class='ocr_line' id='line_1_59' title="bbox 107 2857 1201 2902; baseline -0.001 -9"><span class='ocrx_word' id='word_1_424' title='bbox 107 2858 179 2893; x_wconf 87' lang='lat' dir='ltr'>dici</span> <span class='ocrx_word' id='word_1_425' title='bbox 203 2858 309 2893; x_wconf 91' lang='lat' dir='ltr'>etiam</span> <span class='ocrx_word' id='word_1_426' title='bbox 333 2858 425 2893; x_wconf 88' lang='lat' dir='ltr'>servi</span> <span class='ocrx_word' id='word_1_427' title='bbox 448 2858 590 2893; x_wconf 88' lang='lat' dir='ltr'>nomine</span> <span class='ocrx_word' id='word_1_428' title='bbox 615 2869 696 2893; x_wconf 91' lang='lat' dir='ltr'>cum</span> <span class='ocrx_word' id='word_1_429' title='bbox 715 2857 857 2892; x_wconf 91' lang='lat' dir='ltr'>domino</span> <span class='ocrx_word' id='word_1_430' title='bbox 879 2857 935 2902; x_wconf 85' lang='lat' dir='ltr'>agi</span> <span class='ocrx_word' id='word_1_431' title='bbox 955 2868 1062 2901; x_wconf 90' lang='lat' dir='ltr'>posse</span> <span class='ocrx_word' id='word_1_432' title='bbox 1081 2859 1201 2892; x_wconf 85' lang='lat' dir='ltr'>noxali</span> 
     </span>
     <span class='ocr_line' id='line_1_60' title="bbox 107 2902 1199 2948; baseline -0.001 -10"><span class='ocrx_word' id='word_1_433' title='bbox 107 2903 258 2944; x_wconf 88' lang='lat' dir='ltr'>iudicio,</span> <span class='ocrx_word' id='word_1_434' title='bbox 298 2907 338 2937; x_wconf 92' lang='lat' dir='ltr'>ut</span> <span class='ocrx_word' id='word_1_435' title='bbox 369 2903 465 2948; x_wconf 92' lang='lat' dir='ltr'>quod</span> <span class='ocrx_word' id='word_1_436' title='bbox 497 2903 599 2938; x_wconf 90' lang='lat' dir='ltr'>detur</span> <span class='ocrx_word' id='word_1_437' title='bbox 629 2903 773 2947; x_wconf 89' lang='lat' dir='ltr'>Aquilia</span> <span class='ocrx_word' id='word_1_438' title='bbox 806 2902 975 2937; x_wconf 90' lang='lat' dir='ltr'>adversus</span> <span class='ocrx_word' id='word_1_439' title='bbox 1008 2903 1199 2946; x_wconf 90' lang='lat' dir='ltr'>dominum,</span> 
     </span>
     <span class='ocr_line' id='line_1_61' title="bbox 108 2948 1201 2990; baseline -0.001 -7"><span class='ocrx_word' id='word_1_440' title='bbox 108 2960 181 2983; x_wconf 90' lang='lat' dir='ltr'>non</span> <span class='ocrx_word' id='word_1_441' title='bbox 201 2959 338 2983; x_wconf 84' lang='lat' dir='ltr'>servum</span> <span class='ocrx_word' id='word_1_442' title='bbox 359 2952 515 2990; x_wconf 89' lang='lat' dir='ltr'>excuset,</span> <span class='ocrx_word' id='word_1_443' title='bbox 541 2948 604 2983; x_wconf 89' lang='lat' dir='ltr'>sed</span> <span class='ocrx_word' id='word_1_444' title='bbox 624 2949 804 2983; x_wconf 91' lang='lat' dir='ltr'>dominum</span> <span class='ocrx_word' id='word_1_445' title='bbox 825 2952 958 2982; x_wconf 89' lang='lat' dir='ltr'>oneret.</span> <span class='ocrx_word' id='word_1_446' title='bbox 995 2959 1061 2983; x_wconf 93' lang='lat' dir='ltr'>nos</span> <span class='ocrx_word' id='word_1_447' title='bbox 1082 2952 1201 2983; x_wconf 88' lang='lat' dir='ltr'>autem</span> 
     </span>
     <span class='ocr_line' id='line_1_62' title="bbox 107 2993 1202 3038; baseline 0 -10"><span class='ocrx_word' id='word_1_448' title='bbox 107 2994 305 3029; x_wconf 89' lang='lat' dir='ltr'>secundum</span> <span class='ocrx_word' id='word_1_449' title='bbox 324 2994 500 3028; x_wconf 91' lang='lat' dir='ltr'>Iulianum</span> <span class='ocrx_word' id='word_1_450' title='bbox 520 2994 758 3038; x_wconf 92' lang='lat' dir='ltr'>probavimus,</span> <span class='ocrx_word' id='word_1_451' title='bbox 785 3003 877 3038; x_wconf 89' lang='lat' dir='ltr'>quae</span> <span class='ocrx_word' id='word_1_452' title='bbox 896 2993 1073 3028; x_wconf 86' lang='lat' dir='ltr'>sententia</span> <span class='ocrx_word' id='word_1_453' title='bbox 1091 2994 1202 3029; x_wconf 88' lang='lat' dir='ltr'>habet</span> 
     </span>
     <span class='ocr_line' id='line_1_63' title="bbox 108 3039 1115 3083; baseline 0 -10"><span class='ocrx_word' id='word_1_454' title='bbox 108 3039 281 3074; x_wconf 90' lang='lat' dir='ltr'>rationem</span> <span class='ocrx_word' id='word_1_455' title='bbox 307 3042 342 3073; x_wconf 92' lang='lat' dir='ltr'>et</span> <span class='ocrx_word' id='word_1_456' title='bbox 365 3049 387 3073; x_wconf 88' lang='lat' dir='ltr'>a</span> <span class='ocrx_word' id='word_1_457' title='bbox 410 3039 583 3074; x_wconf 89' lang='lat' dir='ltr'>Marcello</span> <span class='ocrx_word' id='word_1_458' title='bbox 608 3039 705 3083; x_wconf 86' lang='lat' dir='ltr'>apud</span> <span class='ocrx_word' id='word_1_459' title='bbox 728 3039 906 3073; x_wconf 89' lang='lat' dir='ltr'>Iulianum</span> <span class='ocrx_word' id='word_1_460' title='bbox 929 3039 1115 3083; x_wconf 91' lang='lat' dir='ltr'>probatur.</span> 
     </span>
    </p>

    <p class='ocr_par' dir='ltr' id='par_1_9' title="bbox 109 3082 1201 3309">
     <span class='ocr_line' id='line_1_64' title="bbox 155 3082 1200 3120; baseline 0 -1"><span class='ocrx_word' id='word_1_461' title='bbox 155 3082 178 3120; x_wconf 90' lang='lat'><strong>3</strong></span> <span class='ocrx_word' id='word_1_462' title='bbox 204 3083 312 3119; x_wconf 84' lang='lat' dir='ltr'><em>IDEM</em></span> <span class='ocrx_word' id='word_1_463' title='bbox 330 3083 421 3119; x_wconf 78' lang='lat' dir='ltr'>libro</span> <span class='ocrx_word' id='word_1_464' title='bbox 446 3085 549 3119; x_wconf 77' lang='lat' dir='ltr'>tertio</span> <span class='ocrx_word' id='word_1_465' title='bbox 574 3084 624 3119; x_wconf 82' lang='lat' dir='ltr'>ad</span> <span class='ocrx_word' id='word_1_466' title='bbox 641 3084 796 3119; x_wconf 79' lang='lat' dir='ltr'>edictum</span> <span class='ocrx_word' id='word_1_467' title='bbox 842 3084 883 3118; x_wconf 92' lang='lat' dir='ltr'>In</span> <span class='ocrx_word' id='word_1_468' title='bbox 904 3084 1068 3119; x_wconf 86' lang='lat' dir='ltr'>omnibus</span> <span class='ocrx_word' id='word_1_469' title='bbox 1088 3095 1200 3119; x_wconf 90' lang='lat' dir='ltr'>noxa-</span> 
     </span>
     <span class='ocr_line' id='line_1_65' title="bbox 109 3128 1199 3174; baseline 0.001 -11"><span class='ocrx_word' id='word_1_470' title='bbox 109 3129 200 3163; x_wconf 89' lang='lat' dir='ltr'>libus</span> <span class='ocrx_word' id='word_1_471' title='bbox 225 3128 439 3171; x_wconf 88' lang='lat' dir='ltr'>actionibus,</span> <span class='ocrx_word' id='word_1_472' title='bbox 463 3130 679 3174; x_wconf 91' lang='lat' dir='ltr'>ubicumque</span> <span class='ocrx_word' id='word_1_473' title='bbox 703 3129 854 3164; x_wconf 87' lang='lat' dir='ltr'>scientia</span> <span class='ocrx_word' id='word_1_474' title='bbox 878 3129 1031 3174; x_wconf 86' lang='lat' dir='ltr'>exigitur</span> <span class='ocrx_word' id='word_1_475' title='bbox 1054 3129 1199 3172; x_wconf 89' lang='lat' dir='ltr'>domini,</span> 
     </span>
     <span class='ocr_line' id='line_1_66' title="bbox 109 3173 1201 3219; baseline 0.001 -11"><span class='ocrx_word' id='word_1_476' title='bbox 109 3174 161 3208; x_wconf 93' lang='lat' dir='ltr'>sic</span> <span class='ocrx_word' id='word_1_477' title='bbox 194 3173 404 3218; x_wconf 85' lang='lat' dir='ltr'>accipienda</span> <span class='ocrx_word' id='word_1_478' title='bbox 436 3177 508 3216; x_wconf 91' lang='lat' dir='ltr'>est,</span> <span class='ocrx_word' id='word_1_479' title='bbox 540 3174 589 3214; x_wconf 88' lang='lat' dir='ltr'>si,</span> <span class='ocrx_word' id='word_1_480' title='bbox 621 3185 703 3209; x_wconf 91' lang='lat' dir='ltr'>cum</span> <span class='ocrx_word' id='word_1_481' title='bbox 733 3174 923 3219; x_wconf 87' lang='lat' dir='ltr'>prohibere</span> <span class='ocrx_word' id='word_1_482' title='bbox 953 3179 1095 3219; x_wconf 90' lang='lat' dir='ltr'>posset,</span> <span class='ocrx_word' id='word_1_483' title='bbox 1129 3186 1201 3210; x_wconf 90' lang='lat' dir='ltr'>non</span> 
     </span>
     <span class='ocr_line' id='line_1_67' title="bbox 109 3218 1197 3263; baseline 0.002 -10"><span class='ocrx_word' id='word_1_484' title='bbox 109 3219 308 3263; x_wconf 89' lang='lat' dir='ltr'>prohibuit:</span> <span class='ocrx_word' id='word_1_485' title='bbox 334 3218 432 3253; x_wconf 88' lang='lat' dir='ltr'>aliud</span> <span class='ocrx_word' id='word_1_486' title='bbox 457 3223 511 3254; x_wconf 90' lang='lat' dir='ltr'>est</span> <span class='ocrx_word' id='word_1_487' title='bbox 535 3220 628 3254; x_wconf 89' lang='lat' dir='ltr'>enim</span> <span class='ocrx_word' id='word_1_488' title='bbox 652 3223 835 3254; x_wconf 82' lang='lat' dir='ltr'>auctorem</span> <span class='ocrx_word' id='word_1_489' title='bbox 859 3230 936 3255; x_wconf 92' lang='lat' dir='ltr'>esse</span> <span class='ocrx_word' id='word_1_490' title='bbox 960 3229 1060 3255; x_wconf 89' lang='lat' dir='ltr'>servo</span> <span class='ocrx_word' id='word_1_491' title='bbox 1087 3220 1197 3255; x_wconf 91' lang='lat' dir='ltr'>delin-</span> 
     </span>
     <span class='ocr_line' id='line_1_68' title="bbox 109 3264 702 3309; baseline 0.003 -12"><span class='ocrx_word' id='word_1_492' title='bbox 109 3264 242 3307; x_wconf 86' lang='lat' dir='ltr'>quenti,</span> <span class='ocrx_word' id='word_1_493' title='bbox 267 3264 364 3298; x_wconf 88' lang='lat' dir='ltr'>aliud</span> <span class='ocrx_word' id='word_1_494' title='bbox 387 3264 464 3309; x_wconf 89' lang='lat' dir='ltr'>pati</span> <span class='ocrx_word' id='word_1_495' title='bbox 488 3264 702 3308; x_wconf 89' lang='lat' dir='ltr'>delinquere.</span> 
     </span>
    </p>

    <p class='ocr_par' dir='ltr' id='par_1_10' title="bbox 109 3307 1201 3534">
     <span class='ocr_line' id='line_1_69' title="bbox 157 3307 1199 3345; baseline 0.001 -1"><span class='ocrx_word' id='word_1_496' title='bbox 157 3307 181 3344; x_wconf 83' lang='lat'>4</span> <span class='ocrx_word' id='word_1_497' title='bbox 206 3308 365 3343; x_wconf 53' lang='lat' dir='ltr'>Panos</span> <span class='ocrx_word' id='word_1_498' title='bbox 385 3309 475 3344; x_wconf 78' lang='lat' dir='ltr'>libro</span> <span class='ocrx_word' id='word_1_499' title='bbox 501 3310 605 3344; x_wconf 76' lang='lat' dir='ltr'>tertio</span> <span class='ocrx_word' id='word_1_500' title='bbox 630 3309 680 3344; x_wconf 85' lang='lat' dir='ltr'>ad</span> <span class='ocrx_word' id='word_1_501' title='bbox 701 3309 856 3344; x_wconf 81' lang='lat' dir='ltr'>edictum</span> <span class='ocrx_word' id='word_1_502' title='bbox 902 3310 945 3344; x_wconf 92' lang='lat' dir='ltr'>In</span> <span class='ocrx_word' id='word_1_503' title='bbox 969 3309 1107 3345; x_wconf 89' lang='lat' dir='ltr'>delictis</span> <span class='ocrx_word' id='word_1_504' title='bbox 1125 3320 1199 3345; x_wconf 92' lang='lat' dir='ltr'>ser-</span> 
     </span>
     <span class='ocr_line' id='line_1_70' title="bbox 110 3353 1201 3399; baseline 0.003 -12"><span class='ocrx_word' id='word_1_505' title='bbox 110 3364 234 3388; x_wconf 91' lang='lat' dir='ltr'>vorum</span> <span class='ocrx_word' id='word_1_506' title='bbox 257 3354 406 3388; x_wconf 88' lang='lat' dir='ltr'>scientia</span> <span class='ocrx_word' id='word_1_507' title='bbox 425 3353 558 3389; x_wconf 91' lang='lat' dir='ltr'>domini</span> <span class='ocrx_word' id='word_1_508' title='bbox 577 3353 873 3398; x_wconf 87' lang='lat' dir='ltr'>quemadmodum</span> <span class='ocrx_word' id='word_1_509' title='bbox 893 3355 1102 3399; x_wconf 86' lang='lat' dir='ltr'>accipienda</span> <span class='ocrx_word' id='word_1_510' title='bbox 1121 3356 1201 3390; x_wconf 82' lang='lat' dir='ltr'>est?</span> 
     </span>
     <span class='ocr_line' id='line_1_71' title="bbox 109 3399 1199 3445; baseline 0.002 -13"><span class='ocrx_word' id='word_1_511' title='bbox 109 3402 231 3432; x_wconf 86' lang='lat' dir='ltr'>utrum</span> <span class='ocrx_word' id='word_1_512' title='bbox 255 3409 336 3433; x_wconf 92' lang='lat' dir='ltr'>cum</span> <span class='ocrx_word' id='word_1_513' title='bbox 360 3399 534 3434; x_wconf 87' lang='lat' dir='ltr'>consilio?</span> <span class='ocrx_word' id='word_1_514' title='bbox 565 3409 612 3433; x_wconf 89' lang='lat' dir='ltr'>an</span> <span class='ocrx_word' id='word_1_515' title='bbox 636 3403 672 3433; x_wconf 88' lang='lat' dir='ltr'>et</span> <span class='ocrx_word' id='word_1_516' title='bbox 695 3399 726 3434; x_wconf 91' lang='lat' dir='ltr'>si</span> <span class='ocrx_word' id='word_1_517' title='bbox 748 3399 875 3434; x_wconf 87' lang='lat' dir='ltr'>viderit</span> <span class='ocrx_word' id='word_1_518' title='bbox 898 3403 1050 3441; x_wconf 87' lang='lat' dir='ltr'>tantum,</span> <span class='ocrx_word' id='word_1_519' title='bbox 1076 3411 1199 3445; x_wconf 89' lang='lat' dir='ltr'>quam-</span> 
     </span>
     <span class='ocr_line' id='line_1_72' title="bbox 110 3441 1199 3489; baseline 0.002 -13"><span class='ocrx_word' id='word_1_520' title='bbox 110 3443 162 3477; x_wconf 87' lang='lat' dir='ltr'>vis</span> <span class='ocrx_word' id='word_1_521' title='bbox 187 3443 375 3486; x_wconf 88' lang='lat' dir='ltr'>prohibere</span> <span class='ocrx_word' id='word_1_522' title='bbox 397 3454 469 3478; x_wconf 90' lang='grc'>000</span> <span class='ocrx_word' id='word_1_523' title='bbox 492 3441 675 3489; x_wconf 80' lang='lat' dir='ltr'>potue‘rit‘?</span> <span class='ocrx_word' id='word_1_524' title='bbox 711 3444 796 3488; x_wconf 92' lang='lat' dir='ltr'>quid</span> <span class='ocrx_word' id='word_1_525' title='bbox 828 3444 920 3479; x_wconf 91' lang='lat' dir='ltr'>enim</span> <span class='ocrx_word' id='word_1_526' title='bbox 955 3445 985 3480; x_wconf 91' lang='lat' dir='ltr'>si</span> <span class='ocrx_word' id='word_1_527' title='bbox 1016 3445 1062 3479; x_wconf 91' lang='lat' dir='ltr'>ad</span> <span class='ocrx_word' id='word_1_528' title='bbox 1093 3445 1199 3480; x_wconf 90' lang='lat' dir='ltr'>liber-</span> 
     </span>
     <span class='ocr_line' id='line_1_73' title="bbox 110 3488 1199 3534; baseline 0.002 -13"><span class='ocrx_word' id='word_1_529' title='bbox 110 3491 221 3522; x_wconf 87' lang='lat' dir='ltr'>tatem</span> <span class='ocrx_word' id='word_1_530' title='bbox 244 3488 470 3531; x_wconf 86' lang='lat' dir='ltr'>proclamans</span> <span class='ocrx_word' id='word_1_531' title='bbox 495 3488 637 3524; x_wconf 93' lang='lat' dir='ltr'>domino</span> <span class='ocrx_word' id='word_1_532' title='bbox 662 3489 797 3524; x_wconf 86' lang='lat' dir='ltr'>sciente</span> <span class='ocrx_word' id='word_1_533' title='bbox 819 3489 931 3524; x_wconf 86' lang='lat' dir='ltr'>faciat</span> <span class='ocrx_word' id='word_1_534' title='bbox 950 3493 1014 3525; x_wconf 91' lang='lat' dir='ltr'>aut</span> <span class='ocrx_word' id='word_1_535' title='bbox 1034 3490 1095 3534; x_wconf 89' lang='lat' dir='ltr'>qui</span> <span class='ocrx_word' id='word_1_536' title='bbox 1114 3501 1199 3524; x_wconf 90' lang='grc'><strong>0011-</strong></span> 
     </span>
    </p>
   </div>
   <div class='ocr_carea' id='block_1_6' title="bbox 405 3588 1207 3690">
    <p class='ocr_par' dir='ltr' id='par_1_11' title="bbox 405 3588 1207 3690">
     <span class='ocr_line' id='line_1_74' title="bbox 527 3588 1201 3644; baseline 0.001 -11"><span class='ocrx_word' id='word_1_537' title='bbox 527 3588 582 3642; x_wconf 23' lang='grc'><strong>(2),</strong></span> <span class='ocrx_word' id='word_1_538' title='bbox 595 3601 732 3634; x_wconf 86' lang='lat' dir='ltr'>heredes</span> <span class='ocrx_word' id='word_1_539' title='bbox 745 3602 789 3634; x_wconf 82' lang='lat' dir='ltr'>F¹</span> <span class='ocrx_word' id='word_1_540' title='bbox 803 3614 872 3635; x_wconf 86' lang='lat' dir='ltr'>cum</span> <span class='ocrx_word' id='word_1_541' title='bbox 889 3603 935 3644; x_wconf 88' lang='lat' dir='ltr'>B,</span> <span class='ocrx_word' id='word_1_542' title='bbox 949 3602 1103 3634; x_wconf 89' lang='lat' dir='ltr'>heredem</span> <span class='ocrx_word' id='word_1_543' title='bbox 1118 3602 1201 3634; x_wconf 81' lang='lat' dir='ltr'>F2S</span> 
     </span>
     <span class='ocr_line' id='line_1_75' title="bbox 405 3646 1207 3690; baseline 0.002 -13"><span class='ocrx_word' id='word_1_544' title='bbox 405 3646 446 3686; x_wconf 84' lang='grc'><strong>(4)</strong></span> <span class='ocrx_word' id='word_1_545' title='bbox 473 3647 740 3679; x_wconf 81' lang='lat' dir='ltr'>aestimationem</span> <span class='ocrx_word' id='word_1_546' title='bbox 754 3649 813 3680; x_wconf 78' lang='lat' dir='ltr'>ins.</span> <span class='ocrx_word' id='word_1_547' title='bbox 915 3649 958 3689; x_wconf 85' lang='lat'>(5)</span> <span class='ocrx_word' id='word_1_548' title='bbox 984 3648 1160 3690; x_wconf 83' lang='lat' dir='ltr'>capiturus</span> <span class='ocrx_word' id='word_1_549' title='bbox 1173 3648 1207 3679; x_wconf 91' lang='lat' dir='ltr'><em>F</em></span> 
     </span>
    </p>
   </div>
   <div class='ocr_carea' id='block_1_7' title="bbox 160 3691 1199 3731">
    <p class='ocr_par' dir='ltr' id='par_1_12' title="bbox 160 3691 1199 3731">
     <span class='ocr_line' id='line_1_76' title="bbox 160 3691 1199 3731; baseline 0.001 -8"><span class='ocrx_word' id='word_1_550' title='bbox 160 3691 203 3731; x_wconf 79' lang='lat' dir='ltr'>(c)</span> <span class='ocrx_word' id='word_1_551' title='bbox 229 3691 295 3722; x_wconf 85' lang='lat' dir='ltr'>Ed.</span> <span class='ocrx_word' id='word_1_552' title='bbox 310 3697 388 3723; x_wconf 82' lang='lat'>1...·1.</span> <span class='ocrx_word' id='word_1_553' title='bbox 404 3697 516 3723; x_wconf 79' lang='lat'>10...12.</span> <span class='ocrx_word' id='word_1_554' title='bbox 534 3698 576 3724; x_wconf 82' lang='lat'>14.</span> <span class='ocrx_word' id='word_1_555' title='bbox 594 3699 690 3725; x_wconf 83' lang='lat'>15-1&#39;1.</span> <span class='ocrx_word' id='word_1_556' title='bbox 702 3700 818 3725; x_wconf 78' lang='lat'>19...27.</span> <span class='ocrx_word' id='word_1_557' title='bbox 830 3700 958 3731; x_wconf 81' lang='lat'>29...32;</span> <span class='ocrx_word' id='word_1_558' title='bbox 980 3692 1061 3725; x_wconf 81' lang='lat' dir='ltr'>Sab.</span> <span class='ocrx_word' id='word_1_559' title='bbox 1077 3700 1105 3726; x_wconf 88' lang='lat'>8.</span> <span class='ocrx_word' id='word_1_560' title='bbox 1116 3700 1199 3726; x_wconf 81' lang='grc'><strong>(1.13.</strong></span> 
     </span>
    </p>
   </div>
   <div class='ocr_carea' id='block_1_8' title="bbox 112 3599 422 3686">
    <p class='ocr_par' dir='ltr' id='par_1_13' title="bbox 112 3599 422 3686">
     <span class='ocr_line' id='line_1_77' title="bbox 112 3599 422 3641; baseline -0.003 -7"><span class='ocrx_word' id='word_1_561' title='bbox 112 3602 151 3641; x_wconf 84' lang='lat'>(1)</span> <span class='ocrx_word' id='word_1_562' title='bbox 177 3599 260 3641; x_wconf 83' lang='lat' dir='ltr'>quid</span> <span class='ocrx_word' id='word_1_563' title='bbox 273 3601 332 3633; x_wconf 75' lang='lat' dir='ltr'>ins.</span> <span class='ocrx_word' id='word_1_564' title='bbox 347 3601 422 3633; x_wconf 80' lang='lat' dir='ltr'>dett.</span> 
     </span>
     <span class='ocr_line' id='line_1_78' title="bbox 112 3645 311 3686; baseline -0.01 -8"><span class='ocrx_word' id='word_1_565' title='bbox 112 3647 155 3686; x_wconf 86' lang='lat'>(3)</span> <span class='ocrx_word' id='word_1_566' title='bbox 181 3645 248 3676; x_wconf 81' lang='lat' dir='ltr'>fuit</span> <span class='ocrx_word' id='word_1_567' title='bbox 259 3645 311 3676; x_wconf 82' lang='lat' dir='ltr'>F¹</span> 
     </span>
    </p>
   </div>
   <div class='ocr_carea' id='block_1_9' title="bbox 1196 102 1277 150">
    <p class='ocr_par' dir='ltr' id='par_1_14' title="bbox 1196 102 1277 150">
     <span class='ocr_line' id='line_1_79' title="bbox 1196 102 1277 150; baseline 0.012 -1"><span class='ocrx_word' id='word_1_568' title='bbox 1196 102 1277 150; x_wconf 85' lang='lat'>133</span> 
     </span>
    </p>
   </div>
   <div class='ocr_carea' id='block_1_10' title="bbox 2186 107 2366 150">
    <p class='ocr_par' dir='ltr' id='par_1_15' title="bbox 2186 107 2366 150">
     <span class='ocr_line' id='line_1_80' title="bbox 2186 107 2366 150; baseline 0.006 -1"><span class='ocrx_word' id='word_1_569' title='bbox 2186 107 2309 150; x_wconf 93' lang='lat' dir='ltr'>VIIII</span> <span class='ocrx_word' id='word_1_570' title='bbox 2340 111 2366 150; x_wconf 89' lang='grc'>4</span> 
     </span>
    </p>
   </div>
   <div class='ocr_carea' id='block_1_11' title="bbox 1268 228 2371 3534">
    <p class='ocr_par' dir='ltr' id='par_1_16' title="bbox 1268 228 2370 1407">
     <span class='ocr_line' id='line_1_81' title="bbox 1269 228 2369 273; baseline 0.002 -10"><span class='ocrx_word' id='word_1_571' title='bbox 1269 233 1406 264; x_wconf 85' lang='lat' dir='ltr'>temnat</span> <span class='ocrx_word' id='word_1_572' title='bbox 1419 230 1446 250; x_wconf 87' lang='lat'>¹⁰</span> <span class='ocrx_word' id='word_1_573' title='bbox 1471 228 1676 264; x_wconf 84' lang='lat' dir='ltr'>dominum?</span> <span class='ocrx_word' id='word_1_574' title='bbox 1701 229 1755 263; x_wconf 92' lang='lat' dir='ltr'>vel</span> <span class='ocrx_word' id='word_1_575' title='bbox 1778 240 1857 264; x_wconf 92' lang='lat' dir='ltr'>cum</span> <span class='ocrx_word' id='word_1_576' title='bbox 1878 233 1979 265; x_wconf 89' lang='lat' dir='ltr'>trans</span> <span class='ocrx_word' id='word_1_577' title='bbox 2004 229 2137 265; x_wconf 86' lang='lat' dir='ltr'>flumen</span> <span class='ocrx_word' id='word_1_578' title='bbox 2161 230 2207 265; x_wconf 91' lang='lat' dir='ltr'>sit</span> <span class='ocrx_word' id='word_1_579' title='bbox 2231 240 2369 273; x_wconf 89' lang='lat' dir='ltr'>servus,</span> 
     </span>
     <span class='ocr_line' id='line_1_82' title="bbox 1269 274 2368 319; baseline 0.001 -10"><span class='ocrx_word' id='word_1_580' title='bbox 1269 274 1409 309; x_wconf 87' lang='lat' dir='ltr'>vidente</span> <span class='ocrx_word' id='word_1_581' title='bbox 1440 274 1601 319; x_wconf 88' lang='lat' dir='ltr'>quidem,</span> <span class='ocrx_word' id='word_1_582' title='bbox 1635 274 1699 309; x_wconf 91' lang='lat' dir='ltr'>sed</span> <span class='ocrx_word' id='word_1_583' title='bbox 1729 274 1838 309; x_wconf 90' lang='lat' dir='ltr'>invito</span> <span class='ocrx_word' id='word_1_584' title='bbox 1872 275 2015 310; x_wconf 90' lang='lat' dir='ltr'>domino</span> <span class='ocrx_word' id='word_1_585' title='bbox 2040 276 2185 310; x_wconf 88' lang='lat' dir='ltr'>noxiam</span> <span class='ocrx_word' id='word_1_586' title='bbox 2209 276 2368 310; x_wconf 82' lang='lat' dir='ltr'>noceat?</span> 
     </span>
     <span class='ocr_line' id='line_1_83' title="bbox 1268 319 2370 366; baseline 0.002 -12"><span class='ocrx_word' id='word_1_587' title='bbox 1268 320 1400 355; x_wconf 88' lang='lat' dir='ltr'>rectius</span> <span class='ocrx_word' id='word_1_588' title='bbox 1423 319 1546 365; x_wconf 89' lang='lat' dir='ltr'>itaque</span> <span class='ocrx_word' id='word_1_589' title='bbox 1570 319 1701 354; x_wconf 91' lang='lat' dir='ltr'>dicitur</span> <span class='ocrx_word' id='word_1_590' title='bbox 1720 319 1905 354; x_wconf 88' lang='lat' dir='ltr'>scientiam</span> <span class='ocrx_word' id='word_1_591' title='bbox 1926 321 2001 356; x_wconf 92' lang='lat' dir='ltr'>eius</span> <span class='ocrx_word' id='word_1_592' title='bbox 2023 321 2100 356; x_wconf 87' lang='lat' dir='ltr'>acci</span> <span class='ocrx_word' id='word_1_593' title='bbox 2128 320 2281 363; x_wconf 91' lang='lat' dir='ltr'>iendam,</span> <span class='ocrx_word' id='word_1_594' title='bbox 2307 321 2370 366; x_wconf 91' lang='lat' dir='ltr'>qui</span> 
     </span>
     <span class='ocr_line' id='line_1_84' title="bbox 1268 365 2367 410; baseline 0.002 -11"><span class='ocrx_word' id='word_1_595' title='bbox 1268 365 1499 410; x_wconf 89' lang='lat' dir='ltr'>prohibere¹¹</span> <span class='ocrx_word' id='word_1_596' title='bbox 1534 368 1672 410; x_wconf 88' lang='lat' dir='ltr'>potest:</span> <span class='ocrx_word' id='word_1_597' title='bbox 1720 368 1754 399; x_wconf 91' lang='lat' dir='ltr'>et</span> <span class='ocrx_word' id='word_1_598' title='bbox 1785 365 1854 399; x_wconf 92' lang='lat' dir='ltr'>hoc</span> <span class='ocrx_word' id='word_1_599' title='bbox 1888 365 1926 400; x_wconf 90' lang='lat' dir='ltr'>in</span> <span class='ocrx_word' id='word_1_600' title='bbox 1962 370 2038 402; x_wconf 91' lang='lat' dir='ltr'>toto</span> <span class='ocrx_word' id='word_1_601' title='bbox 2075 376 2093 401; x_wconf 92' lang='lat' dir='ltr'>e</span> <span class='ocrx_word' id='word_1_602' title='bbox 2121 366 2191 401; x_wconf 84' lang='lat' dir='ltr'>&#39;cto</span> <span class='ocrx_word' id='word_1_603' title='bbox 2228 366 2367 401; x_wconf 88' lang='lat' dir='ltr'>intelle-</span> 
     </span>
     <span class='ocr_line' id='line_1_85' title="bbox 1272 409 2368 455; baseline 0.002 -10"><span class='ocrx_word' id='word_1_604' title='bbox 1272 414 1286 444; x_wconf 92' lang='lat'>1</span> <span class='ocrx_word' id='word_1_605' title='bbox 1336 410 1490 455; x_wconf 84' lang='lat' dir='ltr'>gendum</span> <span class='ocrx_word' id='word_1_606' title='bbox 1515 413 1570 445; x_wconf 91' lang='lat' dir='ltr'>est</span> <span class='ocrx_word' id='word_1_607' title='bbox 1594 409 1690 444; x_wconf 89' lang='lat' dir='ltr'>circa</span> <span class='ocrx_word' id='word_1_608' title='bbox 1714 410 1886 444; x_wconf 90' lang='lat' dir='ltr'>scientiae</span> <span class='ocrx_word' id='word_1_609' title='bbox 1909 411 2068 446; x_wconf 89' lang='lat' dir='ltr'>verbum.</span> <span class='ocrx_word' id='word_1_610' title='bbox 2118 411 2155 446; x_wconf 86' lang='lat' dir='ltr'>Si</span> <span class='ocrx_word' id='word_1_611' title='bbox 2176 415 2368 447; x_wconf 89' lang='lat' dir='ltr'>extraneus</span> 
     </span>
     <span class='ocr_line' id='line_1_86' title="bbox 1270 455 2368 500; baseline 0.002 -10"><span class='ocrx_word' id='word_1_612' title='bbox 1270 465 1393 490; x_wconf 90' lang='lat' dir='ltr'>servus</span> <span class='ocrx_word' id='word_1_613' title='bbox 1418 456 1553 491; x_wconf 88' lang='lat' dir='ltr'>sciente</span> <span class='ocrx_word' id='word_1_614' title='bbox 1576 465 1632 490; x_wconf 93' lang='lat' dir='ltr'>me</span> <span class='ocrx_word' id='word_1_615' title='bbox 1654 455 1782 490; x_wconf 89' lang='lat' dir='ltr'>fecerit</span> <span class='ocrx_word' id='word_1_616' title='bbox 1814 465 1964 500; x_wconf 91' lang='lat' dir='ltr'>eumque</span> <span class='ocrx_word' id='word_1_617' title='bbox 1995 457 2196 499; x_wconf 89' lang='lat' dir='ltr'>redemero,</span> <span class='ocrx_word' id='word_1_618' title='bbox 2228 457 2368 492; x_wconf 87' lang='lat' dir='ltr'>noxalis</span> 
     </span>
     <span class='ocr_line' id='line_1_87' title="bbox 1269 500 2369 545; baseline 0.001 -10"><span class='ocrx_word' id='word_1_619' title='bbox 1269 501 1364 536; x_wconf 90' lang='lat' dir='ltr'>actio</span> <span class='ocrx_word' id='word_1_620' title='bbox 1388 501 1426 536; x_wconf 93' lang='lat' dir='ltr'>in</span> <span class='ocrx_word' id='word_1_621' title='bbox 1450 511 1506 536; x_wconf 92' lang='lat' dir='ltr'>me</span> <span class='ocrx_word' id='word_1_622' title='bbox 1531 500 1686 542; x_wconf 89' lang='lat' dir='ltr'>dabitur,</span> <span class='ocrx_word' id='word_1_623' title='bbox 1712 500 1796 545; x_wconf 85' lang='lat' dir='ltr'>quia</span> <span class='ocrx_word' id='word_1_624' title='bbox 1817 511 1889 535; x_wconf 91' lang='lat' dir='ltr'>non</span> <span class='ocrx_word' id='word_1_625' title='bbox 1909 501 2048 536; x_wconf 88' lang='lat' dir='ltr'>videtur</span> <span class='ocrx_word' id='word_1_626' title='bbox 2069 502 2212 537; x_wconf 91' lang='lat' dir='ltr'>domino</span> <span class='ocrx_word' id='word_1_627' title='bbox 2233 502 2369 538; x_wconf 87' lang='lat' dir='ltr'>sciente</span> 
     </span>
     <span class='ocr_line' id='line_1_88' title="bbox 1269 545 2367 590; baseline 0.001 -9"><span class='ocrx_word' id='word_1_628' title='bbox 1269 549 1289 581; x_wconf 82' lang='lat'><strong>2</strong></span> <span class='ocrx_word' id='word_1_629' title='bbox 1336 546 1477 588; x_wconf 90' lang='lat' dir='ltr'>fecisse,</span> <span class='ocrx_word' id='word_1_630' title='bbox 1499 557 1581 581; x_wconf 92' lang='lat' dir='ltr'>cum</span> <span class='ocrx_word' id='word_1_631' title='bbox 1603 556 1644 581; x_wconf 93' lang='lat' dir='ltr'>eo</span> <span class='ocrx_word' id='word_1_632' title='bbox 1664 549 1825 590; x_wconf 90' lang='lat' dir='ltr'>tempore</span> <span class='ocrx_word' id='word_1_633' title='bbox 1838 545 2001 581; x_wconf 89' lang='lat' dir='ltr'>dominus</span> <span class='ocrx_word' id='word_1_634' title='bbox 2014 558 2086 581; x_wconf 92' lang='lat' dir='ltr'>non</span> <span class='ocrx_word' id='word_1_635' title='bbox 2099 546 2238 582; x_wconf 88' lang='lat' dir='ltr'>fuerim.</span> <span class='ocrx_word' id='word_1_636' title='bbox 2278 547 2367 582; x_wconf 93' lang='lat' dir='ltr'>Cum</span> 
     </span>
     <span class='ocr_line' id='line_1_89' title="bbox 1269 591 2367 638; baseline 0.001 -12"><span class='ocrx_word' id='word_1_637' title='bbox 1269 591 1432 626; x_wconf 88' lang='lat' dir='ltr'>dominus</span> <span class='ocrx_word' id='word_1_638' title='bbox 1458 591 1503 627; x_wconf 91' lang='lat' dir='ltr'>ob</span> <span class='ocrx_word' id='word_1_639' title='bbox 1529 591 1715 626; x_wconf 89' lang='lat' dir='ltr'>scientiam</span> <span class='ocrx_word' id='word_1_640' title='bbox 1739 594 1923 633; x_wconf 92' lang='lat' dir='ltr'>teneatur,</span> <span class='ocrx_word' id='word_1_641' title='bbox 1949 602 1995 626; x_wconf 89' lang='lat' dir='ltr'>an</span> <span class='ocrx_word' id='word_1_642' title='bbox 2019 592 2111 627; x_wconf 92' lang='lat' dir='ltr'>servi</span> <span class='ocrx_word' id='word_1_643' title='bbox 2135 603 2278 638; x_wconf 91' lang='lat' dir='ltr'>quoque</span> <span class='ocrx_word' id='word_1_644' title='bbox 2302 603 2367 628; x_wconf 91' lang='lat' dir='ltr'>no-</span> 
     </span>
     <span class='ocr_line' id='line_1_90' title="bbox 1270 636 2367 683; baseline 0.002 -12"><span class='ocrx_word' id='word_1_645' title='bbox 1270 637 1362 671; x_wconf 91' lang='lat' dir='ltr'>mine</span> <span class='ocrx_word' id='word_1_646' title='bbox 1387 637 1508 671; x_wconf 86' lang='lat' dir='ltr'>danda</span> <span class='ocrx_word' id='word_1_647' title='bbox 1532 636 1578 671; x_wconf 91' lang='lat' dir='ltr'>sit</span> <span class='ocrx_word' id='word_1_648' title='bbox 1602 636 1717 679; x_wconf 90' lang='lat' dir='ltr'>actio,</span> <span class='ocrx_word' id='word_1_649' title='bbox 1742 636 1932 671; x_wconf 90' lang='lat' dir='ltr'>videndum</span> <span class='ocrx_word' id='word_1_650' title='bbox 1958 641 2030 671; x_wconf 93' lang='lat' dir='ltr'>est:</span> <span class='ocrx_word' id='word_1_651' title='bbox 2055 637 2122 672; x_wconf 89' lang='lat' dir='ltr'>nisi</span> <span class='ocrx_word' id='word_1_652' title='bbox 2145 638 2239 673; x_wconf 90' lang='lat' dir='ltr'>forte</span> <span class='ocrx_word' id='word_1_653' title='bbox 2263 648 2367 683; x_wconf 88' lang='lat' dir='ltr'>prae-</span> 
     </span>
     <span class='ocr_line' id='line_1_91' title="bbox 1269 681 2368 727; baseline 0.002 -11"><span class='ocrx_word' id='word_1_654' title='bbox 1269 686 1326 716; x_wconf 90' lang='lat' dir='ltr'>tor</span> <span class='ocrx_word' id='word_1_655' title='bbox 1349 693 1458 717; x_wconf 90' lang='lat' dir='ltr'>unam</span> <span class='ocrx_word' id='word_1_656' title='bbox 1482 692 1635 727; x_wconf 91' lang='lat' dir='ltr'>poenam</span> <span class='ocrx_word' id='word_1_657' title='bbox 1659 692 1682 716; x_wconf 87' lang='lat' dir='ltr'>a</span> <span class='ocrx_word' id='word_1_658' title='bbox 1706 681 1848 717; x_wconf 88' lang='lat' dir='ltr'>domino</span> <span class='ocrx_word' id='word_1_659' title='bbox 1875 682 1966 726; x_wconf 88' lang='lat' dir='ltr'>exigi</span> <span class='ocrx_word' id='word_1_660' title='bbox 1989 682 2110 717; x_wconf 88' lang='lat' dir='ltr'>voluit.</span> <span class='ocrx_word' id='word_1_661' title='bbox 2148 694 2230 727; x_wconf 83' lang='lat' dir='ltr'>ergo</span> <span class='ocrx_word' id='word_1_662' title='bbox 2265 683 2368 718; x_wconf 90' lang='lat' dir='ltr'>dolus</span> 
     </span>
     <span class='ocr_line' id='line_1_92' title="bbox 1270 726 2366 772; baseline 0.001 -10"><span class='ocrx_word' id='word_1_663' title='bbox 1270 728 1362 762; x_wconf 91' lang='lat' dir='ltr'>servi</span> <span class='ocrx_word' id='word_1_664' title='bbox 1384 728 1432 762; x_wconf 91' lang='lat' dir='ltr'>im</span> <span class='ocrx_word' id='word_1_665' title='bbox 1457 728 1579 762; x_wconf 91' lang='lat' dir='ltr'>unitus</span> <span class='ocrx_word' id='word_1_666' title='bbox 1605 727 1697 762; x_wconf 79' lang='lat' dir='ltr'>erit?</span> <span class='ocrx_word' id='word_1_667' title='bbox 1733 726 1830 772; x_wconf 91' lang='lat' dir='ltr'>quod</span> <span class='ocrx_word' id='word_1_668' title='bbox 1855 730 1909 762; x_wconf 86' lang='lat' dir='ltr'>est</span> <span class='ocrx_word' id='word_1_669' title='bbox 1932 727 2110 772; x_wconf 87' lang='lat' dir='ltr'>iniquum:</span> <span class='ocrx_word' id='word_1_670' title='bbox 2136 728 2241 763; x_wconf 89' lang='lat' dir='ltr'>immo</span> <span class='ocrx_word' id='word_1_671' title='bbox 2267 733 2366 764; x_wconf 90' lang='lat' dir='ltr'>utro-</span> 
     </span>
     <span class='ocr_line' id='line_1_93' title="bbox 1270 772 2366 818; baseline 0 -10"><span class='ocrx_word' id='word_1_672' title='bbox 1270 783 1338 817; x_wconf 89' lang='lat' dir='ltr'>que</span> <span class='ocrx_word' id='word_1_673' title='bbox 1362 784 1419 808; x_wconf 94' lang='lat' dir='ltr'>mo</span> <span class='ocrx_word' id='word_1_674' title='bbox 1447 783 1468 808; x_wconf 95' lang='grc'>0</span> <span class='ocrx_word' id='word_1_675' title='bbox 1494 772 1658 807; x_wconf 86' lang='grc'><strong>(10101003</strong></span> <span class='ocrx_word' id='word_1_676' title='bbox 1681 773 1880 814; x_wconf 90' lang='lat' dir='ltr'>tenebitur,</span> <span class='ocrx_word' id='word_1_677' title='bbox 1915 783 1988 807; x_wconf 93' lang='lat' dir='ltr'>una</span> <span class='ocrx_word' id='word_1_678' title='bbox 2021 777 2140 808; x_wconf 89' lang='lat' dir='ltr'>autem</span> <span class='ocrx_word' id='word_1_679' title='bbox 2164 784 2282 818; x_wconf 89' lang='lat' dir='ltr'>poena</span> <span class='ocrx_word' id='word_1_680' title='bbox 2306 784 2366 808; x_wconf 89' lang='lat' dir='ltr'>ex-</span> 
     </span>
     <span class='ocr_line' id='line_1_94' title="bbox 1270 818 2367 863; baseline 0 -10"><span class='ocrx_word' id='word_1_681' title='bbox 1270 821 1289 852; x_wconf 88' lang='lat'>3</span> <span class='ocrx_word' id='word_1_682' title='bbox 1338 822 1440 860; x_wconf 86' lang='lat' dir='ltr'>acta,</span> <span class='ocrx_word' id='word_1_683' title='bbox 1466 828 1573 863; x_wconf 91' lang='lat' dir='ltr'>quam</span> <span class='ocrx_word' id='word_1_684' title='bbox 1597 821 1699 852; x_wconf 86' lang='lat' dir='ltr'>actor</span> <span class='ocrx_word' id='word_1_685' title='bbox 1724 818 1885 862; x_wconf 88' lang='lat' dir='ltr'>elegerit,</span> <span class='ocrx_word' id='word_1_686' title='bbox 1911 818 2024 852; x_wconf 88' lang='lat' dir='ltr'>altera</span> <span class='ocrx_word' id='word_1_687' title='bbox 2047 818 2195 853; x_wconf 87' lang='lat' dir='ltr'>tollitur.</span> <span class='ocrx_word' id='word_1_688' title='bbox 2245 819 2282 853; x_wconf 86' lang='lat' dir='ltr'>Si</span> <span class='ocrx_word' id='word_1_689' title='bbox 2308 819 2367 853; x_wconf 92' lang='lat' dir='ltr'>de-</span> 
     </span>
     <span class='ocr_line' id='line_1_95' title="bbox 1268 863 2367 907; baseline 0.001 -10"><span class='ocrx_word' id='word_1_690' title='bbox 1268 867 1386 898; x_wconf 87' lang='lat' dir='ltr'>tracta</span> <span class='ocrx_word' id='word_1_691' title='bbox 1421 874 1537 898; x_wconf 89' lang='lat' dir='ltr'>noxae</span> <span class='ocrx_word' id='word_1_692' title='bbox 1573 863 1752 898; x_wconf 90' lang='lat' dir='ltr'>deditione</span> <span class='ocrx_word' id='word_1_693' title='bbox 1788 863 1891 907; x_wconf 90' lang='lat' dir='ltr'>quasi</span> <span class='ocrx_word' id='word_1_694' title='bbox 1925 874 2005 898; x_wconf 89' lang='lat' dir='ltr'>cum</span> <span class='ocrx_word' id='word_1_695' title='bbox 2042 864 2185 898; x_wconf 91' lang='lat' dir='ltr'>conscio</span> <span class='ocrx_word' id='word_1_696' title='bbox 2224 864 2367 899; x_wconf 90' lang='lat' dir='ltr'>domino</span> 
     </span>
     <span class='ocr_line' id='line_1_96' title="bbox 1269 909 2370 953; baseline 0.001 -10"><span class='ocrx_word' id='word_1_697' title='bbox 1269 912 1389 943; x_wconf 93' lang='lat' dir='ltr'>actum</span> <span class='ocrx_word' id='word_1_698' title='bbox 1414 909 1479 951; x_wconf 91' lang='lat' dir='ltr'>sit,</span> <span class='ocrx_word' id='word_1_699' title='bbox 1515 909 1575 953; x_wconf 91' lang='lat' dir='ltr'>qui</span> <span class='ocrx_word' id='word_1_700' title='bbox 1599 919 1672 943; x_wconf 90' lang='lat' dir='ltr'>non</span> <span class='ocrx_word' id='word_1_701' title='bbox 1697 911 1774 942; x_wconf 88' lang='lat' dir='ltr'>erat</span> <span class='ocrx_word' id='word_1_702' title='bbox 1800 909 1987 943; x_wconf 89' lang='lat' dir='ltr'>conscius:</span> <span class='ocrx_word' id='word_1_703' title='bbox 2021 909 2247 944; x_wconf 80' lang='lat' dir='ltr'>absolutione</span> <span class='ocrx_word' id='word_1_704' title='bbox 2269 910 2370 944; x_wconf 88' lang='lat' dir='ltr'>facta</span> 
     </span>
     <span class='ocr_line' id='line_1_97' title="bbox 1270 953 2369 998; baseline 0.001 -10"><span class='ocrx_word' id='word_1_705' title='bbox 1270 958 1305 989; x_wconf 90' lang='lat' dir='ltr'>et</span> <span class='ocrx_word' id='word_1_706' title='bbox 1328 954 1428 989; x_wconf 91' lang='lat' dir='ltr'>finito</span> <span class='ocrx_word' id='word_1_707' title='bbox 1453 954 1584 989; x_wconf 88' lang='lat' dir='ltr'>iudicio</span> <span class='ocrx_word' id='word_1_708' title='bbox 1610 953 1761 998; x_wconf 90' lang='lat' dir='ltr'>amplius</span> <span class='ocrx_word' id='word_1_709' title='bbox 1787 954 1923 997; x_wconf 89' lang='lat' dir='ltr'>agendo</span> <span class='ocrx_word' id='word_1_710' title='bbox 1951 965 2032 988; x_wconf 90' lang='lat' dir='ltr'>cum</span> <span class='ocrx_word' id='word_1_711' title='bbox 2051 965 2167 989; x_wconf 85' lang='lat' dir='ltr'>noxae</span> <span class='ocrx_word' id='word_1_712' title='bbox 2190 954 2369 989; x_wconf 89' lang='lat' dir='ltr'>deditione</span> 
     </span>
     <span class='ocr_line' id='line_1_98' title="bbox 1270 999 2369 1045; baseline 0.001 -11"><span class='ocrx_word' id='word_1_713' title='bbox 1270 1000 1479 1044; x_wconf 84' lang='lat' dir='ltr'>exceptione</span> <span class='ocrx_word' id='word_1_714' title='bbox 1502 999 1553 1034; x_wconf 86' lang='lat' dir='ltr'>rei</span> <span class='ocrx_word' id='word_1_715' title='bbox 1583 999 1764 1034; x_wconf 90' lang='lat' dir='ltr'>iudicatae</span> <span class='ocrx_word' id='word_1_716' title='bbox 1796 1000 2094 1042; x_wconf 88' lang='lat' dir='ltr'>summovebitur,</span> <span class='ocrx_word' id='word_1_717' title='bbox 2128 1000 2213 1045; x_wconf 92' lang='lat' dir='ltr'>quia</span> <span class='ocrx_word' id='word_1_718' title='bbox 2243 1010 2301 1035; x_wconf 90' lang='lat' dir='ltr'>res</span> <span class='ocrx_word' id='word_1_719' title='bbox 2332 1001 2369 1035; x_wconf 92' lang='grc'>10</span> 
     </span>
     <span class='ocr_line' id='line_1_99' title="bbox 1269 1044 2370 1089; baseline 0.001 -10"><span class='ocrx_word' id='word_1_720' title='bbox 1269 1045 1432 1089; x_wconf 85' lang='grc'><strong>301101103</strong></span> <span class='ocrx_word' id='word_1_721' title='bbox 1456 1044 1626 1079; x_wconf 91' lang='lat' dir='ltr'>iudicium</span> <span class='ocrx_word' id='word_1_722' title='bbox 1650 1044 1805 1079; x_wconf 89' lang='lat' dir='ltr'>deducta</span> <span class='ocrx_word' id='word_1_723' title='bbox 1830 1048 1865 1079; x_wconf 90' lang='lat' dir='ltr'>et</span> <span class='ocrx_word' id='word_1_724' title='bbox 1888 1044 1990 1079; x_wconf 89' lang='lat' dir='ltr'>finita</span> <span class='ocrx_word' id='word_1_725' title='bbox 2014 1048 2078 1079; x_wconf 90' lang='lat' dir='ltr'>est.</span> <span class='ocrx_word' id='word_1_726' title='bbox 2112 1045 2225 1081; x_wconf 90' lang='lat' dir='ltr'>donec</span> <span class='ocrx_word' id='word_1_727' title='bbox 2250 1049 2370 1080; x_wconf 91' lang='lat' dir='ltr'>autem</span> 
     </span>
     <span class='ocr_line' id='line_1_100' title="bbox 1268 1090 2370 1135; baseline 0.001 -11"><span class='ocrx_word' id='word_1_728' title='bbox 1268 1090 1366 1135; x_wconf 89' lang='lat' dir='ltr'>prius</span> <span class='ocrx_word' id='word_1_729' title='bbox 1390 1090 1561 1125; x_wconf 88' lang='lat' dir='ltr'>iudicium</span> <span class='ocrx_word' id='word_1_730' title='bbox 1586 1090 1751 1134; x_wconf 78' lang='lat' dir='ltr'>agitatur,</span> <span class='ocrx_word' id='word_1_731' title='bbox 1779 1090 1923 1124; x_wconf 91' lang='lat' dir='ltr'>licentia</span> <span class='ocrx_word' id='word_1_732' title='bbox 1942 1091 2061 1134; x_wconf 87' lang='lat' dir='ltr'>agenti</span> <span class='ocrx_word' id='word_1_733' title='bbox 2082 1094 2146 1132; x_wconf 91' lang='lat' dir='ltr'>est,</span> <span class='ocrx_word' id='word_1_734' title='bbox 2173 1091 2203 1125; x_wconf 92' lang='lat' dir='ltr'>si</span> <span class='ocrx_word' id='word_1_735' title='bbox 2224 1101 2304 1125; x_wconf 91' lang='lat' dir='ltr'>eum</span> <span class='ocrx_word' id='word_1_736' title='bbox 2326 1091 2370 1125; x_wconf 88' lang='lat' dir='ltr'>de</span> 
     </span>
     <span class='ocr_line' id='line_1_101' title="bbox 1269 1135 2369 1180; baseline 0 -10"><span class='ocrx_word' id='word_1_737' title='bbox 1269 1136 1418 1171; x_wconf 89' lang='lat' dir='ltr'>scientia</span> <span class='ocrx_word' id='word_1_738' title='bbox 1443 1135 1576 1170; x_wconf 93' lang='lat' dir='ltr'>domini</span> <span class='ocrx_word' id='word_1_739' title='bbox 1599 1135 1782 1180; x_wconf 87' lang='lat' dir='ltr'>arguenda</span> <span class='ocrx_word' id='word_1_740' title='bbox 1806 1135 2001 1180; x_wconf 88' lang='lat' dir='ltr'>paeniteat,</span> <span class='ocrx_word' id='word_1_741' title='bbox 2027 1140 2114 1170; x_wconf 90' lang='lat' dir='ltr'>tunc</span> <span class='ocrx_word' id='word_1_742' title='bbox 2140 1136 2186 1170; x_wconf 91' lang='lat' dir='ltr'>ad</span> <span class='ocrx_word' id='word_1_743' title='bbox 2205 1136 2369 1171; x_wconf 89' lang='lat' dir='ltr'>noxalem</span> 
     </span>
     <span class='ocr_line' id='line_1_102' title="bbox 1270 1181 2370 1226; baseline 0.001 -11"><span class='ocrx_word' id='word_1_744' title='bbox 1270 1191 1416 1216; x_wconf 88' lang='lat' dir='ltr'>causam</span> <span class='ocrx_word' id='word_1_745' title='bbox 1449 1181 1614 1216; x_wconf 90' lang='lat' dir='ltr'>transire.</span> <span class='ocrx_word' id='word_1_746' title='bbox 1653 1185 1780 1216; x_wconf 88' lang='lat' dir='ltr'>contra</span> <span class='ocrx_word' id='word_1_747' title='bbox 1804 1191 1947 1225; x_wconf 90' lang='lat' dir='ltr'>quoque</span> <span class='ocrx_word' id='word_1_748' title='bbox 1972 1182 2001 1215; x_wconf 92' lang='lat' dir='ltr'>si</span> <span class='ocrx_word' id='word_1_749' title='bbox 2026 1192 2107 1216; x_wconf 93' lang='lat' dir='ltr'>cum</span> <span class='ocrx_word' id='word_1_750' title='bbox 2133 1192 2173 1216; x_wconf 92' lang='lat' dir='ltr'>eo</span> <span class='ocrx_word' id='word_1_751' title='bbox 2207 1182 2269 1226; x_wconf 90' lang='lat' dir='ltr'>qui</span> <span class='ocrx_word' id='word_1_752' title='bbox 2301 1181 2370 1216; x_wconf 89' lang='grc'><strong>3011</strong></span> 
     </span>
     <span class='ocr_line' id='line_1_103' title="bbox 1271 1226 2368 1271; baseline 0 -10"><span class='ocrx_word' id='word_1_753' title='bbox 1271 1237 1351 1261; x_wconf 87' lang='grc'><strong>0010</strong></span> <span class='ocrx_word' id='word_1_754' title='bbox 1375 1237 1491 1262; x_wconf 87' lang='lat' dir='ltr'>noxae</span> <span class='ocrx_word' id='word_1_755' title='bbox 1516 1226 1696 1261; x_wconf 89' lang='lat' dir='ltr'>deditione</span> <span class='ocrx_word' id='word_1_756' title='bbox 1720 1230 1843 1261; x_wconf 88' lang='lat' dir='ltr'>actum</span> <span class='ocrx_word' id='word_1_757' title='bbox 1869 1227 1925 1268; x_wconf 90' lang='lat' dir='ltr'>sit,</span> <span class='ocrx_word' id='word_1_758' title='bbox 1952 1226 2104 1271; x_wconf 91' lang='lat' dir='ltr'>amplius</span> <span class='ocrx_word' id='word_1_759' title='bbox 2128 1227 2165 1261; x_wconf 91' lang='lat' dir='ltr'>in</span> <span class='ocrx_word' id='word_1_760' title='bbox 2187 1226 2368 1262; x_wconf 89' lang='lat' dir='ltr'>dominum</span> 
     </span>
     <span class='ocr_line' id='line_1_104' title="bbox 1270 1270 2368 1316; baseline 0.001 -10"><span class='ocrx_word' id='word_1_761' title='bbox 1270 1271 1432 1306; x_wconf 87' lang='lat' dir='ltr'>detracta</span> <span class='ocrx_word' id='word_1_762' title='bbox 1444 1283 1560 1307; x_wconf 87' lang='lat' dir='ltr'>noxae</span> <span class='ocrx_word' id='word_1_763' title='bbox 1581 1271 1760 1307; x_wconf 91' lang='lat' dir='ltr'>deditione</span> <span class='ocrx_word' id='word_1_764' title='bbox 1780 1270 1900 1306; x_wconf 89' lang='lat' dir='ltr'>danda</span> <span class='ocrx_word' id='word_1_765' title='bbox 1921 1272 2016 1307; x_wconf 89' lang='lat' dir='ltr'>actio</span> <span class='ocrx_word' id='word_1_766' title='bbox 2037 1282 2109 1306; x_wconf 92' lang='lat' dir='ltr'>non</span> <span class='ocrx_word' id='word_1_767' title='bbox 2131 1276 2204 1307; x_wconf 87' lang='lat' dir='ltr'>est:</span> <span class='ocrx_word' id='word_1_768' title='bbox 2229 1272 2267 1306; x_wconf 91' lang='lat' dir='ltr'>in</span> <span class='ocrx_word' id='word_1_769' title='bbox 2289 1273 2368 1316; x_wconf 89' lang='lat' dir='ltr'>ipso</span> 
     </span>
     <span class='ocr_line' id='line_1_105' title="bbox 1269 1317 2369 1362; baseline 0.001 -11"><span class='ocrx_word' id='word_1_770' title='bbox 1269 1321 1389 1352; x_wconf 90' lang='lat' dir='ltr'>autem</span> <span class='ocrx_word' id='word_1_771' title='bbox 1412 1317 1544 1352; x_wconf 90' lang='lat' dir='ltr'>iudicio</span> <span class='ocrx_word' id='word_1_772' title='bbox 1566 1317 1596 1352; x_wconf 90' lang='lat' dir='ltr'>si</span> <span class='ocrx_word' id='word_1_773' title='bbox 1614 1317 1767 1352; x_wconf 84' lang='lat' dir='ltr'>voluerit</span> <span class='ocrx_word' id='word_1_774' title='bbox 1789 1320 1825 1352; x_wconf 92' lang='lat' dir='ltr'>et</span> <span class='ocrx_word' id='word_1_775' title='bbox 1846 1317 2032 1352; x_wconf 90' lang='lat' dir='ltr'>scientiam</span> <span class='ocrx_word' id='word_1_776' title='bbox 2054 1317 2188 1352; x_wconf 89' lang='lat' dir='ltr'>domini</span> <span class='ocrx_word' id='word_1_777' title='bbox 2208 1327 2369 1362; x_wconf 82' lang='lat' dir='ltr'>arguere,</span> 
     </span>
     <span class='ocr_line' id='line_1_106' title="bbox 1269 1362 1700 1407; baseline 0 -10"><span class='ocrx_word' id='word_1_778' title='bbox 1269 1373 1342 1397; x_wconf 90' lang='lat' dir='ltr'>non</span> <span class='ocrx_word' id='word_1_779' title='bbox 1367 1367 1421 1397; x_wconf 92' lang='lat' dir='ltr'>est</span> <span class='ocrx_word' id='word_1_780' title='bbox 1445 1362 1700 1407; x_wconf 86' lang='lat' dir='ltr'>prohibendus.</span> 
     </span>
    </p>

    <p class='ocr_par' dir='ltr' id='par_1_17' title="bbox 1270 1407 2371 1994">
     <span class='ocr_line' id='line_1_107' title="bbox 1316 1407 2370 1452; baseline -0.001 -9"><span class='ocrx_word' id='word_1_781' title='bbox 1316 1407 1339 1444; x_wconf 88' lang='lat'>5</span> <span class='ocrx_word' id='word_1_782' title='bbox 1373 1407 1570 1443; x_wconf 77' lang='lat' dir='ltr'><em>ULPJANUS</em></span> <span class='ocrx_word' id='word_1_783' title='bbox 1597 1408 1689 1443; x_wconf 80' lang='lat' dir='ltr'>libro</span> <span class='ocrx_word' id='word_1_784' title='bbox 1722 1409 1827 1443; x_wconf 78' lang='lat' dir='ltr'>tertio</span> <span class='ocrx_word' id='word_1_785' title='bbox 1860 1407 1909 1442; x_wconf 83' lang='lat' dir='ltr'>ad</span> <span class='ocrx_word' id='word_1_786' title='bbox 1940 1407 2095 1442; x_wconf 72' lang='lat' dir='ltr'>edictum</span> <span class='ocrx_word' id='word_1_787' title='bbox 2145 1407 2183 1442; x_wconf 85' lang='lat' dir='ltr'>Si</span> <span class='ocrx_word' id='word_1_788' title='bbox 2214 1408 2370 1452; x_wconf 91' lang='lat' dir='ltr'>plurium</span> 
     </span>
     <span class='ocr_line' id='line_1_108' title="bbox 1270 1452 2368 1498; baseline -0.001 -10"><span class='ocrx_word' id='word_1_789' title='bbox 1270 1463 1392 1488; x_wconf 89' lang='lat' dir='ltr'>servus</span> <span class='ocrx_word' id='word_1_790' title='bbox 1417 1453 1606 1498; x_wconf 88' lang='lat' dir='ltr'>deliquerit</span> <span class='ocrx_word' id='word_1_791' title='bbox 1630 1453 1793 1488; x_wconf 89' lang='lat' dir='ltr'>omnibus</span> <span class='ocrx_word' id='word_1_792' title='bbox 1819 1452 2086 1498; x_wconf 89' lang='lat' dir='ltr'>ignorantibus,</span> <span class='ocrx_word' id='word_1_793' title='bbox 2121 1454 2252 1488; x_wconf 86' lang='lat' dir='ltr'>noxale</span> <span class='ocrx_word' id='word_1_794' title='bbox 2276 1453 2368 1488; x_wconf 89' lang='lat' dir='ltr'>iudi-</span> 
     </span>
     <span class='ocr_line' id='line_1_109' title="bbox 1270 1498 2369 1544; baseline 0 -11"><span class='ocrx_word' id='word_1_795' title='bbox 1270 1499 1363 1533; x_wconf 91' lang='lat' dir='ltr'>cium</span> <span class='ocrx_word' id='word_1_796' title='bbox 1387 1498 1424 1533; x_wconf 88' lang='lat' dir='ltr'>in</span> <span class='ocrx_word' id='word_1_797' title='bbox 1449 1499 1605 1544; x_wconf 89' lang='lat' dir='ltr'>quemvis</span> <span class='ocrx_word' id='word_1_798' title='bbox 1630 1498 1792 1533; x_wconf 88' lang='lat' dir='ltr'>dabitur:</span> <span class='ocrx_word' id='word_1_799' title='bbox 1828 1498 1892 1533; x_wconf 91' lang='lat' dir='ltr'>sed</span> <span class='ocrx_word' id='word_1_800' title='bbox 1916 1498 1946 1533; x_wconf 89' lang='lat' dir='ltr'>si</span> <span class='ocrx_word' id='word_1_801' title='bbox 1970 1498 2136 1533; x_wconf 90' lang='lat' dir='ltr'>omnibus</span> <span class='ocrx_word' id='word_1_802' title='bbox 2161 1498 2369 1540; x_wconf 88' lang='lat' dir='ltr'>scientibus,</span> 
     </span>
     <span class='ocr_line' id='line_1_110' title="bbox 1270 1543 2368 1589; baseline -0.001 -10"><span class='ocrx_word' id='word_1_803' title='bbox 1270 1544 1382 1589; x_wconf 90' lang='lat' dir='ltr'>quivis</span> <span class='ocrx_word' id='word_1_804' title='bbox 1395 1554 1516 1579; x_wconf 88' lang='lat' dir='ltr'>eorum</span> <span class='ocrx_word' id='word_1_805' title='bbox 1528 1544 1709 1579; x_wconf 88' lang='lat' dir='ltr'>tenebitur</span> <span class='ocrx_word' id='word_1_806' title='bbox 1722 1544 1885 1579; x_wconf 90' lang='lat' dir='ltr'>detracta</span> <span class='ocrx_word' id='word_1_807' title='bbox 1897 1554 2014 1579; x_wconf 88' lang='lat' dir='ltr'>noxae</span> <span class='ocrx_word' id='word_1_808' title='bbox 2035 1543 2225 1586; x_wconf 89' lang='lat' dir='ltr'>deditione,</span> <span class='ocrx_word' id='word_1_809' title='bbox 2246 1554 2368 1589; x_wconf 88' lang='lat' dir='ltr'>quem-</span> 
     </span>
     <span class='ocr_line' id='line_1_111' title="bbox 1270 1589 2369 1634; baseline 0 -10"><span class='ocrx_word' id='word_1_810' title='bbox 1270 1589 1461 1624; x_wconf 86' lang='lat' dir='ltr'>admodum</span> <span class='ocrx_word' id='word_1_811' title='bbox 1486 1590 1516 1624; x_wconf 90' lang='lat' dir='ltr'>si</span> <span class='ocrx_word' id='word_1_812' title='bbox 1539 1590 1659 1634; x_wconf 89' lang='lat' dir='ltr'>plures</span> <span class='ocrx_word' id='word_1_813' title='bbox 1684 1589 1935 1634; x_wconf 88' lang='lat' dir='ltr'>deliquissent,</span> <span class='ocrx_word' id='word_1_814' title='bbox 1961 1600 2027 1624; x_wconf 91' lang='grc'>000</span> <span class='ocrx_word' id='word_1_815' title='bbox 2052 1589 2167 1624; x_wconf 85' lang='grc'><strong>011010</strong></span> <span class='ocrx_word' id='word_1_816' title='bbox 2194 1593 2369 1624; x_wconf 86' lang='lat' dir='ltr'>convento</span> 
     </span>
     <span class='ocr_line' id='line_1_112' title="bbox 1272 1634 2371 1680; baseline 0 -11"><span class='ocrx_word' id='word_1_817' title='bbox 1272 1635 1361 1669; x_wconf 90' lang='lat' dir='ltr'>alter</span> <span class='ocrx_word' id='word_1_818' title='bbox 1384 1635 1614 1670; x_wconf 90' lang='lat' dir='ltr'>liberabitur:</span> <span class='ocrx_word' id='word_1_819' title='bbox 1641 1634 1705 1670; x_wconf 89' lang='lat' dir='ltr'>sed</span> <span class='ocrx_word' id='word_1_820' title='bbox 1725 1635 1756 1670; x_wconf 91' lang='lat' dir='ltr'>si</span> <span class='ocrx_word' id='word_1_821' title='bbox 1776 1635 1866 1669; x_wconf 90' lang='lat' dir='ltr'>alter</span> <span class='ocrx_word' id='word_1_822' title='bbox 1887 1635 1967 1676; x_wconf 91' lang='lat' dir='ltr'>scit,</span> <span class='ocrx_word' id='word_1_823' title='bbox 1988 1634 2080 1669; x_wconf 91' lang='lat' dir='ltr'>alter</span> <span class='ocrx_word' id='word_1_824' title='bbox 2096 1635 2283 1680; x_wconf 85' lang='lat' dir='ltr'>ignoravit,</span> <span class='ocrx_word' id='word_1_825' title='bbox 2310 1635 2371 1679; x_wconf 91' lang='lat' dir='ltr'>qui</span> 
     </span>
     <span class='ocr_line' id='line_1_113' title="bbox 1270 1680 2368 1725; baseline -0.001 -10"><span class='ocrx_word' id='word_1_826' title='bbox 1270 1680 1339 1715; x_wconf 88' lang='lat' dir='ltr'>scit</span> <span class='ocrx_word' id='word_1_827' title='bbox 1363 1680 1526 1715; x_wconf 89' lang='lat' dir='ltr'>detracta</span> <span class='ocrx_word' id='word_1_828' title='bbox 1549 1691 1666 1716; x_wconf 89' lang='lat' dir='ltr'>noxae</span> <span class='ocrx_word' id='word_1_829' title='bbox 1691 1680 1870 1715; x_wconf 90' lang='lat' dir='ltr'>deditione</span> <span class='ocrx_word' id='word_1_830' title='bbox 1896 1680 2124 1723; x_wconf 89' lang='lat' dir='ltr'>convenitur,</span> <span class='ocrx_word' id='word_1_831' title='bbox 2158 1680 2219 1725; x_wconf 92' lang='lat' dir='ltr'>qui</span> <span class='ocrx_word' id='word_1_832' title='bbox 2243 1680 2368 1722; x_wconf 87' lang='lat' dir='ltr'>nescit,</span> 
     </span>
     <span class='ocr_line' id='line_1_114' title="bbox 1273 1725 2370 1760; baseline 0 0"><span class='ocrx_word' id='word_1_833' title='bbox 1273 1729 1287 1760; x_wconf 89' lang='lat'>1</span> <span class='ocrx_word' id='word_1_834' title='bbox 1339 1737 1420 1760; x_wconf 90' lang='lat' dir='ltr'>cum</span> <span class='ocrx_word' id='word_1_835' title='bbox 1455 1736 1572 1760; x_wconf 89' lang='lat' dir='ltr'>noxae</span> <span class='ocrx_word' id='word_1_836' title='bbox 1609 1725 1799 1760; x_wconf 91' lang='lat' dir='ltr'>deditione.</span> <span class='ocrx_word' id='word_1_837' title='bbox 1848 1725 2059 1760; x_wconf 89' lang='lat' dir='ltr'>Differentia</span> <span class='ocrx_word' id='word_1_838' title='bbox 2090 1729 2210 1760; x_wconf 90' lang='lat' dir='ltr'>autem</span> <span class='ocrx_word' id='word_1_839' title='bbox 2241 1726 2370 1760; x_wconf 91' lang='lat' dir='ltr'>harum</span> 
     </span>
     <span class='ocr_line' id='line_1_115' title="bbox 1270 1770 2368 1815; baseline 0.001 -10"><span class='ocrx_word' id='word_1_840' title='bbox 1270 1772 1453 1806; x_wconf 90' lang='lat' dir='ltr'>actionum</span> <span class='ocrx_word' id='word_1_841' title='bbox 1477 1782 1550 1806; x_wconf 93' lang='lat' dir='ltr'>non</span> <span class='ocrx_word' id='word_1_842' title='bbox 1575 1771 1690 1805; x_wconf 90' lang='lat' dir='ltr'>solum</span> <span class='ocrx_word' id='word_1_843' title='bbox 1713 1770 1775 1805; x_wconf 92' lang='lat' dir='ltr'>illa</span> <span class='ocrx_word' id='word_1_844' title='bbox 1800 1774 1874 1813; x_wconf 91' lang='lat' dir='ltr'>est,</span> <span class='ocrx_word' id='word_1_845' title='bbox 1907 1771 2004 1815; x_wconf 91' lang='lat' dir='ltr'>quod</span> <span class='ocrx_word' id='word_1_846' title='bbox 2037 1771 2098 1815; x_wconf 91' lang='lat' dir='ltr'>qui</span> <span class='ocrx_word' id='word_1_847' title='bbox 2130 1771 2199 1806; x_wconf 88' lang='lat' dir='ltr'>scit</span> <span class='ocrx_word' id='word_1_848' title='bbox 2222 1771 2259 1806; x_wconf 90' lang='lat' dir='ltr'>in</span> <span class='ocrx_word' id='word_1_849' title='bbox 2284 1771 2368 1806; x_wconf 88' lang='lat' dir='ltr'>soli-</span> 
     </span>
     <span class='ocr_line' id='line_1_116' title="bbox 1270 1816 2369 1861; baseline 0 -10"><span class='ocrx_word' id='word_1_850' title='bbox 1270 1817 1354 1851; x_wconf 91' lang='lat' dir='ltr'>dum</span> <span class='ocrx_word' id='word_1_851' title='bbox 1378 1820 1536 1859; x_wconf 89' lang='lat' dir='ltr'>tenetur,</span> <span class='ocrx_word' id='word_1_852' title='bbox 1561 1826 1683 1851; x_wconf 89' lang='lat' dir='ltr'>verum</span> <span class='ocrx_word' id='word_1_853' title='bbox 1707 1816 1768 1851; x_wconf 90' lang='lat' dir='ltr'>illa</span> <span class='ocrx_word' id='word_1_854' title='bbox 1793 1827 1955 1861; x_wconf 91' lang='lat' dir='ltr'>quoque,</span> <span class='ocrx_word' id='word_1_855' title='bbox 1989 1816 2104 1861; x_wconf 90' lang='lat' dir='ltr'>quod,</span> <span class='ocrx_word' id='word_1_856' title='bbox 2138 1816 2211 1851; x_wconf 92' lang='lat' dir='ltr'>sive</span> <span class='ocrx_word' id='word_1_857' title='bbox 2235 1816 2369 1851; x_wconf 89' lang='lat' dir='ltr'>aliena-</span> 
     </span>
     <span class='ocr_line' id='line_1_117' title="bbox 1270 1861 2369 1906; baseline -0.001 -9"><span class='ocrx_word' id='word_1_858' title='bbox 1270 1862 1359 1897; x_wconf 89' lang='lat' dir='ltr'>verit</span> <span class='ocrx_word' id='word_1_859' title='bbox 1391 1873 1531 1896; x_wconf 89' lang='lat' dir='ltr'>servum</span> <span class='ocrx_word' id='word_1_860' title='bbox 1563 1862 1624 1906; x_wconf 92' lang='lat' dir='ltr'>qui</span> <span class='ocrx_word' id='word_1_861' title='bbox 1655 1862 1723 1896; x_wconf 92' lang='lat' dir='ltr'>scit</span> <span class='ocrx_word' id='word_1_862' title='bbox 1755 1861 1828 1896; x_wconf 91' lang='lat' dir='ltr'>sive</span> <span class='ocrx_word' id='word_1_863' title='bbox 1860 1862 2108 1896; x_wconf 90' lang='lat' dir='ltr'>manumiserit</span> <span class='ocrx_word' id='word_1_864' title='bbox 2141 1861 2214 1897; x_wconf 90' lang='lat' dir='ltr'>sive</span> <span class='ocrx_word' id='word_1_865' title='bbox 2246 1861 2369 1896; x_wconf 90' lang='grc'><strong>(10003-</strong></span> 
     </span>
     <span class='ocr_line' id='line_1_118' title="bbox 1271 1907 2370 1952; baseline 0 -10"><span class='ocrx_word' id='word_1_866' title='bbox 1271 1908 1355 1942; x_wconf 88' lang='lat' dir='ltr'>serit</span> <span class='ocrx_word' id='word_1_867' title='bbox 1379 1918 1521 1949; x_wconf 87' lang='lat' dir='ltr'>servus,</span> <span class='ocrx_word' id='word_1_868' title='bbox 1547 1907 1711 1942; x_wconf 83' lang='lat' dir='ltr'>dominus</span> <span class='ocrx_word' id='word_1_869' title='bbox 1735 1911 1897 1942; x_wconf 88' lang='lat' dir='ltr'>tenetur:</span> <span class='ocrx_word' id='word_1_870' title='bbox 1931 1907 1995 1942; x_wconf 91' lang='lat' dir='ltr'>sed</span> <span class='ocrx_word' id='word_1_871' title='bbox 2029 1907 2059 1942; x_wconf 92' lang='lat' dir='ltr'>si</span> <span class='ocrx_word' id='word_1_872' title='bbox 2092 1907 2169 1952; x_wconf 90' lang='lat' dir='ltr'>ipse</span> <span class='ocrx_word' id='word_1_873' title='bbox 2204 1907 2370 1942; x_wconf 88' lang='lat' dir='ltr'>dominus</span> 
     </span>
     <span class='ocr_line' id='line_1_119' title="bbox 1270 1952 1979 1994; baseline -0.001 -7"><span class='ocrx_word' id='word_1_874' title='bbox 1270 1952 1476 1994; x_wconf 87' lang='lat' dir='ltr'>decesserit,</span> <span class='ocrx_word' id='word_1_875' title='bbox 1500 1953 1604 1987; x_wconf 90' lang='lat' dir='ltr'>heres</span> <span class='ocrx_word' id='word_1_876' title='bbox 1630 1952 1705 1987; x_wconf 89' lang='lat' dir='ltr'>eius</span> <span class='ocrx_word' id='word_1_877' title='bbox 1729 1963 1802 1987; x_wconf 92' lang='lat' dir='ltr'>non</span> <span class='ocrx_word' id='word_1_878' title='bbox 1825 1955 1979 1987; x_wconf 90' lang='lat' dir='ltr'>tenetur.</span> 
     </span>
    </p>

    <p class='ocr_par' dir='ltr' id='par_1_18' title="bbox 1270 1995 2371 2088">
     <span class='ocr_line' id='line_1_120' title="bbox 1317 1995 2371 2034; baseline -0.002 0"><span class='ocrx_word' id='word_1_879' title='bbox 1317 1995 1340 2034; x_wconf 87' lang='grc'>6</span> <span class='ocrx_word' id='word_1_880' title='bbox 1367 1998 1473 2033; x_wconf 72' lang='lat' dir='ltr'><em>IDEM</em></span> <span class='ocrx_word' id='word_1_881' title='bbox 1506 1998 1598 2033; x_wconf 81' lang='lat' dir='ltr'>libro</span> <span class='ocrx_word' id='word_1_882' title='bbox 1631 2001 1756 2033; x_wconf 83' lang='lat' dir='ltr'>octavo</span> <span class='ocrx_word' id='word_1_883' title='bbox 1792 1997 1929 2032; x_wconf 81' lang='lat' dir='ltr'>decimo</span> <span class='ocrx_word' id='word_1_884' title='bbox 1963 1997 2013 2032; x_wconf 82' lang='lat' dir='ltr'>ad</span> <span class='ocrx_word' id='word_1_885' title='bbox 2036 1997 2191 2033; x_wconf 82' lang='lat' dir='ltr'>edictum</span> <span class='ocrx_word' id='word_1_886' title='bbox 2239 1997 2309 2032; x_wconf 88' lang='lat' dir='ltr'>Sed</span> <span class='ocrx_word' id='word_1_887' title='bbox 2335 2002 2371 2032; x_wconf 88' lang='lat' dir='ltr'>et</span> 
     </span>
     <span class='ocr_line' id='line_1_121' title="bbox 1270 2043 1933 2088; baseline -0.002 -10"><span class='ocrx_word' id='word_1_888' title='bbox 1270 2044 1345 2088; x_wconf 89' lang='lat' dir='ltr'>ipse</span> <span class='ocrx_word' id='word_1_889' title='bbox 1370 2053 1492 2079; x_wconf 91' lang='lat' dir='ltr'>servus</span> <span class='ocrx_word' id='word_1_890' title='bbox 1517 2043 1756 2078; x_wconf 84' lang='lat' dir='ltr'>manumissus</span> <span class='ocrx_word' id='word_1_891' title='bbox 1780 2046 1933 2078; x_wconf 90' lang='lat' dir='ltr'>tenetur.</span> 
     </span>
    </p>

    <p class='ocr_par' dir='ltr' id='par_1_19' title="bbox 1271 2087 2370 2360">
     <span class='ocr_line' id='line_1_122' title="bbox 1317 2087 2370 2125; baseline -0.002 0"><span class='ocrx_word' id='word_1_892' title='bbox 1317 2087 1340 2125; x_wconf 89' lang='lat'><strong>7</strong></span> <span class='ocrx_word' id='word_1_893' title='bbox 1373 2088 1482 2124; x_wconf 75' lang='lat' dir='ltr'><em>IDEM</em></span> <span class='ocrx_word' id='word_1_894' title='bbox 1514 2089 1606 2124; x_wconf 80' lang='lat' dir='ltr'>libro</span> <span class='ocrx_word' id='word_1_895' title='bbox 1644 2089 1748 2123; x_wconf 79' lang='lat' dir='ltr'>tertio</span> <span class='ocrx_word' id='word_1_896' title='bbox 1783 2088 1833 2123; x_wconf 83' lang='lat' dir='ltr'>ad</span> <span class='ocrx_word' id='word_1_897' title='bbox 1863 2088 2019 2123; x_wconf 80' lang='lat' dir='ltr'>edictum</span> <span class='ocrx_word' id='word_1_898' title='bbox 2065 2087 2216 2124; x_wconf 86' lang='lat' dir='ltr'>Noxalis</span> <span class='ocrx_word' id='word_1_899' title='bbox 2248 2091 2370 2123; x_wconf 87' lang='lat' dir='ltr'>autem</span> 
     </span>
     <span class='ocr_line' id='line_1_123' title="bbox 1272 2133 2369 2179; baseline 0 -11"><span class='ocrx_word' id='word_1_900' title='bbox 1272 2145 1342 2170; x_wconf 86' lang='lat' dir='ltr'>non</span> <span class='ocrx_word' id='word_1_901' title='bbox 1367 2135 1456 2169; x_wconf 87' lang='grc'><strong>01103</strong></span> <span class='ocrx_word' id='word_1_902' title='bbox 1481 2133 1599 2175; x_wconf 88' lang='grc'><strong>(10101,</strong></span> <span class='ocrx_word' id='word_1_903' title='bbox 1624 2133 1693 2168; x_wconf 87' lang='grc'><strong>0131</strong></span> <span class='ocrx_word' id='word_1_904' title='bbox 1717 2133 1814 2178; x_wconf 89' lang='lat' dir='ltr'>apud</span> <span class='ocrx_word' id='word_1_905' title='bbox 1837 2144 1894 2168; x_wconf 91' lang='lat' dir='ltr'>me</span> <span class='ocrx_word' id='word_1_906' title='bbox 1919 2133 1965 2168; x_wconf 91' lang='lat' dir='ltr'>sit</span> <span class='ocrx_word' id='word_1_907' title='bbox 1989 2144 2129 2168; x_wconf 89' lang='lat' dir='ltr'>servus:</span> <span class='ocrx_word' id='word_1_908' title='bbox 2158 2138 2192 2168; x_wconf 88' lang='lat' dir='ltr'>et</span> <span class='ocrx_word' id='word_1_909' title='bbox 2218 2133 2247 2168; x_wconf 90' lang='lat' dir='ltr'>si</span> <span class='ocrx_word' id='word_1_910' title='bbox 2272 2133 2369 2179; x_wconf 90' lang='lat' dir='ltr'>apud</span> 
     </span>
     <span class='ocr_line' id='line_1_124' title="bbox 1272 2178 2368 2224; baseline -0.001 -10"><span class='ocrx_word' id='word_1_911' title='bbox 1272 2191 1325 2215; x_wconf 90' lang='lat' dir='ltr'>me</span> <span class='ocrx_word' id='word_1_912' title='bbox 1349 2179 1405 2221; x_wconf 87' lang='lat' dir='ltr'>sit,</span> <span class='ocrx_word' id='word_1_913' title='bbox 1429 2179 1514 2215; x_wconf 90' lang='lat' dir='ltr'>licet</span> <span class='ocrx_word' id='word_1_914' title='bbox 1539 2189 1580 2214; x_wconf 92' lang='lat' dir='ltr'>eo</span> <span class='ocrx_word' id='word_1_915' title='bbox 1605 2182 1765 2223; x_wconf 90' lang='lat' dir='ltr'>tempore</span> <span class='ocrx_word' id='word_1_916' title='bbox 1788 2189 1862 2214; x_wconf 89' lang='grc'>000</span> <span class='ocrx_word' id='word_1_917' title='bbox 1884 2179 1964 2221; x_wconf 87' lang='grc'><strong>1011,</strong></span> <span class='ocrx_word' id='word_1_918' title='bbox 1991 2189 2060 2224; x_wconf 90' lang='lat' dir='ltr'>quo</span> <span class='ocrx_word' id='word_1_919' title='bbox 2086 2178 2318 2224; x_wconf 89' lang='lat' dir='ltr'>delinquebat</span> <span class='ocrx_word' id='word_1_920' title='bbox 2331 2179 2368 2221; x_wconf 80' lang='lat'>¹2,</span> 
     </span>
     <span class='ocr_line' id='line_1_125' title="bbox 1276 2224 2368 2267; baseline 0.001 -9"><span class='ocrx_word' id='word_1_921' title='bbox 1276 2229 1285 2258; x_wconf 90' lang='lat' dir='ltr'>l</span> <span class='ocrx_word' id='word_1_922' title='bbox 1337 2228 1471 2267; x_wconf 90' lang='lat' dir='ltr'>teneor,</span> <span class='ocrx_word' id='word_1_923' title='bbox 1486 2228 1521 2259; x_wconf 93' lang='lat' dir='ltr'>et</span> <span class='ocrx_word' id='word_1_924' title='bbox 1533 2224 1637 2259; x_wconf 89' lang='lat' dir='ltr'>heres</span> <span class='ocrx_word' id='word_1_925' title='bbox 1651 2235 1751 2259; x_wconf 90' lang='lat' dir='ltr'>meus</span> <span class='ocrx_word' id='word_1_926' title='bbox 1763 2227 1916 2266; x_wconf 85' lang='lat' dir='ltr'>tenetur,</span> <span class='ocrx_word' id='word_1_927' title='bbox 1937 2225 1967 2258; x_wconf 87' lang='lat' dir='ltr'>si</span> <span class='ocrx_word' id='word_1_928' title='bbox 1979 2224 2107 2259; x_wconf 91' lang='lat' dir='ltr'>noxius</span> <span class='ocrx_word' id='word_1_929' title='bbox 2119 2224 2225 2259; x_wconf 88' lang='lat' dir='ltr'>vivat.</span> <span class='ocrx_word' id='word_1_930' title='bbox 2261 2224 2368 2259; x_wconf 92' lang='lat' dir='ltr'>Pom-</span> 
     </span>
     <span class='ocr_line' id='line_1_126' title="bbox 1271 2269 2368 2314; baseline 0.001 -10"><span class='ocrx_word' id='word_1_931' title='bbox 1271 2271 1397 2314; x_wconf 82' lang='lat' dir='ltr'>ponius</span> <span class='ocrx_word' id='word_1_932' title='bbox 1423 2270 1485 2311; x_wconf 87' lang='lat' dir='ltr'>ait,</span> <span class='ocrx_word' id='word_1_933' title='bbox 1510 2270 1539 2305; x_wconf 90' lang='lat' dir='ltr'>si</span> <span class='ocrx_word' id='word_1_934' title='bbox 1565 2274 1704 2314; x_wconf 87' lang='lat' dir='ltr'>emptor</span> <span class='ocrx_word' id='word_1_935' title='bbox 1727 2270 1820 2304; x_wconf 91' lang='lat' dir='ltr'>servi</span> <span class='ocrx_word' id='word_1_936' title='bbox 1843 2269 1964 2304; x_wconf 89' lang='lat' dir='ltr'>noxali</span> <span class='ocrx_word' id='word_1_937' title='bbox 1985 2273 2181 2305; x_wconf 89' lang='lat' dir='ltr'>conventus</span> <span class='ocrx_word' id='word_1_938' title='bbox 2202 2269 2260 2312; x_wconf 91' lang='lat' dir='ltr'>sit,</span> <span class='ocrx_word' id='word_1_939' title='bbox 2284 2281 2368 2305; x_wconf 90' lang='lat' dir='ltr'>ven-</span> 
     </span>
     <span class='ocr_line' id='line_1_127' title="bbox 1271 2315 2367 2360; baseline 0 -10"><span class='ocrx_word' id='word_1_940' title='bbox 1271 2316 1432 2357; x_wconf 83' lang='lat' dir='ltr'>ditorem,</span> <span class='ocrx_word' id='word_1_941' title='bbox 1443 2326 1514 2360; x_wconf 89' lang='lat' dir='ltr'>quo</span> <span class='ocrx_word' id='word_1_942' title='bbox 1524 2315 1659 2350; x_wconf 91' lang='lat' dir='ltr'>sciente</span> <span class='ocrx_word' id='word_1_943' title='bbox 1667 2315 1804 2350; x_wconf 86' lang='lat' dir='ltr'>factum</span> <span class='ocrx_word' id='word_1_944' title='bbox 1814 2319 1879 2357; x_wconf 90' lang='lat' dir='ltr'>est,</span> <span class='ocrx_word' id='word_1_945' title='bbox 1898 2315 2079 2350; x_wconf 89' lang='lat' dir='ltr'>conveniri</span> <span class='ocrx_word' id='word_1_946' title='bbox 2086 2315 2158 2350; x_wconf 90' lang='lat' dir='ltr'>iam</span> <span class='ocrx_word' id='word_1_947' title='bbox 2168 2325 2240 2350; x_wconf 93' lang='lat' dir='ltr'>non</span> <span class='ocrx_word' id='word_1_948' title='bbox 2249 2325 2367 2359; x_wconf 87' lang='lat' dir='ltr'>posse.</span> 
     </span>
    </p>

    <p class='ocr_par' dir='ltr' id='par_1_20' title="bbox 1269 2358 2370 3218">
     <span class='ocr_line' id='line_1_128' title="bbox 1317 2358 2368 2407; baseline -0.001 -11"><span class='ocrx_word' id='word_1_949' title='bbox 1317 2358 1341 2398; x_wconf 89' lang='grc'><strong>8</strong></span> <span class='ocrx_word' id='word_1_950' title='bbox 1366 2360 1476 2396; x_wconf 78' lang='lat' dir='ltr'><em>IDEM</em></span> <span class='ocrx_word' id='word_1_951' title='bbox 1503 2361 1595 2396; x_wconf 80' lang='lat' dir='ltr'>libro</span> <span class='ocrx_word' id='word_1_952' title='bbox 1629 2361 1839 2407; x_wconf 72' lang='lat' dir='ltr'>triqensimo</span> <span class='ocrx_word' id='word_1_953' title='bbox 1871 2361 2022 2406; x_wconf 78' lang='lat' dir='ltr'>septimo</span> <span class='ocrx_word' id='word_1_954' title='bbox 2054 2360 2105 2395; x_wconf 86' lang='lat' dir='ltr'>ad</span> <span class='ocrx_word' id='word_1_955' title='bbox 2126 2360 2282 2395; x_wconf 75' lang='lat' dir='ltr'>edictum</span> <span class='ocrx_word' id='word_1_956' title='bbox 2330 2359 2368 2395; x_wconf 87' lang='lat' dir='ltr'>Si</span> 
     </span>
     <span class='ocr_line' id='line_1_129' title="bbox 1270 2405 2369 2450; baseline -0.001 -9"><span class='ocrx_word' id='word_1_957' title='bbox 1270 2417 1392 2442; x_wconf 89' lang='lat' dir='ltr'>servus</span> <span class='ocrx_word' id='word_1_958' title='bbox 1418 2406 1615 2441; x_wconf 91' lang='lat' dir='ltr'>communis</span> <span class='ocrx_word' id='word_1_959' title='bbox 1639 2405 1775 2440; x_wconf 91' lang='lat' dir='ltr'>furtum</span> <span class='ocrx_word' id='word_1_960' title='bbox 1798 2405 1935 2448; x_wconf 89' lang='lat' dir='ltr'>fecerit,</span> <span class='ocrx_word' id='word_1_961' title='bbox 1961 2405 2073 2450; x_wconf 83' lang='lat' dir='ltr'>quivis</span> <span class='ocrx_word' id='word_1_962' title='bbox 2095 2416 2140 2441; x_wconf 90' lang='lat' dir='ltr'>ex</span> <span class='ocrx_word' id='word_1_963' title='bbox 2160 2405 2311 2440; x_wconf 91' lang='lat' dir='ltr'>dominis</span> <span class='ocrx_word' id='word_1_964' title='bbox 2331 2406 2369 2440; x_wconf 92' lang='grc'>10</span> 
     </span>
     <span class='ocr_line' id='line_1_130' title="bbox 1270 2450 2366 2495; baseline -0.003 -8"><span class='ocrx_word' id='word_1_965' title='bbox 1270 2452 1423 2487; x_wconf 90' lang='lat' dir='ltr'>solidum</span> <span class='ocrx_word' id='word_1_966' title='bbox 1455 2451 1577 2486; x_wconf 88' lang='lat' dir='ltr'>noxali</span> <span class='ocrx_word' id='word_1_967' title='bbox 1607 2451 1739 2486; x_wconf 90' lang='lat' dir='ltr'>iudicio</span> <span class='ocrx_word' id='word_1_968' title='bbox 1771 2455 1933 2486; x_wconf 87' lang='lat' dir='ltr'>tenetur:</span> <span class='ocrx_word' id='word_1_969' title='bbox 1967 2461 2081 2495; x_wconf 90' lang='lat' dir='ltr'>eoque</span> <span class='ocrx_word' id='word_1_970' title='bbox 2111 2450 2190 2485; x_wconf 89' lang='lat' dir='ltr'>iure</span> <span class='ocrx_word' id='word_1_971' title='bbox 2221 2450 2366 2485; x_wconf 89' lang='lat' dir='ltr'>utimur.</span> 
     </span>
     <span class='ocr_line' id='line_1_131' title="bbox 1270 2495 2367 2541; baseline -0.001 -9"><span class='ocrx_word' id='word_1_972' title='bbox 1270 2497 1334 2532; x_wconf 91' lang='lat' dir='ltr'>sed</span> <span class='ocrx_word' id='word_1_973' title='bbox 1364 2507 1437 2531; x_wconf 90' lang='lat' dir='ltr'>non</span> <span class='ocrx_word' id='word_1_974' title='bbox 1471 2496 1560 2531; x_wconf 89' lang='lat' dir='ltr'>alias</span> <span class='ocrx_word' id='word_1_975' title='bbox 1592 2496 1725 2541; x_wconf 90' lang='lat' dir='ltr'>poterit</span> <span class='ocrx_word' id='word_1_976' title='bbox 1754 2497 1785 2531; x_wconf 87' lang='grc'>13</span> <span class='ocrx_word' id='word_1_977' title='bbox 1818 2497 1878 2541; x_wconf 85' lang='grc'><strong>(101</strong></span> <span class='ocrx_word' id='word_1_978' title='bbox 1911 2499 2106 2531; x_wconf 90' lang='lat' dir='ltr'>conventus</span> <span class='ocrx_word' id='word_1_979' title='bbox 2140 2498 2195 2530; x_wconf 90' lang='lat' dir='ltr'>est</span> <span class='ocrx_word' id='word_1_980' title='bbox 2218 2495 2367 2531; x_wconf 90' lang='lat' dir='ltr'>evadere</span> 
     </span>
     <span class='ocr_line' id='line_1_132' title="bbox 1269 2540 2369 2581; baseline -0.002 -4"><span class='ocrx_word' id='word_1_981' title='bbox 1269 2543 1341 2577; x_wconf 91' lang='lat' dir='ltr'>litis</span> <span class='ocrx_word' id='word_1_982' title='bbox 1379 2542 1684 2581; x_wconf 86' lang='lat' dir='ltr'>aestimationem,</span> <span class='ocrx_word' id='word_1_983' title='bbox 1719 2542 1788 2576; x_wconf 91' lang='lat' dir='ltr'>nisi</span> <span class='ocrx_word' id='word_1_984' title='bbox 1822 2542 1858 2576; x_wconf 91' lang='lat' dir='ltr'>in</span> <span class='ocrx_word' id='word_1_985' title='bbox 1895 2541 2047 2576; x_wconf 87' lang='lat' dir='ltr'>solidum</span> <span class='ocrx_word' id='word_1_986' title='bbox 2083 2550 2200 2575; x_wconf 90' lang='lat' dir='ltr'>noxae</span> <span class='ocrx_word' id='word_1_987' title='bbox 2230 2540 2369 2576; x_wconf 89' lang='lat' dir='ltr'>dederit</span> 
     </span>
     <span class='ocr_line' id='line_1_133' title="bbox 1270 2585 2368 2630; baseline -0.003 -7"><span class='ocrx_word' id='word_1_988' title='bbox 1270 2598 1429 2630; x_wconf 91' lang='lat' dir='ltr'>servum,</span> <span class='ocrx_word' id='word_1_989' title='bbox 1462 2597 1529 2622; x_wconf 90' lang='lat' dir='ltr'>nec</span> <span class='ocrx_word' id='word_1_990' title='bbox 1552 2587 1724 2622; x_wconf 87' lang='lat' dir='ltr'>ferendus</span> <span class='ocrx_word' id='word_1_991' title='bbox 1750 2588 1863 2628; x_wconf 88' lang='lat' dir='ltr'>est¹³,</span> <span class='ocrx_word' id='word_1_992' title='bbox 1889 2586 1920 2621; x_wconf 92' lang='lat' dir='ltr'>si</span> <span class='ocrx_word' id='word_1_993' title='bbox 1943 2590 2082 2630; x_wconf 89' lang='lat' dir='ltr'>partem</span> <span class='ocrx_word' id='word_1_994' title='bbox 2107 2585 2236 2621; x_wconf 90' lang='lat' dir='ltr'>dedere</span> <span class='ocrx_word' id='word_1_995' title='bbox 2259 2585 2368 2621; x_wconf 88' lang='lat' dir='ltr'>fuerit</span> 
     </span>
     <span class='ocr_line' id='line_1_134' title="bbox 1270 2630 2368 2677; baseline -0.002 -10"><span class='ocrx_word' id='word_1_996' title='bbox 1270 2637 1430 2677; x_wconf 89' lang='lat' dir='ltr'>paratus.</span> <span class='ocrx_word' id='word_1_997' title='bbox 1475 2633 1582 2677; x_wconf 89' lang='lat' dir='ltr'>plane</span> <span class='ocrx_word' id='word_1_998' title='bbox 1619 2632 1650 2666; x_wconf 93' lang='lat' dir='ltr'>si</span> <span class='ocrx_word' id='word_1_999' title='bbox 1684 2636 1832 2676; x_wconf 92' lang='lat' dir='ltr'>propter</span> <span class='ocrx_word' id='word_1_1000' title='bbox 1866 2632 1953 2671; x_wconf 85' lang='lat' dir='ltr'>hoc,</span> <span class='ocrx_word' id='word_1_1001' title='bbox 1988 2630 2084 2675; x_wconf 90' lang='lat' dir='ltr'>quod</span> <span class='ocrx_word' id='word_1_1002' title='bbox 2115 2631 2204 2666; x_wconf 89' lang='lat' dir='ltr'>socii</span> <span class='ocrx_word' id='word_1_1003' title='bbox 2237 2630 2368 2666; x_wconf 87' lang='lat' dir='ltr'>dedere</span> 
     </span>
     <span class='ocr_line' id='line_1_135' title="bbox 1271 2676 2370 2723; baseline -0.001 -10"><span class='ocrx_word' id='word_1_1004' title='bbox 1271 2679 1388 2723; x_wconf 88' lang='lat' dir='ltr'>parati</span> <span class='ocrx_word' id='word_1_1005' title='bbox 1419 2688 1492 2713; x_wconf 91' lang='lat' dir='ltr'>non</span> <span class='ocrx_word' id='word_1_1006' title='bbox 1522 2677 1676 2719; x_wconf 90' lang='lat' dir='ltr'>fuerint,</span> <span class='ocrx_word' id='word_1_1007' title='bbox 1709 2678 1746 2711; x_wconf 91' lang='grc'>10</span> <span class='ocrx_word' id='word_1_1008' title='bbox 1779 2676 1932 2712; x_wconf 84' lang='grc' dir='ltr'><strong>3011ᾱοιο</strong></span> <span class='ocrx_word' id='word_1_1009' title='bbox 1962 2676 2072 2710; x_wconf 84' lang='grc'><strong>100111</strong></span> <span class='ocrx_word' id='word_1_1010' title='bbox 2096 2676 2370 2717; x_wconf 85' lang='lat' dir='ltr'>condemnatus,</span> 
     </span>
     <span class='ocr_line' id='line_1_136' title="bbox 1271 2721 2366 2758; baseline -0.001 0"><span class='ocrx_word' id='word_1_1011' title='bbox 1271 2723 1450 2758; x_wconf 89' lang='lat' dir='ltr'>communi</span> <span class='ocrx_word' id='word_1_1012' title='bbox 1482 2722 1675 2757; x_wconf 89' lang='lat' dir='ltr'>dividundo</span> <span class='ocrx_word' id='word_1_1013' title='bbox 1709 2722 1764 2756; x_wconf 91' lang='lat' dir='ltr'>vel</span> <span class='ocrx_word' id='word_1_1014' title='bbox 1794 2721 1952 2756; x_wconf 85' lang='lat' dir='ltr'>familiae</span> <span class='ocrx_word' id='word_1_1015' title='bbox 1976 2721 2210 2756; x_wconf 90' lang='lat' dir='ltr'>erciscundae</span> <span class='ocrx_word' id='word_1_1016' title='bbox 2232 2722 2366 2757; x_wconf 90' lang='lat' dir='ltr'>iudicio</span> 
     </span>
     <span class='ocr_line' id='line_1_137' title="bbox 1271 2767 2367 2811; baseline -0.001 -8"><span class='ocrx_word' id='word_1_1017' title='bbox 1271 2769 1440 2803; x_wconf 88' lang='lat' dir='ltr'>adversus</span> <span class='ocrx_word' id='word_1_1018' title='bbox 1466 2778 1526 2803; x_wconf 89' lang='lat' dir='ltr'>eos</span> <span class='ocrx_word' id='word_1_1019' title='bbox 1552 2768 1765 2811; x_wconf 90' lang='lat' dir='ltr'>experietur.</span> <span class='ocrx_word' id='word_1_1020' title='bbox 1803 2770 1887 2802; x_wconf 89' lang='lat' dir='ltr'>ante</span> <span class='ocrx_word' id='word_1_1021' title='bbox 1917 2767 2047 2802; x_wconf 91' lang='lat' dir='ltr'>noxale</span> <span class='ocrx_word' id='word_1_1022' title='bbox 2078 2777 2165 2802; x_wconf 89' lang='lat' dir='ltr'>sane</span> <span class='ocrx_word' id='word_1_1023' title='bbox 2195 2767 2367 2802; x_wconf 88' lang='lat' dir='ltr'>iudicium</span> 
     </span>
     <span class='ocr_line' id='line_1_138' title="bbox 1271 2812 2365 2858; baseline -0.001 -10"><span class='ocrx_word' id='word_1_1024' title='bbox 1271 2817 1459 2858; x_wconf 89' lang='lat' dir='ltr'>acceptum</span> <span class='ocrx_word' id='word_1_1025' title='bbox 1482 2812 1616 2857; x_wconf 88' lang='lat' dir='ltr'>poterit</span> <span class='ocrx_word' id='word_1_1026' title='bbox 1637 2823 1704 2847; x_wconf 91' lang='lat' dir='ltr'>sua</span> <span class='ocrx_word' id='word_1_1027' title='bbox 1728 2815 1830 2856; x_wconf 90' lang='lat' dir='ltr'>parte</span> <span class='ocrx_word' id='word_1_1028' title='bbox 1850 2812 2009 2847; x_wconf 89' lang='lat' dir='ltr'>cedendo</span> <span class='ocrx_word' id='word_1_1029' title='bbox 2030 2812 2258 2847; x_wconf 86' lang='lat' dir='ltr'>securitatem</span> <span class='ocrx_word' id='word_1_1030' title='bbox 2280 2823 2365 2847; x_wconf 91' lang='grc'><strong>000-</strong></span> 
     </span>
     <span class='ocr_line' id='line_1_139' title="bbox 1272 2857 2364 2903; baseline -0.001 -10"><span class='ocrx_word' id='word_1_1031' title='bbox 1272 2859 1391 2903; x_wconf 90' lang='lat' dir='ltr'>sequi,</span> <span class='ocrx_word' id='word_1_1032' title='bbox 1416 2868 1462 2892; x_wconf 92' lang='lat' dir='ltr'>ne</span> <span class='ocrx_word' id='word_1_1033' title='bbox 1485 2867 1632 2892; x_wconf 90' lang='lat' dir='ltr'>necesse</span> <span class='ocrx_word' id='word_1_1034' title='bbox 1655 2857 1788 2892; x_wconf 85' lang='lat' dir='ltr'>habeat</span> <span class='ocrx_word' id='word_1_1035' title='bbox 1811 2858 1995 2902; x_wconf 89' lang='lat' dir='ltr'>suscipere</span> <span class='ocrx_word' id='word_1_1036' title='bbox 2018 2857 2207 2892; x_wconf 89' lang='lat' dir='ltr'>iudicium:</span> <span class='ocrx_word' id='word_1_1037' title='bbox 2242 2868 2364 2903; x_wconf 91' lang='lat' dir='ltr'>quam-</span> 
     </span>
     <span class='ocr_line' id='line_1_140' title="bbox 1272 2902 2366 2948; baseline 0 -11"><span class='ocrx_word' id='word_1_1038' title='bbox 1272 2914 1377 2948; x_wconf 88' lang='lat' dir='ltr'>quam</span> <span class='ocrx_word' id='word_1_1039' title='bbox 1402 2903 1479 2948; x_wconf 90' lang='lat' dir='ltr'>quis</span> <span class='ocrx_word' id='word_1_1040' title='bbox 1505 2903 1620 2947; x_wconf 90' lang='lat' dir='ltr'>possit</span> <span class='ocrx_word' id='word_1_1041' title='bbox 1645 2902 1762 2937; x_wconf 86' lang='lat' dir='ltr'>dicere</span> <span class='ocrx_word' id='word_1_1042' title='bbox 1787 2903 1946 2946; x_wconf 87' lang='lat' dir='ltr'>evenire,</span> <span class='ocrx_word' id='word_1_1043' title='bbox 1978 2906 2038 2945; x_wconf 91' lang='lat' dir='ltr'>ut,</span> <span class='ocrx_word' id='word_1_1044' title='bbox 2072 2902 2157 2937; x_wconf 87' lang='lat' dir='ltr'>dum</span> <span class='ocrx_word' id='word_1_1045' title='bbox 2180 2913 2266 2948; x_wconf 88' lang='lat' dir='ltr'>pars</span> <span class='ocrx_word' id='word_1_1046' title='bbox 2292 2903 2366 2938; x_wconf 88' lang='lat' dir='ltr'>eive</span> 
     </span>
     <span class='ocr_line' id='line_1_141' title="bbox 1272 2948 2366 2993; baseline -0.001 -10"><span class='ocrx_word' id='word_1_1047' title='bbox 1272 2949 1357 2983; x_wconf 86' lang='lat' dir='ltr'>data</span> <span class='ocrx_word' id='word_1_1048' title='bbox 1371 2949 1397 2969; x_wconf 59' lang='grc' dir='ltr'><strong>Ν</strong></span> <span class='ocrx_word' id='word_1_1049' title='bbox 1433 2948 1575 2982; x_wconf 90' lang='lat' dir='ltr'>amittat</span> <span class='ocrx_word' id='word_1_1050' title='bbox 1610 2948 1805 2982; x_wconf 88' lang='lat' dir='ltr'>actionem:</span> <span class='ocrx_word' id='word_1_1051' title='bbox 1840 2948 2005 2983; x_wconf 90' lang='lat' dir='ltr'>dominus</span> <span class='ocrx_word' id='word_1_1052' title='bbox 2041 2948 2133 2982; x_wconf 91' lang='lat' dir='ltr'>enim</span> <span class='ocrx_word' id='word_1_1053' title='bbox 2164 2959 2230 2993; x_wconf 90' lang='lat' dir='ltr'>pro</span> <span class='ocrx_word' id='word_1_1054' title='bbox 2263 2952 2366 2993; x_wconf 88' lang='lat' dir='ltr'>parte</span> 
     </span>
     <span class='ocr_line' id='line_1_142' title="bbox 1270 2993 2365 3038; baseline 0 -10"><span class='ocrx_word' id='word_1_1055' title='bbox 1270 2994 1389 3028; x_wconf 90' lang='lat' dir='ltr'>factus</span> <span class='ocrx_word' id='word_1_1056' title='bbox 1409 3004 1481 3028; x_wconf 91' lang='lat' dir='ltr'>non</span> <span class='ocrx_word' id='word_1_1057' title='bbox 1500 2996 1621 3038; x_wconf 90' lang='lat' dir='ltr'>potest</span> <span class='ocrx_word' id='word_1_1058' title='bbox 1640 3004 1720 3027; x_wconf 91' lang='lat' dir='ltr'>cum</span> <span class='ocrx_word' id='word_1_1059' title='bbox 1739 2993 1837 3028; x_wconf 89' lang='lat' dir='ltr'>socio</span> <span class='ocrx_word' id='word_1_1060' title='bbox 1857 2994 1980 3028; x_wconf 87' lang='lat' dir='ltr'>noxali</span> <span class='ocrx_word' id='word_1_1061' title='bbox 2001 2993 2162 3038; x_wconf 90' lang='lat' dir='ltr'>experiri.</span> <span class='ocrx_word' id='word_1_1062' title='bbox 2199 2993 2365 3028; x_wconf 89' lang='lat' dir='ltr'>fortassis</span> 
     </span>
     <span class='ocr_line' id='line_1_143' title="bbox 1271 3038 2365 3084; baseline -0.001 -10"><span class='ocrx_word' id='word_1_1063' title='bbox 1271 3049 1336 3074; x_wconf 90' lang='lat' dir='ltr'>nec</span> <span class='ocrx_word' id='word_1_1064' title='bbox 1371 3039 1551 3074; x_wconf 92' lang='lat' dir='ltr'>communi</span> <span class='ocrx_word' id='word_1_1065' title='bbox 1587 3038 1779 3074; x_wconf 89' lang='lat' dir='ltr'>dividundo</span> <span class='ocrx_word' id='word_1_1066' title='bbox 1812 3048 1915 3083; x_wconf 87' lang='lat' dir='ltr'>agere</span> <span class='ocrx_word' id='word_1_1067' title='bbox 1943 3039 2058 3084; x_wconf 89' lang='lat' dir='ltr'>possit</span> <span class='ocrx_word' id='word_1_1068' title='bbox 2089 3038 2165 3073; x_wconf 92' lang='lat' dir='ltr'>eius</span> <span class='ocrx_word' id='word_1_1069' title='bbox 2201 3039 2365 3073; x_wconf 86' lang='lat' dir='ltr'>maleficii</span> 
     </span>
     <span class='ocr_line' id='line_1_144' title="bbox 1271 3083 2365 3129; baseline -0.001 -10"><span class='ocrx_word' id='word_1_1070' title='bbox 1271 3084 1423 3126; x_wconf 90' lang='lat' dir='ltr'>nomine,</span> <span class='ocrx_word' id='word_1_1071' title='bbox 1447 3083 1543 3128; x_wconf 89' lang='lat' dir='ltr'>quod</span> <span class='ocrx_word' id='word_1_1072' title='bbox 1556 3088 1639 3118; x_wconf 88' lang='lat' dir='ltr'>ante</span> <span class='ocrx_word' id='word_1_1073' title='bbox 1652 3084 1935 3119; x_wconf 92' lang='lat' dir='ltr'>communionem</span> <span class='ocrx_word' id='word_1_1074' title='bbox 1957 3084 2150 3118; x_wconf 90' lang='lat' dir='ltr'>admissum</span> <span class='ocrx_word' id='word_1_1075' title='bbox 2171 3088 2242 3119; x_wconf 89' lang='lat' dir='ltr'>est:</span> <span class='ocrx_word' id='word_1_1076' title='bbox 2270 3083 2365 3129; x_wconf 89' lang='lat' dir='ltr'>quod</span> 
     </span>
     <span class='ocr_line' id='line_1_145' title="bbox 1271 3128 2364 3174; baseline -0.001 -10"><span class='ocrx_word' id='word_1_1077' title='bbox 1271 3130 1301 3164; x_wconf 90' lang='lat' dir='ltr'>si</span> <span class='ocrx_word' id='word_1_1078' title='bbox 1325 3140 1397 3165; x_wconf 89' lang='lat' dir='ltr'>non</span> <span class='ocrx_word' id='word_1_1079' title='bbox 1420 3132 1558 3174; x_wconf 88' lang='lat' dir='ltr'>potest,</span> <span class='ocrx_word' id='word_1_1080' title='bbox 1585 3128 1738 3163; x_wconf 89' lang='lat' dir='ltr'>evidenti</span> <span class='ocrx_word' id='word_1_1081' title='bbox 1760 3129 1890 3164; x_wconf 88' lang='lat' dir='ltr'>iniuria</span> <span class='ocrx_word' id='word_1_1082' title='bbox 1914 3129 2114 3164; x_wconf 89' lang='lat' dir='ltr'>adficietur.</span> <span class='ocrx_word' id='word_1_1083' title='bbox 2153 3128 2216 3164; x_wconf 90' lang='lat' dir='ltr'>sed</span> <span class='ocrx_word' id='word_1_1084' title='bbox 2239 3129 2364 3163; x_wconf 91' lang='lat' dir='ltr'>melius</span> 
     </span>
     <span class='ocr_line' id='line_1_146' title="bbox 1271 3173 2362 3218; baseline -0.002 -9"><span class='ocrx_word' id='word_1_1085' title='bbox 1271 3179 1325 3210; x_wconf 90' lang='lat' dir='ltr'>est</span> <span class='ocrx_word' id='word_1_1086' title='bbox 1345 3175 1475 3216; x_wconf 89' lang='lat' dir='ltr'>dicere,</span> <span class='ocrx_word' id='word_1_1087' title='bbox 1499 3177 1699 3218; x_wconf 91' lang='lat' dir='ltr'>competere</span> <span class='ocrx_word' id='word_1_1088' title='bbox 1720 3174 1752 3208; x_wconf 92' lang='lat' dir='ltr'>ei</span> <span class='ocrx_word' id='word_1_1089' title='bbox 1771 3175 1951 3209; x_wconf 90' lang='lat' dir='ltr'>communi</span> <span class='ocrx_word' id='word_1_1090' title='bbox 1970 3173 2161 3209; x_wconf 89' lang='lat' dir='ltr'>dividundo</span> <span class='ocrx_word' id='word_1_1091' title='bbox 2181 3174 2362 3209; x_wconf 88' lang='lat' dir='ltr'>iudicium.</span> 
     </span>
    </p>

    <p class='ocr_par' dir='ltr' id='par_1_21' title="bbox 1269 3217 2363 3534">
     <span class='ocr_line' id='line_1_147' title="bbox 1317 3217 2363 3266; baseline -0.004 -10"><span class='ocrx_word' id='word_1_1092' title='bbox 1317 3217 1341 3256; x_wconf 87' lang='grc'>9</span> <span class='ocrx_word' id='word_1_1093' title='bbox 1367 3219 1527 3254; x_wconf 71' lang='lat' dir='ltr'><strong><em>PAULUS</em></strong></span> <span class='ocrx_word' id='word_1_1094' title='bbox 1556 3219 1647 3254; x_wconf 76' lang='lat' dir='ltr'>libro</span> <span class='ocrx_word' id='word_1_1095' title='bbox 1682 3220 1891 3266; x_wconf 70' lang='lat' dir='ltr'>triqensz&#39;mo</span> <span class='ocrx_word' id='word_1_1096' title='bbox 1924 3231 2020 3254; x_wconf 75' lang='lat' dir='ltr'><em>nono</em></span> <span class='ocrx_word' id='word_1_1097' title='bbox 2052 3219 2103 3254; x_wconf 84' lang='lat' dir='ltr'>ad</span> <span class='ocrx_word' id='word_1_1098' title='bbox 2125 3219 2279 3255; x_wconf 78' lang='lat' dir='ltr'>edictum</span> <span class='ocrx_word' id='word_1_1099' title='bbox 2327 3218 2363 3252; x_wconf 85' lang='lat' dir='ltr'>Si</span> 
     </span>
     <span class='ocr_line' id='line_1_148' title="bbox 1271 3263 2362 3300; baseline -0.002 -1"><span class='ocrx_word' id='word_1_1100' title='bbox 1271 3265 1467 3299; x_wconf 89' lang='lat' dir='ltr'>communis</span> <span class='ocrx_word' id='word_1_1101' title='bbox 1498 3263 1635 3298; x_wconf 87' lang='lat' dir='ltr'>familia</span> <span class='ocrx_word' id='word_1_1102' title='bbox 1657 3265 1713 3299; x_wconf 90' lang='lat' dir='ltr'>vel</span> <span class='ocrx_word' id='word_1_1103' title='bbox 1738 3265 1933 3300; x_wconf 90' lang='lat' dir='ltr'>communis</span> <span class='ocrx_word' id='word_1_1104' title='bbox 1959 3274 2081 3299; x_wconf 88' lang='lat' dir='ltr'>servus</span> <span class='ocrx_word' id='word_1_1105' title='bbox 2106 3263 2243 3299; x_wconf 88' lang='lat' dir='ltr'>furtum</span> <span class='ocrx_word' id='word_1_1106' title='bbox 2266 3263 2362 3298; x_wconf 88' lang='lat' dir='ltr'>fece-</span> 
     </span>
     <span class='ocr_line' id='line_1_149' title="bbox 1269 3308 2362 3354; baseline -0.003 -10"><span class='ocrx_word' id='word_1_1107' title='bbox 1269 3310 1316 3344; x_wconf 92' lang='lat' dir='ltr'>rit</span> <span class='ocrx_word' id='word_1_1108' title='bbox 1339 3310 1451 3344; x_wconf 88' lang='lat' dir='ltr'>altero</span> <span class='ocrx_word' id='word_1_1109' title='bbox 1477 3319 1521 3344; x_wconf 89' lang='lat' dir='ltr'>ex</span> <span class='ocrx_word' id='word_1_1110' title='bbox 1545 3308 1696 3344; x_wconf 83' lang='lat' dir='ltr'>dominis</span> <span class='ocrx_word' id='word_1_1111' title='bbox 1721 3310 1865 3352; x_wconf 89' lang='lat' dir='ltr'>sciente,</span> <span class='ocrx_word' id='word_1_1112' title='bbox 1890 3310 1921 3345; x_wconf 92' lang='lat' dir='ltr'>is</span> <span class='ocrx_word' id='word_1_1113' title='bbox 1946 3310 2007 3354; x_wconf 88' lang='lat' dir='ltr'>qui</span> <span class='ocrx_word' id='word_1_1114' title='bbox 2031 3309 2100 3344; x_wconf 92' lang='lat' dir='ltr'>scit</span> <span class='ocrx_word' id='word_1_1115' title='bbox 2123 3309 2279 3344; x_wconf 89' lang='lat' dir='ltr'>omnium</span> <span class='ocrx_word' id='word_1_1116' title='bbox 2298 3318 2362 3342; x_wconf 89' lang='lat' dir='ltr'>no-</span> 
     </span>
     <span class='ocr_line' id='line_1_150' title="bbox 1270 3354 2363 3398; baseline -0.003 -9"><span class='ocrx_word' id='word_1_1117' title='bbox 1270 3355 1363 3390; x_wconf 91' lang='lat' dir='ltr'>mine</span> <span class='ocrx_word' id='word_1_1118' title='bbox 1394 3354 1575 3389; x_wconf 88' lang='lat' dir='ltr'>tenebitur</span> <span class='ocrx_word' id='word_1_1119' title='bbox 1606 3358 1642 3390; x_wconf 89' lang='lat' dir='ltr'>et</span> <span class='ocrx_word' id='word_1_1120' title='bbox 1673 3359 1869 3390; x_wconf 87' lang='lat' dir='ltr'>conventus</span> <span class='ocrx_word' id='word_1_1121' title='bbox 1894 3355 2046 3390; x_wconf 90' lang='lat' dir='ltr'>alterum</span> <span class='ocrx_word' id='word_1_1122' title='bbox 2071 3365 2211 3398; x_wconf 92' lang='lat' dir='ltr'>quoque</span> <span class='ocrx_word' id='word_1_1123' title='bbox 2234 3354 2363 3387; x_wconf 89' lang='lat' dir='ltr'>liberat</span> 
     </span>
     <span class='ocr_line' id='line_1_151' title="bbox 1270 3397 2361 3444; baseline -0.003 -11"><span class='ocrx_word' id='word_1_1124' title='bbox 1270 3410 1336 3434; x_wconf 89' lang='lat' dir='ltr'>nec</span> <span class='ocrx_word' id='word_1_1125' title='bbox 1369 3410 1390 3433; x_wconf 91' lang='lat' dir='ltr'>a</span> <span class='ocrx_word' id='word_1_1126' title='bbox 1421 3399 1519 3434; x_wconf 82' lang='lat' dir='ltr'>socio</span> <span class='ocrx_word' id='word_1_1127' title='bbox 1552 3400 1744 3444; x_wconf 85' lang='lat' dir='ltr'>quicquam</span> <span class='ocrx_word' id='word_1_1128' title='bbox 1775 3400 1919 3435; x_wconf 91' lang='lat' dir='ltr'>debebit</span> <span class='ocrx_word' id='word_1_1129' title='bbox 1955 3399 2143 3443; x_wconf 86' lang='lat' dir='ltr'>consequi:</span> <span class='ocrx_word' id='word_1_1130' title='bbox 2180 3398 2234 3432; x_wconf 91' lang='lat' dir='ltr'>sui</span> <span class='ocrx_word' id='word_1_1131' title='bbox 2271 3397 2361 3431; x_wconf 90' lang='lat' dir='ltr'>enim</span> 
     </span>
     <span class='ocr_line' id='line_1_152' title="bbox 1269 3442 2361 3489; baseline -0.003 -11"><span class='ocrx_word' id='word_1_1132' title='bbox 1269 3445 1357 3479; x_wconf 88' lang='lat' dir='ltr'>facti</span> <span class='ocrx_word' id='word_1_1133' title='bbox 1381 3444 1523 3479; x_wconf 91' lang='lat' dir='ltr'>nomine</span> <span class='ocrx_word' id='word_1_1134' title='bbox 1546 3455 1699 3489; x_wconf 90' lang='lat' dir='ltr'>poenam</span> <span class='ocrx_word' id='word_1_1135' title='bbox 1722 3445 1861 3480; x_wconf 90' lang='lat' dir='ltr'>meruit.</span> <span class='ocrx_word' id='word_1_1136' title='bbox 1908 3444 2005 3489; x_wconf 90' lang='lat' dir='ltr'>quod</span> <span class='ocrx_word' id='word_1_1137' title='bbox 2029 3444 2059 3478; x_wconf 89' lang='lat' dir='ltr'>si</span> <span class='ocrx_word' id='word_1_1138' title='bbox 2081 3444 2111 3477; x_wconf 90' lang='lat' dir='ltr'>is</span> <span class='ocrx_word' id='word_1_1139' title='bbox 2137 3444 2196 3487; x_wconf 92' lang='lat' dir='ltr'>qui</span> <span class='ocrx_word' id='word_1_1140' title='bbox 2220 3442 2361 3486; x_wconf 85' lang='lat' dir='ltr'>ignora-</span> 
     </span>
     <span class='ocr_line' id='line_1_153' title="bbox 1269 3489 2362 3534; baseline -0.001 -11"><span class='ocrx_word' id='word_1_1141' title='bbox 1269 3490 1318 3523; x_wconf 91' lang='lat' dir='ltr'>vit</span> <span class='ocrx_word' id='word_1_1142' title='bbox 1342 3489 1489 3533; x_wconf 88' lang='lat' dir='ltr'>duplum</span> <span class='ocrx_word' id='word_1_1143' title='bbox 1512 3490 1740 3534; x_wconf 88' lang='lat' dir='ltr'>praestiterit,</span> <span class='ocrx_word' id='word_1_1144' title='bbox 1766 3501 1788 3525; x_wconf 89' lang='lat' dir='ltr'>a</span> <span class='ocrx_word' id='word_1_1145' title='bbox 1807 3490 1904 3525; x_wconf 89' lang='lat' dir='ltr'>socio</span> <span class='ocrx_word' id='word_1_1146' title='bbox 1925 3489 2089 3533; x_wconf 89' lang='lat' dir='ltr'>simplum</span> <span class='ocrx_word' id='word_1_1147' title='bbox 2112 3490 2362 3531; x_wconf 87' lang='lat' dir='ltr'>consequetur.</span> 
     </span>
    </p>
   </div>
   <div class='ocr_carea' id='block_1_12' title="bbox 2146 3563 2363 3567">
    <p class='ocr_par' dir='ltr' id='par_1_22' title="bbox 2146 3563 2363 3567">
     <span class='ocr_line' id='line_1_154' title="bbox 2146 3563 2363 3567; baseline 0 0"><span class='ocrx_word' id='word_1_1148' title='bbox 2146 3563 2363 3567; x_wconf 95' lang='lat' dir='ltr'> </span> 
     </span>
    </p>
   </div>
   <div class='ocr_carea' id='block_1_13' title="bbox 1269 3602 1701 3725">
    <p class='ocr_par' dir='ltr' id='par_1_23' title="bbox 1269 3602 1701 3725">
     <span class='ocr_line' id='line_1_155' title="bbox 1273 3602 1701 3645; baseline 0.007 -11"><span class='ocrx_word' id='word_1_1149' title='bbox 1273 3602 1323 3645; x_wconf 84' lang='lat' dir='ltr'>Cf.</span> <span class='ocrx_word' id='word_1_1150' title='bbox 1338 3602 1418 3636; x_wconf 85' lang='lat' dir='ltr'>Inst.</span> <span class='ocrx_word' id='word_1_1151' title='bbox 1432 3603 1464 3642; x_wconf 91' lang='grc'><strong>4,</strong></span> <span class='ocrx_word' id='word_1_1152' title='bbox 1476 3610 1512 3642; x_wconf 85' lang='grc'>8;</span> <span class='ocrx_word' id='word_1_1153' title='bbox 1530 3603 1607 3636; x_wconf 82' lang='lat' dir='ltr'>Ood.</span> <span class='ocrx_word' id='word_1_1154' title='bbox 1623 3605 1654 3643; x_wconf 91' lang='lat'>3,</span> <span class='ocrx_word' id='word_1_1155' title='bbox 1669 3611 1701 3637; x_wconf 79' lang='lat'>41</span> 
     </span>
     <span class='ocr_line' id='line_1_156' title="bbox 1269 3647 1376 3681; baseline 0 -1"><span class='ocrx_word' id='word_1_1156' title='bbox 1269 3659 1329 3681; x_wconf 90' lang='lat' dir='ltr'>om.</span> <span class='ocrx_word' id='word_1_1157' title='bbox 1341 3647 1376 3680; x_wconf 87' lang='lat' dir='ltr'><em>F</em></span> 
     </span>
     <span class='ocr_line' id='line_1_157' title="bbox 1269 3692 1427 3725; baseline 0.013 -2"><span class='ocrx_word' id='word_1_1158' title='bbox 1269 3692 1380 3724; x_wconf 87' lang='lat' dir='ltr'>hiberi</span> <span class='ocrx_word' id='word_1_1159' title='bbox 1392 3692 1427 3725; x_wconf 82' lang='lat' dir='ltr'><em>F</em></span> 
     </span>
    </p>
   </div>
   <div class='ocr_carea' id='block_1_14' title="bbox 1440 3599 2366 3735">
    <p class='ocr_par' dir='ltr' id='par_1_24' title="bbox 1440 3599 2366 3735">
     <span class='ocr_line' id='line_1_158' title="bbox 1794 3599 2358 3646; baseline -0.009 -11"><span class='ocrx_word' id='word_1_1160' title='bbox 1794 3605 1836 3644; x_wconf 84' lang='lat'>(7)</span> <span class='ocrx_word' id='word_1_1161' title='bbox 1861 3601 2064 3646; x_wconf 84' lang='lat' dir='ltr'>prohibebat</span> <span class='ocrx_word' id='word_1_1162' title='bbox 2076 3601 2151 3633; x_wconf 82' lang='lat' dir='ltr'>Hal</span> <span class='ocrx_word' id='word_1_1163' title='bbox 2231 3601 2275 3640; x_wconf 88' lang='lat'>(8)</span> <span class='ocrx_word' id='word_1_1164' title='bbox 2302 3599 2358 3640; x_wconf 87' lang='lat' dir='ltr'>qui</span> 
     </span>
     <span class='ocr_line' id='line_1_159' title="bbox 1440 3645 2361 3690; baseline -0.005 -10"><span class='ocrx_word' id='word_1_1165' title='bbox 1440 3649 1484 3690; x_wconf 83' lang='lat'>(9)</span> <span class='ocrx_word' id='word_1_1166' title='bbox 1509 3648 1719 3690; x_wconf 86' lang='lat' dir='ltr'>ignoraverit</span> <span class='ocrx_word' id='word_1_1167' title='bbox 1730 3649 1765 3680; x_wconf 88' lang='lat' dir='ltr'><em>F</em></span> <span class='ocrx_word' id='word_1_1168' title='bbox 1819 3649 1877 3688; x_wconf 88' lang='lat'>(10)</span> <span class='ocrx_word' id='word_1_1169' title='bbox 1904 3647 2104 3679; x_wconf 88' lang='lat' dir='ltr'>condemnat</span> <span class='ocrx_word' id='word_1_1170' title='bbox 2115 3645 2150 3677; x_wconf 88' lang='lat' dir='ltr'><em>F</em></span> <span class='ocrx_word' id='word_1_1171' title='bbox 2202 3645 2257 3685; x_wconf 88' lang='lat'>(11)</span> <span class='ocrx_word' id='word_1_1172' title='bbox 2283 3654 2361 3686; x_wconf 90' lang='lat' dir='ltr'>pro-</span> 
     </span>
     <span class='ocr_line' id='line_1_160' title="bbox 1537 3690 2366 3735; baseline -0.007 -9"><span class='ocrx_word' id='word_1_1173' title='bbox 1537 3695 1594 3735; x_wconf 83' lang='lat'>(12)</span> <span class='ocrx_word' id='word_1_1174' title='bbox 1622 3692 1816 3734; x_wconf 84' lang='lat' dir='ltr'>deliquebat</span> <span class='ocrx_word' id='word_1_1175' title='bbox 1828 3694 1862 3725; x_wconf 81' lang='lat' dir='ltr'><em>F</em></span> <span class='ocrx_word' id='word_1_1176' title='bbox 1960 3693 2017 3732; x_wconf 84' lang='lat'><strong>(13)</strong></span> <span class='ocrx_word' id='word_1_1177' title='bbox 2042 3692 2090 3723; x_wconf 82' lang='lat' dir='ltr'>sic</span> <span class='ocrx_word' id='word_1_1178' title='bbox 2103 3690 2132 3722; x_wconf 87' lang='lat' dir='ltr'><strong><em>S</em></strong></span> <span class='ocrx_word' id='word_1_1179' title='bbox 2143 3702 2212 3722; x_wconf 83' lang='lat' dir='ltr'>cum</span> <span class='ocrx_word' id='word_1_1180' title='bbox 2224 3690 2268 3731; x_wconf 80' lang='lat' dir='ltr'>B,</span> <span class='ocrx_word' id='word_1_1181' title='bbox 2284 3693 2318 3721; x_wconf 89' lang='grc'>01</span> <span class='ocrx_word' id='word_1_1182' title='bbox 2332 3690 2366 3721; x_wconf 78' lang='lat' dir='ltr'><em>F</em></span> 
     </span>
    </p>
   </div>
   <div class='ocr_carea' id='block_1_15' title="bbox 114 3736 1815 3779">
    <p class='ocr_par' dir='ltr' id='par_1_25' title="bbox 114 3736 1815 3779">
     <span class='ocr_line' id='line_1_161' title="bbox 114 3736 1815 3779; baseline 0.002 -12"><span class='ocrx_word' id='word_1_1183' title='bbox 114 3742 157 3767; x_wconf 78' lang='grc'>16.</span> <span class='ocrx_word' id='word_1_1184' title='bbox 168 3743 212 3769; x_wconf 83' lang='grc'>18.</span> <span class='ocrx_word' id='word_1_1185' title='bbox 223 3742 269 3768; x_wconf 83' lang='lat'>28.</span> <span class='ocrx_word' id='word_1_1186' title='bbox 282 3742 399 3768; x_wconf 85' lang='grc'><strong>33...36.</strong></span> <span class='ocrx_word' id='word_1_1187' title='bbox 413 3742 537 3772; x_wconf 81' lang='grc'>38...42;</span> <span class='ocrx_word' id='word_1_1188' title='bbox 560 3736 645 3777; x_wconf 85' lang='lat' dir='ltr'>Pap.</span> <span class='ocrx_word' id='word_1_1189' title='bbox 657 3744 709 3775; x_wconf 76' lang='lat'>37;</span> <span class='ocrx_word' id='word_1_1190' title='bbox 730 3737 818 3779; x_wconf 78' lang='lat' dir='ltr'>App.</span> <span class='ocrx_word' id='word_1_1191' title='bbox 829 3745 873 3770; x_wconf 82' lang='lat'>43.</span> <span class='ocrx_word' id='word_1_1192' title='bbox 887 3756 932 3761; x_wconf 87' lang='lat'>——</span> <span class='ocrx_word' id='word_1_1193' title='bbox 954 3738 1037 3769; x_wconf 85' lang='lat' dir='ltr'>Bas.</span> <span class='ocrx_word' id='word_1_1194' title='bbox 1050 3739 1103 3776; x_wconf 87' lang='grc'>60,</span> <span class='ocrx_word' id='word_1_1195' title='bbox 1115 3746 1140 3770; x_wconf 84' lang='lat'>5.</span> <span class='ocrx_word' id='word_1_1196' title='bbox 1155 3755 1200 3760; x_wconf 91' lang='lat'>--</span> <span class='ocrx_word' id='word_1_1197' title='bbox 1233 3757 1238 3774; x_wconf 86' lang='grc'><strong>,</strong></span> <span class='ocrx_word' id='word_1_1198' title='bbox 1271 3738 1328 3778; x_wconf 85' lang='grc'><strong>(14)</strong></span> <span class='ocrx_word' id='word_1_1199' title='bbox 1354 3737 1426 3769; x_wconf 88' lang='lat' dir='ltr'>eive</span> <span class='ocrx_word' id='word_1_1200' title='bbox 1440 3737 1529 3777; x_wconf 82' lang='lat' dir='ltr'>data]</span> <span class='ocrx_word' id='word_1_1201' title='bbox 1543 3739 1573 3770; x_wconf 90' lang='lat' dir='ltr'>ei</span> <span class='ocrx_word' id='word_1_1202' title='bbox 1588 3739 1727 3770; x_wconf 83' lang='lat' dir='ltr'>cedatur</span> <span class='ocrx_word' id='word_1_1203' title='bbox 1739 3739 1815 3771; x_wconf 74' lang='lat' dir='ltr'>dett.</span> 
     </span>
    </p>
   </div>
  </div>
 </body>
</html>
