2528 3918
175 98 364 141 XXVIII
382 100 421 140 3.
441 100 467 139 4

225 218 276 258 12
300 220 408 256 loru
439 219 531 254 libro
567 224 700 265 quarto
735 220 1018 266 deputationum
1076 220 1271 257 Postumus

175 266 390 312 praeteritus
413 265 491 299 vivo
516 267 690 300 testatore
713 269 819 302 natus
834 267 845 286 ¹
869 265 1041 302 decessit:
1077 264 1163 301 licet
1184 264 1272 301 iuris

176 310 500 391 fflffimffim
468 309 599 390 Ψ
595 309 854 400 ἒθὲἶὲἰιῖῗζέῗ
865 313 1272 394 mmmm

176 381 355 436 bonorum’
391 380 653 444 possessic’inem
690 399 889 436 secundum
926 400 1071 436 tabulas
1106 380 1273 480 aecit‘ssere

175 446 278 481 heres
303 444 459 489 scriptus
483 447 604 489 potest
632 454 779 491 remque
808 445 1002 490 optinebit,
1034 449 1076 480 ut
1111 449 1148 480 et
1207 454 1271 481 vus

175 489 380 525 Hadrianus
405 492 442 524 et
462 488 657 535 imperator
679 494 801 525 noster
824 490 1094 535 rescripserunt,
1118 489 1271 526 idcirco-

349 534 433 570 tarii
466 539 504 571 et
524 533 842 571 fideicommissarii
875 535 1062 570 habebunt
1085 545 1147 577 ea,
1180 545 1273 580 quae

176 579 244 615 sibi
266 590 286 614 r
322 579 394 615 'cta
415 578 499 622 sint,
532 579 661 616 securi.
709 580 803 615 idem
837 583 874 615 et
904 580 1001 615 circa
1031 580 1204 616 iniustum
1238 584 1275 616 et

175 625 316 660 irritum
339 627 592 661 testamentum
616 625 685 661 erit
707 624 907 666 dicendum,
935 625 967 660 si
990 625 1165 661 bonorum
1187 634 1272 670 pos-

176 669 287 705 sessio
308 669 394 705 data
411 668 523 706 fuerit
541 670 585 713 ei,
610 670 671 715 qui
687 681 762 706 rem
778 670 823 705 ab
842 670 1013 705 intestato
1030 669 1174 706 auferre
1188 680 1272 715 pos-

179 718 195 750 1
244 714 302 750 sit.
351 713 390 750 Si
411 726 436 767 p
506 725 595 758 nus,
627 715 688 761 qui
719 715 877 750 habebat
905 715 978 750 iam
1000 714 1138 751 factum
1160 718 1272 750 testa-

176 763 348 802 mentum,
372 759 445 796 ahu
487 759 634 796 fecisset
653 763 689 795 et
711 760 748 794 in
773 770 814 795 eo
840 759 1169 804 comprehendisset
1191 759 1274 796 fidei

176 804 318 840 heredis
334 804 565 847 committere,
590 810 631 840 ut
652 805 789 849 priores
804 805 950 841 tabulae
965 805 1134 846 valerent,
1159 805 1272 841 omni-

176 849 283 886 modo
305 850 406 895 prius
429 854 683 886 testamentum
706 854 851 894 ruptum
874 854 948 886 est:
981 861 1051 896 quo
1075 853 1183 896 rupto
1207 860 1272 895 po-

176 898 249 931 test
294 895 407 938 uaeri,
425 905 472 931 an
494 895 571 931 vice
588 895 831 931 codicillorum
853 894 891 930 id
909 895 1028 931 valere
1047 895 1201 932 deberet.
1238 898 1275 930 et

177 950 259 976 cum
309 950 374 976 aec
407 940 518 976 verba
548 940 620 975 sint
650 940 931 983 fideicommissi,
964 941 1025 977 et²
1055 941 1133 976 sine
1164 940 1272 976 dubio

176 985 362 1028 universa,
395 995 489 1030 quae
511 986 583 1020 illic
607 985 742 1030 scripta
765 989 859 1027 sunt,
894 985 931 1020 in
956 996 1067 1022 causa
1089 985 1272 1021 fideicom-

176 1029 277 1067 missi
300 1033 406 1066 ernnt
415 1031 440 1074 ³,
464 1041 537 1066 non
561 1030 675 1066 solum
699 1030 818 1082 legata
841 1033 878 1065 et
900 1030 1185 1074 fideicommissa,
1211 1029 1274 1066 sed

177 1079 215 1111 et
235 1075 421 1111 libertates
445 1079 481 1111 et
503 1075 643 1110 heredis
666 1075 856 1110 institutio.

227 1118 277 1158 13
306 1120 431 1157 Gams
451 1120 543 1156 libro
566 1121 723 1156 secundo
749 1121 1035 1156 institutz'onun2⁴
1083 1121 1272 1160 Postumo-

176 1176 258 1202 rum
281 1166 362 1201 loco
387 1170 472 1201 sunt
497 1170 532 1200 et
554 1165 610 1207 hi,
644 1166 704 1210 qui
727 1165 765 1200 in
788 1166 845 1201 sui
875 1165 1018 1202 heredis
1042 1167 1122 1202 loco
1146 1176 1273 1203 succe-

176 1210 294 1247 dendo
306 1210 410 1256 quasi
421 1210 671 1255 adgnascendo
682 1212 696 1233 ⁶
708 1210 800 1246 fiunt
809 1211 1019 1255 parentibus
1037 1211 1093 1247 sui
1110 1211 1272 1248 heredes.

175 1259 219 1292 ut
242 1265 327 1292 ecce
349 1256 380 1291 si
403 1255 515 1291 filium
539 1259 575 1290 et
598 1265 642 1290 ex
666 1265 708 1292 eo
732 1260 898 1300 nepotem
930 1260 1116 1302 neptemve
1146 1257 1183 1292 in
1233 1268 1272 1293 o·

175 1305 308 1337 testate
330 1301 495 1342 habeam,
529 1300 613 1345 quia
636 1300 731 1336 filius
754 1301 867 1345 gradu
891 1301 1087 1347 praecedit,
1118 1302 1150 1339 is
1174 1312 1214 1338 so
1230 1312 1273 1338 us

175 1346 257 1382 iura
291 1346 346 1381 sui
380 1345 522 1381 heredis
558 1346 679 1388 habet,
716 1347 876 1391 quamvis
910 1357 1023 1392 nepos
1084 1357 1203 1399 uoque
1238 1351 1274 1383 et

176 1391 293 1437 neptis
325 1401 369 1426 ex
401 1401 443 1426 eo
475 1391 513 1426 in
545 1390 669 1426 eadem
699 1395 879 1436 potestate
902 1392 992 1427 sint:
1022 1358 1087 1428 seg
1116 1402 1148 1432 si
1178 1392 1273 1429 filius

176 1446 277 1472 meus
300 1446 357 1472 me
380 1436 457 1472 vivo
482 1436 677 1471 morietur⁶
707 1440 772 1472 aut
802 1437 964 1482 qualibet
993 1437 1133 1474 ratione
1168 1442 1274 1474 exeat

176 1481 221 1517 de
242 1484 423 1526 potestate
446 1491 538 1524 mea,
562 1481 690 1526 incipit
713 1492 825 1527 nepos
845 1482 1008 1527 neptisve
1030 1483 1068 1517 in
1092 1482 1168 1519 eius
1191 1483 1272 1519 loco

175 1525 370 1562 succedere
401 1529 439 1562 et
469 1536 511 1563 eo
544 1526 649 1562 modo
681 1526 762 1562 iura
793 1537 941 1563 suorum
971 1527 1139 1563 heredum
1169 1528 1274 1573 quasi

175 1570 393 1616 adgnatione
414 1571 685 1607 nanciscuntur.
733 1582 779 1607 ne
811 1583 894 1617 ergo
926 1582 969 1609 eo
1000 1573 1106 1608 modo
1129 1577 1274 1625 rumpat

175 1616 262 1652 mihi
283 1620 547 1659 testamentum,
572 1617 667 1652 sicut
683 1617 802 1662 ipsum
819 1617 932 1653 filium
954 1617 1010 1654 vel
1028 1617 1195 1654 heredem
1218 1629 1272 1654 in-

176 1661 324 1698 stituere
346 1661 403 1697 vel
426 1661 645 1698 exheredare
661 1662 871 1699 nominatim
891 1662 1015 1706 debeo,
1040 1673 1086 1699 ne
1100 1674 1174 1701 non
1196 1663 1274 1699 iure

177 1706 311 1742 faciam
334 1710 601 1750 testamentum,
628 1708 680 1743 ita
704 1711 740 1743 et
762 1711 930 1753 nepotem
953 1711 1139 1754 neptemve
1163 1719 1207 1744 ex
1231 1718 1272 1744 eo

177 1762 324 1788 necesse
340 1756 396 1789 est
411 1752 499 1787 mihi
515 1752 570 1788 vel
585 1752 753 1788 heredem
768 1753 957 1789 instituere
971 1753 1027 1790 vel
1043 1753 1272 1796 exheredare,

175 1807 222 1833 ne
242 1797 338 1833 forte
370 1807 427 1833 me
456 1797 535 1834 vivo
566 1797 640 1834 filio
672 1801 813 1834 mortuo
838 1798 1063 1834 succedendo
1093 1798 1131 1834 in
1154 1799 1274 1834 locum

176 1842 253 1878 eius
276 1851 390 1887 nepos
414 1843 576 1888 neptisve
631 1843 712 1879 nasi
743 1843 958 1888 adgnatione
987 1847 1131 1889 rumpat
1162 1848 1272 1880 testa-

174 1890 354 1923 mentum:
379 1887 487 1932 idqoe
509 1888 588 1933 lege
628 1888 715 1924 unia
737 1888 885 1927 Vellaea
907 1889 1089 1934 provisum
1113 1892 1178 1925 est.

226 1930 277 1969 14
302 1931 359 1968 ΡΑ
368 1942 464 1968 vsvs
483 1933 575 1969 libro
606 1933 792 1981 singulari
822 1934 869 1970 de
891 1934 1146 1980 adsignatione
1169 1934 1274 1971 liber-

176 1981 294 2013 torum
342 1977 380 2012 Si
402 1977 455 2013 ita
477 1977 578 2014 facta
600 1978 648 2014 sit
671 1978 919 2015 exheredatio:
958 1979 1001 2014 ‘si
1023 1979 1143 2015 filius⁷
1166 1982 1273 2016 natus

176 2026 305 2059 natave
328 2023 386 2065 sit,
412 2023 560 2059 exheres
579 2025 679 2066 esto',
704 2024 866 2070 utrisque
888 2024 984 2061 natis
999 2035 1073 2060 non
1095 2025 1275 2070 rumpitur

176 2071 437 2103 testamentum.

225 2111 276 2150 15
300 2111 348 2149 Is
358 2122 528 2149 Volumus
539 2113 632 2149 libro
656 2117 788 2159 quarto
804 2113 1043 2160 epistularum
1089 2113 1158 2159 Qui
1183 2125 1272 2151 uxo·

175 2167 251 2194 rem
270 2161 501 2203 praegnatem
518 2158 688 2202 habebat,
711 2159 750 2194 in
772 2159 932 2194 hostium
954 2162 1169 2204 potestatem
1192 2162 1273 2204 pest-

175 2203 290 2239 venit:
316 2213 462 2248 quaero,
486 2202 560 2239 filio
577 2207 664 2239 nato
713 2214 759 2239 uo
778 2207 939 2250 tempore
961 2207 1214 2240 testamentum
1236 2205 1274 2240 in

176 2248 320 2284 civitate
341 2247 481 2283 factum
503 2252 693 2301 rumpatur
750 2253 786 2284 et
807 2248 841 2285 si
863 2248 958 2285 filius
972 2294 980 2302 ο
994 2253 1079 2285 ante
1100 2251 1274 2303 moriatur

175 2293 1274 2391 iis„suasissemsitisses&

177 2382 398 2426 Corneliam,
427 2393 522 2429 quae
543 2383 590 2420 de
613 2383 866 2420 confirmandis
891 2394 1014 2421 eorum
1037 2386 1271 2429 testamentis,

201 2429 239 2465 ui
260 2428 299 2464 in
320 2428 478 2464 hostium
501 2431 682 2474 potestate
706 2429 945 2466 decessissent
956 2430 980 2472 ⁸,
1005 2430 1081 2466 lata
1096 2434 1162 2474 est,
1185 2435 1271 2466 nato

216 2474 248 2510 'o
273 2474 443 2510 continuo
469 2474 545 2511 eius
567 2478 843 2517 testamentum,
875 2475 936 2520 qui
966 2475 1005 2511 in
1027 2476 1184 2512 hostium
1206 2486 1271 2521 po-

175 2522 307 2555 testate
329 2518 387 2559 sit,
411 2522 618 2564 rumpatur:
650 2519 809 2565 sequitur
833 2530 936 2565 ergo,
961 2524 1002 2555 ut
1026 2531 1071 2556 ex
1094 2531 1136 2556 eo
1161 2525 1272 2558 testa-

175 2568 295 2600 mento
318 2564 502 2600 hereditas
526 2564 574 2600 ad
598 2565 774 2601 neminem
797 2565 991 2610 perveniat.

225 2607 276 2647 16
302 2608 533 2646 POMPONIUS
553 2610 645 2646 libro
668 2611 827 2646 secundo
851 2610 902 2648 ad
926 2609 1093 2653 Quintum
1110 2609 1272 2647 Mucium

177 2653 267 2689 Cum
298 2654 335 2705 in
365 2654 523 2690 secundo
555 2658 770 2693 testamento
801 2655 968 2691 heredem
999 2665 1081 2692 eum
1104 2655 1165 2708 qui
1187 2657 1273 2692 vivit

174 2699 394 2735 instituimus
427 2700 500 2734 sive
530 2710 620 2745 pure
650 2700 724 2737 sive
754 2700 822 2736 sub
850 2700 1062 2737 condicione
1086 2706 1130 2744 (si
1151 2705 1273 2736 tumen

176 2743 340 2780 condicio
357 2744 508 2780 existere
525 2745 654 2789 potuit,
673 2745 759 2781 licet
774 2756 848 2783 non
864 2746 1040 2786 exstiterit
1047 2746 1087 2789 ⁹),
1106 2747 1272 2792 superius

175 2792 429 2840 testamentum
466 2790 533 2826 erit
567 2794 722 2835 ruptum.
777 2790 927 2830 multum
961 2794 1082 2827 autem
1111 2791 1271 2834 interest,

176 2833 292 2880 qualis
318 2834 481 2870 condicio
505 2836 624 2879 posita
648 2835 775 2872 fuerit:
799 2846 884 2877 nam
907 2841 973 2877 aut
986 2836 1024 2873 in
1064 2837 1272 2873 raeteritum

177 2883 353 2931 concepta
375 2879 521 2924 ponitur
544 2886 607 2916 aut
629 2881 666 2916 in
689 2891 861 2926 praesens
884 2886 950 2918 aut
971 2881 1009 2917 in
1045 2885 1199 2918 uturum.
1235 2882 1273 2920 in

708 2926 715 2933 .
899 2926 907 2934 .
940 2929 950 2946 ⁶
972 2925 981 2934 .
1041 2926 1049 2934 .
1069 2926 1077 2934 .

175 2927 423 3007 emm
434 2930 609 3005 000‘212‘2
632 2926 910 3014 amsans
934 2937 984 3008 ,3¹
1005 2926 1123 3010 3323
1146 2927 1274 3008 ‘'T‘’”ffi

177 3013 304 3050 consul
341 3017 404 3055 uit,
429 3018 481 3048 ita
501 3019 555 3049 est
575 3016 759 3054 institutus
778 3017 892 3059 heres,
918 3020 960 3051 ut
976 3027 1019 3058 su
1046 3017 1141 3053 erius
1160 3021 1271 3054 testae-

176 3063 335 3096 mentum
366 3064 572 3104 rumpatur:
610 3065 684 3095 tum
719 3062 812 3098 enim
847 3072 892 3098 ex
925 3061 996 3098 hoc
1056 3072 1134 3098 eres
1165 3066 1271 3099 esset.

175 3104 208 3141 si
230 3114 314 3142 vero
337 3103 454 3140 Titius
478 3105 605 3140 consul
630 3117 701 3141 non
724 3106 804 3149 fuit,
830 3107 995 3152 superius
1018 3111 1272 3144 testamentum

176 3159 249 3184 non
272 3152 328 3184 est
350 3152 507 3201 mptum.
556 3150 651 3195 quod
682 3151 711 3185 si
744 3152 790 3186 ad
820 3161 992 3197 praesens
1018 3156 1160 3198 tempus
1185 3163 1271 3189 con-

177 3193 270 3231 dicio
294 3193 480 3240 adscripta
501 3199 557 3230 est
578 3194 708 3231 herede
731 3196 915 3240 instituto,
946 3197 1057 3233 veluti
1088 3197 1131 3233 ‘si
1154 3197 1271 3234 Titius

178 3239 317 3276 ‘consul
339 3239 418 3280 est’‚
450 3239 601 3276 eundem
626 3240 758 3276 exitum
781 3242 902 3284 habet,
933 3246 985 3285 ut,
1017 3242 1048 3278 si
1071 3242 1129 3286 sit,
1156 3243 1272 3289 possit

177 3284 281 3336 lieres
305 3293 386 3321 esse
409 3287 445 3320 et
459 3294 511 3337 ,su
537 3285 631 3320 erius
654 3289 905 3322 testamentum
927 3291 1127 3333 rumpatur,
1152 3288 1183 3325 si
1198 3298 1272 3325 nou

177 3333 243 3372 sit,
274 3339 344 3366 nec
370 3334 487 3375 possit
535 3340 612 3366 eres
637 3339 716 3365 esse
739 3341 806 3366 nec
829 3332 994 3377 superius
1017 3336 1271 3378 testamentum

177 3378 378 3420 rumpatur.
422 3374 462 3410 in
494 3374 658 3410 futurum
692 3380 811 3410 autem
854 3377 1007 3413 collatae
1042 3377 1270 3415 condiciones

176 3420 207 3455 si
231 3419 422 3465 possibiles
447 3424 533 3456 sunt
545 3421 573 3442 ¹⁰
596 3419 750 3456 existere
774 3425 981 3465 potuerunt,
1004 3422 1089 3458 licet
1112 3433 1185 3459 non
1208 3433 1269 3459 ex-

176 546 245 580 que
269 535 283 569 l

178 3535 218 3571 (1)
243 3537 344 3566 natus
360 3533 422 3567 del.
506 3535 549 3575 (2)
574 3535 609 3566 ot
625 3534 689 3567 del.
709 3534 738 3567 S
818 3535 860 3574 (3)
886 3535 1222 3570 fideicommissorum:
1238 3536 1276 3569 F

178 3580 221 3615 (4)
249 3583 264 3617 §
280 3584 332 3612 138
343 3594 390 3607 ιι
401 3579 484 3613 Inst.
497 3580 528 3617 2,
542 3584 585 3618 18,
599 3584 617 3612 2
697 3579 741 3620 (ὅ)
765 3578 1001 3621 adgnoscendo
1014 3581 1051 3614 F
1126 3583 1171 3623 (ο)
1195 3591 1267 3614 mo-

179 3624 286 3655 riatur
299 3622 351 3655 F²
413 3624 456 3665 (Ἰ)
482 3623 592 3656 filiave
606 3624 665 3658 ins.
679 3622 828 3658 Breuem.
894 3626 938 3666 (8)
964 3625 1228 3659 dedecessissent
1240 3625 1276 3660 F

179 3670 224 3706 (9)
246 3668 400 3700 existerit
413 3669 450 3702 F
487 3671 547 3710 (ιο)
566 3668 745 3711 possibiles
757 3671 838 3702 sunt
849 3669 911 3702 del.
961 3673 1014 3711 (ιι)
1031 3671 1209 3705 existerint
1220 3671 1264 3705 F:

179 3713 392 3744 etiamsinon
407 3713 601 3746 exstiterint
613 3714 675 3748 del.
747 3716 806 3755 (ιὶ)
830 3714 901 3747 sint
914 3714 965 3747 F²
1033 3718 1091 3753 (13)
1115 3715 1205 3750 idem
1218 3716 1270 3751 Ρ

1261 92 1351 144 378
1567 105 1570 129 ⁴

1518 49 1578 88 ἡ
2119 111 2182 143 nn
2209 112 2284 144 ms
2312 112 2434 152 Quas

1340 219 1509 263 stiterint,
1528 219 1701 262 efficiunt,
1725 225 1766 257 ut
1783 230 1826 257 su
1854 220 1950 258 erius
1967 223 2219 257 testamentum
2233 226 2432 268 rumpatur,

1340 263 1480 301 etiamsi
1501 274 1577 303 non
1600 265 1826 302 exstiterint¹
1852 279 1860 299 ε
1885 266 1917 302 si
1935 275 2019 302 vero
2036 265 2274 311 impossibiles
2296 270 2383 304 sunt
2393 268 2434 310 ¹²,

1339 308 1449 345 veluti
1472 308 1601 350 ‘Titius
1631 309 1665 347 si
1696 309 1805 356 digito
1831 310 1970 346 caelum
1996 310 2167 356 tetigerit,
2198 311 2302 348 heres
2330 313 2432 355 esto’,

1339 353 1459 399 placet
1480 352 1630 407 per-inde
1652 365 1743 408 esse,
1766 356 1870 402 quasi
1890 355 2052 392 condicio
2073 355 2256 402 adscripta
2278 366 2353 394 non
2374 357 2432 400 sit,

1341 408 1440 481 qula?
1456 399 1840 497 &Affssfflffiffm
1924 446 1998 481 into
2030 456 2286 498 responsor-uni
2340 446 2433 484 Filio

1341 492 1535 535 praeterito
1559 500 1621 534 qui
1642 488 1713 525 fuit
1734 500 1772 526 in
1792 493 1906 535 patris
1923 494 2102 536 potestate
2118 501 2234 543 neque
2249 491 2434 528 libertates

1341 537 1552 615 mcomrgggnt
1583 534 2435 626 ”equieiissdiffiei'rffgffifflssaffiffiffi‘ss

1341 624 1454 669 patris
1478 623 1662 667 abstinuit,
1688 624 1774 661 licet
1792 625 1972 671 suptilitas
1990 626 2079 662 iuris
2095 625 2269 672 refragari
2283 626 2434 669 videtur,

1342 674 1501 706 attamen
1516 669 1681 706 voluntas
1699 670 1881 707 testatoris
1902 681 1948 707 ex
1966 671 2062 707 bono
2079 675 2115 707 et
2132 681 2247 717 aequo
2263 671 2433 708 tuebitur.

1391 711 1442 762 18
1473 713 1679 750 SUAEVOLA
1710 714 1802 751 libro
1834 716 1960 761 quinto
1992 717 2243 763 quaestionum
2302 716 2341 753 Si
2397 712 2436 753 ui

1341 760 1445 796 heres
1468 758 1653 795 institutus
1677 763 1733 808 est
1755 770 1778 796 a
1801 763 1974 796 testatore
1994 760 2198 806 adrogetur,
2220 764 2341 808 potest
2363 728 2435 798 <gei

1342 805 1429 857 satis
1454 804 1487 841 ei
1508 803 1664 857 factum,
1695 805 1778 850 quia
1809 810 1846 840 et
1874 809 2066 886 antetsslam
2089 806 2299 853 adoptetur,
2332 806 2434 844 insti-

1341 854 1435 886 tutio
1459 852 1501 885 ut
1523 861 1562 886 in
1586 853 1756 886 extraneo
1780 850 1900 886 locum
1922 850 1971 886 ha
1998 851 2094 887 ebat.

1391 892 1442 932 19
1466 893 1575 930 Imm
1593 894 1683 931 libro
1707 901 1813 931 sexto
1838 897 2089 940 quaestionum
2130 895 2169 931 Si
2186 906 2250 942 ego
2266 899 2303 933 et
2318 896 2435 933 Titius

1342 939 1497 976 instituti
1526 939 1638 976 simus
1669 944 1706 976 et
1731 950 1754 975 a
1777 940 1881 976 nobis
1905 943 2093 992 postumus
2117 941 2354 979 exheredatus
2376 942 2434 985 sit,

1343 996 1365 1021 a
1388 984 1592 1022 substitutis
1623 987 1755 1021 nostris
1787 996 1860 1020 non
1891 988 1939 1021 sit
1965 984 2221 1028 exheredatus,
2253 985 2350 1022 Titio
2374 986 2435 1023 de-

1340 1030 1467 1066 functo
1492 1040 1538 1066 ne
1554 1039 1619 1075 ego
1636 1029 1779 1076 quidem
1795 1030 1895 1066 adire
1909 1034 2054 1075 potero:
2077 1030 2149 1067 iam
2173 1031 2266 1066 enim
2288 1035 2437 1078 propter

1339 1075 1498 1113 instituti
1546 1085 1728 1118 ersonam,
1753 1085 1776 1110 a
1799 1085 1869 1120 quo
1894 1080 2082 1120 postumus
2107 1075 2344 1112 exheredatus
2369 1081 2434 1121 est,

1340 1120 1378 1156 in
1402 1120 1504 1156 cuius
1542 1131 1648 1156 ocum
1671 1121 1886 1157 substitutus
1911 1125 2079 1163 vocatur,
2107 1131 2130 1156 a
2152 1131 2223 1167 quo
2246 1125 2435 1167 postumus

1345 1170 1359 1201 l
1409 1165 1648 1202 exheredatus
1664 1175 1738 1201 non
1756 1169 1822 1208 est,
1839 1169 1984 1211 ruptum
2001 1170 2056 1201 est
2067 1170 2333 1203 testamentum.
2364 1166 2436 1211 Sed

1341 1211 1372 1248 si
1397 1221 1460 1256 ego
1486 1215 1523 1246 et
1546 1210 1663 1246 Titius
1686 1211 1835 1246 invicem
1859 1211 2046 1246 substituti
2065 1211 2189 1254 simus,
2214 1211 2375 1257 quamvis
2398 1211 2436 1251 in

1341 1260 1481 1302 partem
1512 1255 1778 1292 substitutionis
1810 1255 2046 1292 exheredatus
2081 1266 2155 1292 non
2188 1256 2255 1300 sit,
2294 1260 2435 1299 mortuo

1343 1301 1398 1337 vel
1420 1301 1635 1346 repudiante
1658 1301 1753 1337 Titio
1778 1310 1834 1336 me
1854 1311 1965 1352 posse
1987 1301 2088 1337 adire
2109 1304 2199 1347 puto
2227 1305 2265 1337 et
2286 1311 2333 1339 ex
2355 1312 2437 1339 asse

1342 1349 1363 1382 2
1409 1346 1574 1382 heredem
1599 1356 1688 1382 esse.
1734 1347 1778 1382 In
1807 1356 1922 1392 prima
1944 1349 2065 1381 tamen
2087 1347 2207 1392 specie
2229 1350 2267 1383 et
2288 1347 2320 1383 si
2342 1346 2438 1383 vivat

1344 1391 1482 1434 Titius,
1507 1401 1623 1436 neque
1648 1402 1712 1436 ego
1737 1391 1814 1428 sine
1835 1390 1896 1427 illo
1921 1401 2036 1436 neque
2058 1391 2137 1437 ipse
2159 1391 2236 1428 sine
2257 1402 2316 1428 me
2338 1392 2437 1428 adire

1341 1437 1485 1483 poterit,
1511 1437 1595 1482 quia
1617 1437 1795 1472 incertum
1818 1439 1883 1488 est,
1908 1446 1956 1472 an
1979 1436 2098 1472 adhuc
2115 1437 2230 1474 altero
2251 1437 2436 1473 omittente

1341 1493 1421 1518 rum
1447 1487 1530 1518 atur
1553 1486 1826 1518 testamentum:
1850 1485 1972 1527 itaque
1990 1481 2096 1517 simul
2115 1481 2214 1518 adire
2258 1492 2433 1519 ossumus.

1389 1493 1446 1565 28
1475 1526 1680 1579 Saga-wolfi
1696 1528 1722 1548 ¹³
1759 1527 1851 1563 libro
1892 1527 1996 1562 tertio
2037 1526 2174 1579 decime
2214 1493 2436 1575 ‹Rqestorum

1341 1572 1480 1608 Lucius
1504 1571 1621 1608 Titius
1651 1577 1791 1617 integra
1817 1575 1935 1607 mente
1959 1575 1995 1607 et
2016 1571 2220 1608 valetudine
2242 1575 2435 1609 testamen-

1341 1621 1418 1653 tum
1439 1617 1528 1653 fecit
1549 1617 1605 1652 uti
1627 1621 1779 1663 oportet,
1804 1621 1932 1662 postea
1955 1627 2038 1652 cum
2055 1617 2094 1652 in
2112 1616 2353 1654 valetudinem
2372 1618 2435 1654 ad-

1341 1673 1481 1699 versam
1503 1662 1708 1706 incidisset,
1740 1665 1860 1698 mente
1890 1665 2017 1707 captus
2048 1661 2192 1698 tabulas
2216 1662 2360 1700 easdem
2381 1663 2436 1698 in-

1343 1707 1446 1744 cidit:
1481 1717 1633 1753 quaero,
1665 1718 1714 1743 an
1744 1706 1894 1743 heredes
1924 1705 1981 1742 his
2004 1707 2137 1742 tabulis
2159 1707 2316 1744 instituti
2338 1707 2438 1746 adii-e

1341 1752 1483 1799 possint
1521 1752 1766 1798 hereditatem.
1811 1751 1997 1797 respondit
2035 1751 2232 1788 secundum
2268 1763 2312 1790 ea
2345 1763 2437 1800 quae

1341 1802 1630 1844 proponerentur
1652 1808 1726 1833 non
1747 1797 1828 1834 ideo
1852 1797 1969 1832 minus
1993 1797 2084 1832 adiri
2108 1807 2222 1845 posse.

1825 1935 1906 1975 1111
1920 1934 1961 1974 ¹⁴.

1396 2002 1458 2034 DE
1481 2001 1562 2034 HIS
1587 2000 1710 2037 QUAE
1734 1999 1786 2032 IN
1810 2000 2114 2034 TESTAMENTO
2138 2001 2392 2034 DELRNTUR

1495 2045 1795 2080 INDUOUNTUR
1819 2046 1910 2078 VEL
1935 2045 2287 2080 INSGRIBUNTUR.

1392 2112 1412 2151 1
1447 2113 1643 2150 Uamwvs
1654 2112 1747 2164 libro
1763 2114 1889 2159 quinto
1905 2112 2042 2164 decimo
2058 2111 2109 2148 ad
2121 2111 2298 2149 Sabinum
2336 2112 2438 2194 guae

1341 2159 1379 2194 in
1401 2161 1618 2195 testamento
1648 2157 1717 2210 legi
1746 2161 1919 2204 possunt,
1952 2167 1996 2193 ea
2025 2157 2228 2194 inconsulto
2261 2157 2339 2195 dele
2402 2162 2438 2195 et

1341 2203 1492 2240 inducta
1515 2203 1625 2238 nihilo
1650 2213 1767 2239 minus
1790 2203 1922 2245 valent,
1947 2202 2110 2238 consulto
2135 2214 2209 2239 non
2230 2202 2368 2240 valent:
2399 2201 2437 2240 id

1340 2248 1554 2330 fsffmaess?
1568 2247 1947 2339 εὲἓῗρῗῗῗιιῗιῖωὲἓέ
1969 2247 2436 2338 Βῒῗὲὲῗῗαῖἓῗέῗιὲωωῖῗί

1340 2336 1511 2385 piendum
1535 2349 1608 2379 non
1630 2337 1798 2390 intellegi,
1830 2337 1898 2390 sed
1918 2337 2032 2374 oculis
2055 2347 2138 2390 pers
2163 2338 2211 2373 ici
2234 2348 2329 2384 quae
2350 2343 2437 2375 sunt

1341 2384 1413 2421 scri
1438 2388 1494 2419 ta:
1535 2387 1694 2420 ceterum
1728 2393 1759 2418 si
1790 2386 2030 2418 exstrinsecus
2059 2393 2097 2418 in
2253 2387 2332 2427 tur,
2362 2394 2436 2420 non

1340 2429 1420 2466 vide
1446 2433 1556 2465 untur
1577 2429 1590 2464 l
1636 2428 1644 2435 '
1669 2438 1787 2474 posse.
1833 2426 1969 2464 sufficit
1987 2430 2120 2470 autem,
2144 2428 2176 2463 si
2207 2427 2348 2474 egibilia
2363 2428 2437 2466 sint

1338 2474 1542 2513 inconsulto
1566 2438 1684 2510 dffeta
1707 2473 1781 2511 sive
1800 2473 1851 2525 ‚ab
1874 2473 1954 2519 ipso
1979 2473 2054 2509 sive
2076 2473 2123 2508 ab
2148 2472 2238 2516 alio,
2273 2472 2339 2510 sed
2369 2484 2435 2526 no-

1338 2519 1507 2556 lentibus.
1544 2518 1715 2555 ‘inducta’
1731 2518 1979 2564 accipiendum
1995 2522 2051 2554 est
2066 2522 2102 2554 et
2116 2518 2148 2554 si
2162 2518 2336 2564 perducta
2351 2523 2433 2556 sint.

1344 2570 1356 2600 1
1408 2564 1513 2610 Quod
1542 2564 1650 2610 igitur
1679 2563 1824 2600 incaute
1853 2562 1991 2600 factum
2023 2567 2096 2606 est,
2130 2573 2196 2609 pro
2231 2574 2305 2600 non
2334 2562 2433 2600 facto

1339 2613 1406 2653 est,
1430 2610 1462 2646 si
1484 2609 1553 2656 legi
1574 2609 1710 2655 potuit:
1747 2612 1783 2645 et
1804 2608 1903 2652 ideo,
1937 2609 2004 2644 etsi
2028 2608 2236 2652 novissime,
2266 2612 2308 2645 ut
2330 2607 2433 2651 solet,

1339 2658 1555 2692 testamento
1598 2653 1708 2690 fuerit
1750 2653 1987 2706 adscriptum:
2030 2653 2168 2692 ‘lituras
2207 2653 2435 2690 inductiones

1341 2699 1650 2747 ‘superductiones
1663 2700 1691 2721 ¹⁵
1713 2699 1792 2745 ipse
1813 2698 1908 2742 feci',
1939 2709 2012 2735 non
2038 2698 2216 2735 videbitur
2237 2698 2364 2736 referri
2387 2699 2434 2738 ad

1340 2756 1384 2782 ea
1414 2755 1508 2792 quae
1537 2744 1742 2781 inconsulto
1774 2754 1841 2780 con
1860 2744 1868 2752 ”
1894 2747 2008 2780 erunt.
2063 2743 2215 2790 proinde
2248 2747 2286 2780 et
2314 2743 2347 2782 si
2378 2744 2433 2780 in-

1341 2790 1505 2828 consulto
1538 2788 1793 2837 superscripsit
1822 2789 1860 2825 in
1886 2789 2007 2826 uxisse
2033 2799 2090 2832 se,
2122 2789 2322 2826 manebunt
2344 2793 2381 2827 et
2403 2790 2433 2826 si

1341 2839 1362 2872 2
1408 2835 1542 2872 ademit
1552 2836 1592 2878 ¹⁶,
1623 2845 1698 2878 non
1729 2838 1836 2870 erunt
1866 2834 2043 2881 adempta
2098 2834 2170 2870 Sed
2199 2834 2231 2870 si
2260 2833 2330 2881 legi
2359 2845 2433 2871 non

1341 2885 1494 2927 possunt
1516 2889 1610 2927 quae
1630 2879 1836 2916 inconsulto
1861 2879 1979 2916 deleta
1990 2881 2017 2902 ¹⁷
2041 2883 2136 2922 sunt,
2165 2878 2355 2916 dicendum
2378 2886 2434 2915 est

1340 2937 1414 2963 non
1437 2925 1570 2969 deberi,
1601 2923 1667 2962 sed
1687 2924 1759 2961 hoc
1781 2924 1834 2960 ita
1857 2925 2009 2967 demum,
2043 2924 2075 2962 si
2097 2926 2182 2960 ante
2206 2934 2431 2961 consumma-

1340 2974 1360 3008 3
1406 2972 1541 3008 tionem
1563 2969 1768 3009 testamenti
1789 2969 1927 3006 factum
1951 2974 2017 3006 est.
2063 2968 2136 3005 Sed
2166 2967 2330 3006 consulto
2355 2970 2430 3016 qui·

1339 3016 1421 3053 dem
1443 3014 1563 3053 deleta
1574 3016 1603 3037 ¹⁷
1634 3014 1843 3060 exceptione
1871 3018 2035 3060 petentes
2048 3014 2076 3036 ¹⁸
2104 3013 2344 3066 repelluntur,
2376 3015 2430 3050 in-

1339 3061 1504 3098 consulto
1527 3070 1611 3098 vero
1635 3070 1708 3096 non
1730 3059 1963 3106 repelluntur,
1995 3060 2069 3095 sive
2089 3058 2160 3105 legi
2181 3062 2336 3105 possunt
2358 3061 2432 3099 sive

1338 3118 1412 3144 non
1441 3109 1612 3152 possunt,
1648 3105 1836 3151 quoniam,
1867 3105 1899 3141 si
1928 3108 2043 3140 totum
2074 3107 2328 3141 testamentum
2358 3115 2432 3146 non

1338 3155 1466 3194 exstet,
1490 3153 1633 3188 constat
1654 3150 1773 3186 valere
1796 3150 1916 3185 omnia
1938 3159 2031 3196 quae
2052 3149 2091 3185 in
2114 3159 2156 3185 eo
2180 3149 2316 3195 scripta
2335 3155 2431 3187 sunt.

1338 3201 1375 3234 et
1405 3197 1436 3233 si
1467 3195 1609 3243 quidem
1642 3195 1730 3231 illud
1765 3194 1920 3247 concidit
1953 3198 2123 3237 testator,
2159 3193 2431 3241 denegabantur

1338 3242 1517 3284 actiones,
1546 3241 1578 3278 si
1601 3250 1683 3277 vero
1708 3240 1798 3276 alius
1820 3240 1931 3276 invito
1956 3243 2149 3283 testatore,
2180 3249 2254 3277 non
2278 3239 2429 3286 denega-

1339 3291 1359 3324 4
1406 3286 1551 3323 buntur.
1602 3285 1654 3321 Et
1683 3284 1892 3323 hereditatis
1914 3285 2037 3337 portio
2070 3284 2173 3321 adem
2198 3288 2237 3322 ta
2267 3284 2323 3321 vel
2352 3288 2431 3322 tota

1336 3331 1537 3375 hereditas,
1568 3331 1599 3367 si
1621 3330 1716 3366 forte
1739 3331 1787 3367 sit
1809 3330 2043 3373 substitutus,
2070 3330 2148 3366 iure
2187 3334 2270 3367 acta
2283 3330 2311 3352 ¹⁹
2333 3330 2429 3369 vide-

1337 3372 1453 3420 bitur,
1485 3388 1558 3413 non
1606 3376 1685 3412 uasi
1707 3375 1892 3422 adempta,
1924 3375 2091 3420 quoniam
2115 3375 2295 3428 hereditas
2320 3374 2429 3412 semel

1337 3421 1424 3459 data
1454 3421 1563 3458 adimi
1609 3421 1700 3457 acile
1729 3431 1803 3458 non
1832 3423 1971 3467 potest,
2002 3420 2066 3456 sed
2100 3429 2204 3468 quasi
2234 3430 2301 3456 nec
2332 3419 2427 3456 data.

1384 3539 1442 3578 (ιι)
1468 3536 1551 3570 Sab.
1564 3543 1589 3570 ι.
1603 3543 1640 3576 ²3
1663 3536 1777 3576 Ed.s;
1803 3535 1887 3579 Pap.
1899 3543 1925 3569 4.
1940 3535 2083 3569 -Βαε,
2097 3535 2154 3576 35,
2168 3542 2184 3569 τ
2277 3534 2348 3576 (κ’)
2372 3534 2427 3567 in-

1337 3581 1475 3615 ductum
1488 3579 1674 3615 deletnmve
1687 3581 1749 3615 del.
1816 3583 1875 3622 (15)
1899 3582 1947 3615 sic
1958 3581 1993 3614 F
1997 3580 2022 3621 ²,
2039 3579 2353 3625 superinductiones
2365 3579 2425 3620 F2,

1381 3626 1574 3660 rductiones
1589 3638 1651 3660 scr.
1756 3629 1815 3666 (ιθ)
1841 3629 1875 3659 et
1887 3626 1937 3659 sic
1949 3626 2104 3671 adempta
2120 3637 2184 3660 ser.
2285 3626 2344 3666 (1¹1)
2367 3623 2425 3658 de-

1350 3675 1407 3704 ata
1418 3672 1455 3706 F
1544 3673 1604 3710 (18)
1629 3673 1782 3715 petentes
1798 3672 1995 3714 exceptione
2010 3684 2072 3706 scr.
2167 3671 2228 3713 (19)
2253 3669 2343 3703 facta
2360 3670 2422 3704 del.

1335 3716 1377 3751 Δ.
1390 3717 1511 3752 Faber.
