2528 3918
188 149 265 192 13

193 268 210 281 '¹
234 268 289 329 otc
300 270 325 337 ’ἑ
348 273 390 306 ut
415 270 466 306 ait
484 269 767 316 Theophrastus,
791 274 1085 317 παραβαίνουσιν
1107 270 1146 306 οἱ
1166 284 1279 317 νομο-

221 329 301 350 ἔΐαι
327 341 335 349 ι

236 357 260 397 7
286 359 544 396 Monssrmvs
553 358 679 396 libro]
691 359 902 407 regularum
947 361 1054 406 Legis
1066 362 1178 397 virtus
1190 361 1281 398 haec

190 408 246 442 est
267 405 316 440 im
345 415 446 441 erare
468 408 590 441 vetare
611 407 817 451 permittere
838 407 976 452 punire.

235 447 260 488 8
292 416 488 486 IAEPIANUS
516 449 608 486 libro
631 450 702 488 III
730 451 781 487 ad
802 450 976 488 Sabinum
1023 452 1109 487 Iura
1140 462 1213 487 non
1243 451 1282 487 in

189 495 647 578 ⁸³¹bffu1¹22ss2232¹2²⁸212⁸153
667 496 1281 587 afflamfflsffluffigstm

188 589 351 622 senatum
373 585 429 621 ius
452 585 573 622 facere
594 596 712 632 posse.

237 629 286 668 10
311 630 506 667 IULIANUS
521 631 612 668 libro
632 631 800 668 LVIIII
814 632 1035 679 diqestorum
1081 630 1207 677 Neque
1229 631 1280 667 le-

187 686 248 721 ges
283 686 400 721 neque
434 679 581 712 senatus
616 678 780 713 consulta
813 677 866 712 ita
900 676 1009 712 scribi
1040 679 1204 722 possunt,
1240 679 1283 711 ut

187 730 309 757 omnes
329 731 435 757 casus
478 721 516 756 ui
558 722 750 768 nandoque
770 722 958 757 inciderint
977 721 1281 767 comprehendan-

186 770 264 846 ξιπ,
284 766 360 818 ‚sed
391 732 527 803 sufficit
566 777 610 803 ea
639 778 731 813 quae
762 767 971 813 plerumque
1002 766 1172 802 accidunt
1195 777 1280 802 con-

204 820 306 846 ineri.

237 854 284 893 11
311 855 421 891 IDEM
446 855 537 893 libro
568 855 752 892 LXXXX
777 858 998 903 diqestorum
1045 856 1096 892 Et
1125 856 1204 892 ideo
1238 856 1283 892 de

186 901 262 944 liis,
302 911 395 947 quae
423 901 537 947 primo
570 902 855 944 constituuntur,
893 904 958 937 aut
988 902 1282 948 interpretatione

187 949 252 1027 {ut
294 946 549 983 constitutione
583 947 707 993 optimi
740 947 912 993 principis
948 947 1081 983 certius
1120 950 1281 983 statuen-

215 1002 275 1026 um
295 995 360 1027 est.

239 1034 290 1074 12
315 1036 521 1073 Iorulibro
534 1036 576 1072 X
581 1037 614 1073 V
622 1036 844 1083 diqestorum
890 1036 973 1073 Non
984 1040 1138 1082 possunt
1157 1047 1281 1073 omnes

188 1082 332 1118 articuli
363 1082 564 1135 singillatim
600 1086 664 1117 aut
686 1082 822 1127 legibus
846 1085 912 1117 aut
934 1086 1081 1118 senatus
1106 1082 1281 1118 consultis

187 1127 457 1173 comprehendi:
491 1127 554 1163 sed
578 1138 659 1162 cum
682 1128 719 1162 in
748 1127 869 1172 aliqua
896 1137 1008 1163 causa
1027 1127 1205 1163 sententia
1222 1138 1281 1163 eo-

186 1183 266 1207 rum
297 1172 510 1208 manifesta⁵
534 1176 606 1216 est,
641 1173 672 1208 is
705 1173 765 1218 qui
794 1172 1032 1208 iurisdictioni
1062 1176 1206 1218 praeest
1236 1172 1283 1208 ad

186 1217 317 1253 similia
364 1217 533 1253 rocedere
557 1221 664 1263 atque
686 1217 738 1253 ita
760 1218 816 1253 ius
841 1218 960 1253 dicere
984 1217 1101 1253 debet.

235 1260 285 1300 13
347 1272 512 1298 LPIANUS
534 1263 623 1300 libro
648 1262 676 1297 I
702 1263 752 1298 ad
782 1263 936 1299 edictum
971 1263 1143 1299 aedilium
1174 1273 1282 1299 curu-

187 1306 273 1342 lium
319 1307 424 1350 Nam,
448 1312 487 1343 ut
508 1308 559 1342 ait
576 1307 719 1351 Pedius,
744 1308 908 1353 quotiens
929 1308 1005 1353 lege
1025 1308 1159 1354 aliquid
1170 1318 1281 1344 unum

185 1352 242 1387 vel
266 1352 416 1388 alterum
446 1352 689 1388 introductum
721 1357 794 1397 est,
826 1354 922 1389 bona
951 1354 1095 1389 occasio
1136 1357 1191 1389 est
1222 1364 1280 1389 ce-

184 1400 280 1440 tera,
315 1408 407 1443 quae
430 1398 582 1433 tendunt
605 1397 652 1433 ad
676 1398 824 1434 eandem
847 1398 1057 1442 utilitatem,
1092 1399 1148 1435 vel
1170 1399 1280 1434 inter·

185 1443 384 1488 pretatione
407 1443 462 1478 vel
486 1446 582 1479 certe
604 1442 873 1479 iurisdictione⁶
897 1444 1066 1489 suppleri.

237 1486 286 1524 14
300 1488 313 1509 ⁷
337 1487 498 1523 Psaros
524 1488 616 1524 libro
639 1487 766 1524 LIIII
784 1489 835 1524 ad
856 1488 1011 1525 edictum
1058 1488 1162 1534 Quod
1194 1499 1278 1524 vero

186 1536 313 1568 contra
335 1533 511 1569 rationem
533 1533 621 1568 iuris
645 1537 829 1579 receptum
854 1537 927 1577 est,
961 1545 1034 1570 non
1068 1538 1123 1570 est
1145 1533 1279 1580 produ-

187 1577 338 1614 cendum
361 1577 408 1613 ad
431 1589 540 1614 conse
566 1579 716 1614 uentias.

234 1622 283 1660 15
309 1622 336 1659 I
338 1632 503 1660 nmmos
512 1624 540 1660 li
562 1635 604 1659 ro
617 1620 779 1660 XXVII
786 1623 1008 1670 diqestorum
1043 1623 1086 1659 In
1099 1623 1166 1666 his,
1187 1632 1280 1669 quae

186 1671 313 1704 contra
334 1668 509 1704 rationem
531 1669 619 1705 iuris
644 1669 841 1704 constituta
863 1671 967 1712 sunt,
992 1679 1066 1705 non
1089 1678 1280 1713 possumus

183 1723 222 1750 se
248 1713 284 1748 ui
307 1713 466 1759 regulam
488 1714 587 1750 iuris.

262 1756 286 1796 6
311 1758 473 1795 Psaros
499 1759 591 1795 libro
614 1758 799 1806 sinqulari
819 1758 864 1794 de
887 1760 968 1795 iure
989 1758 1175 1806 sinqulari
1218 1758 1280 1794 Ius

183 1803 363 1848 singulare
393 1807 466 1847 est,
503 1804 599 1850 quod
631 1807 758 1840 contra
779 1807 940 1840 tenorem
961 1804 1111 1839 rationis
1134 1806 1282 1848 propter

183 1848 339 1929 {liquam
372 1849 563 1884 utilitatem
598 1849 813 1884 auctoritate
845 1848 1138 1884 constituentium
1167 1848 1280 1883 intro-

208 1897 331 1929 uctum
356 1897 420 1929 est.

231 1935 282 1976 17
318 1937 464 1974 Casas
489 1938 581 1975 libro
612 1937 752 1974 XXVI
777 1937 998 1985 diqestorum
1052 1937 1152 1974 Scire
1185 1937 1280 1983 leges

183 1994 256 2019 non
285 1983 356 2019 hoc
388 1987 444 2019 est
476 1984 586 2020 verba
609 1993 733 2019 earum
756 1986 896 2026 tenere,
929 1983 994 2019 sed
1027 1983 1098 2019 vim
1133 1993 1177 2019 ac
1213 1994 1278 2028 po-

182 2031 362 2064 testatem.

232 2070 284 2111 18
307 2073 419 2109 lanu
444 2073 561 2109 libro⁸
583 2073 791 2109 XXVIIII
818 2073 1039 2120 dz‘qestorum
1085 2073 1278 2119 Benignius

182 2118 279 2164 leges
304 2118 594 2164 interpretandae
617 2122 720 2162 sunt,
752 2129 822 2164 quo
854 2119 1021 2155 voluntas
1046 2128 1168 2154 earum
1193 2129 1277 2155 con-

185 2166 357 2200 servetur.

231 2206 284 2246 19
308 2208 418 2244 IDEM
443 2208 534 2244 libro
559 2207 739 2244 XXXIII
766 2208 988 2255 diqestorum
1034 2207 1077 2243 In
1111 2208 1278 2253 ambigua

181 2264 270 2290 voce
291 2254 379 2299 legis
404 2264 447 2289 ea
468 2253 589 2299 potius
612 2253 823 2299 accipienda
846 2255 901 2288 est
923 2252 1153 2298 significatio,
1186 2263 1279 2298 quae

180 2298 292 2335 vitio⁹
317 2302 434 2342 caret,
466 2298 676 2343 praesertim
700 2308 782 2334 cum
805 2298 912 2333 etiam
934 2297 1099 2333 voluntas
1123 2297 1210 2343 legis
1234 2308 1279 2334 ex

181 2344 252 2379 hoc
277 2343 395 2389 colligi
417 2343 542 2389 possit.

229 2386 282 2427 20
306 2388 330 2424 1
335 2398 501 2424 omanus
521 2387 611 2424 libro
630 2388 956 2435 quinquaqensimo
976 2388 1103 2434 quinto
1123 2387 1278 2435 diqesto-

181 2443 264 2470 rum
308 2433 392 2470 Non
412 2433 579 2477 omnium,
604 2443 696 2479 quae
715 2443 738 2468 a
755 2433 947 2479 maioribus
967 2432 1163 2469 constituta
1183 2436 1277 2476 sunt,

183 2479 275 2515 ratio
299 2478 401 2514 reddi
423 2481 555 2525 potest,

229 2521 279 2561 21
308 2523 515 2560 Nummos
534 2522 626 2559 libro
652 2521 711 2558 VI
723 2523 1014 2559 membranarum
1061 2526 1097 2559 et
1115 2522 1195 2559 ideo
1217 2533 1276 2558 ra-

182 2569 299 2604 tiones
324 2579 464 2611 eorum,
490 2578 582 2613 quae
607 2567 892 2611 constituuntur,
916 2567 1048 2613 inquiri
1073 2579 1146 2604 non
1170 2579 1276 2614 opor-

182 2617 253 2649 tet:
287 2613 445 2659 alioquin
475 2613 589 2648 multa
620 2623 664 2648 ex
693 2613 749 2648 his
781 2623 874 2659 quae
898 2616 997 2648 certa
1019 2616 1105 2649 sunt
1128 2614 1275 2649 subver-

183 2661 321 2694 tuntur.

230 2700 284 2740 22
316 2701 509 2739 mmmm
530 2702 621 2738 libro
646 2703 855 2749 triqensimo
905 2703 1006 2738 uinto
1039 2702 1090 2739 ad
1120 2703 1276 2740 edictum

184 2747 282 2828 (3αῶ
295 2748 354 2783 lex
383 2748 421 2783 in
451 2748 684 2793 praeteritum
717 2747 802 2794 quid
831 2713 1009 2793 infulget,
1044 2747 1082 2783 in
1115 2749 1277 2784 futurum

183 2803 226 2830 ve
284 2820 292 2828 .

229 2835 282 2875 23
307 2837 365 2873 PA
373 2847 468 2873 ocus
476 2836 567 2873 libro
580 2839 711 2883 quarto
732 2837 783 2873 ad
793 2836 979 2874 Plautium
1023 2837 1171 2874 Minime
1193 2842 1278 2875 sunt

182 2882 373 2925 mutanda,
409 2892 501 2928 quae
523 2882 853 2928 interpretationem
884 2886 1017 2919 certam
1047 2893 1188 2929 semper
1210 2884 1275 2920 ha·

182 2928 457 3010 bufflmginws
486 2971 577 3007 libro
619 2971 744 3007 VJHJ
774 2972 998 3020 diqestorum
1043 2973 1188 3016 Incivfle
1221 2978 1276 3010 est

182 3018 341 3054 nisitota
359 3017 437 3063 lege
455 3027 537 3062 pers
566 3020 644 3052 ecta
662 3027 736 3052 una
756 3018 876 3064 aliqua
894 3018 1074 3065 particula
1095 3019 1170 3054 eius
1190 3030 1274 3065 pro-

181 3062 302 3110 posita
323 3062 485 3098 iudicare
507 3072 550 3097 ve
585 3063 811 3107 respondere.

227 3105 282 3146 25
306 3106 564 3144 ΜουεεφιΝσε
594 3107 685 3143 libro
719 3108 817 3144 VIII
850 3119 1109 3156 responsorum
1165 3108 1276 3144 Nulla

179 3153 268 3189 iuris
291 3153 385 3189 ratio
409 3155 473 3188 aut
495 3162 538 3188 ae
562 3152 684 3188 uitatis
709 3153 909 3198 benignitas
932 3154 1086 3199 patitur,
1119 3156 1160 3189 ut
1183 3163 1276 3200 quae

180 3198 375 3235 salubriter
405 3207 471 3244 pro
503 3208 528 3232 u
572 3198 656 3233 'tate
686 3198 870 3234 hominum
899 3199 1194 3242 introducuntur,
1232 3209 1275 3234 ea

180 3252 247 3280 nos
278 3242 422 3279 duriore
453 3242 747 3288 interpretatione
779 3247 906 3279 contra
935 3244 1095 3290 ipsorum
1119 3254 1273 3280 commo-

180 3288 267 3324 dum
290 3287 533 3335 producamus
546 3289 574 3309 ¹⁰
597 3288 644 3322 ad
667 3289 902 3324 severitatem.

227 3331 282 3372 26
305 3332 467 3370 Panos
487 3333 578 3369 libro
601 3332 694 3368 IIII
714 3335 963 3379 quaestionum
1009 3333 1093 3370 Non
1124 3337 1180 3370 est
1207 3344 1274 3371 no-

179 3389 262 3415 vum
297 3381 340 3414 ut
360 3377 497 3424 priores
520 3378 614 3423 leges
639 3377 685 3413 ad
707 3379 922 3423 posteriores
945 3379 1147 3415 trahantur.

227 3405 281 3461 2⁶5
307 3422 608 3460 Tem-vaurms
622 3422 713 3458 libro
732 3422 759 3475 I
774 3425 1023 3469 quaestionum
1068 3424 1165 3468 Ideo,
1190 3423 1274 3470 quia

180 3469 399 3516 antiquiores
421 3469 517 3515 leges
541 3467 588 3504 ad
610 3471 827 3514 posteriores
850 3469 945 3504 trahi
967 3469 1141 3505 usitatum
1165 3470 1271 3513 estu,

181 3628 221 3668 (1)
245 3628 294 3661 eie
305 3627 350 3670 R,
363 3623 434 3663 ὃσις
443 3627 479 3661 F
536 3627 580 3670 (2)
595 3626 633 3661 id
639 3633 706 3661 aet:
716 3636 795 3660 nam
807 3626 897 3669 quod
907 3626 1008 3659 semel
1020 3627 1072 3660 vel
1080 3626 1134 3660 bis
1142 3627 1269 3661 factum

180 3674 243 3711 est,
251 3675 468 3715 praetereunt
476 3671 591 3715 legum
601 3671 725 3706 latores
796 3673 839 3714 (3)
864 3682 942 3704 nom
954 3672 990 3706 F
1052 3673 1096 3715 (4)
1121 3675 1156 3706 et
1165 3674 1224 3706 im.
1238 3673 1274 3706 F

180 3717 224 3759 (5)
249 3718 555 3751 eorumanisestab'
636 3717 681 3759 (s)
705 3715 975 3750 iurisdictionem
987 3717 1023 3750 F
1096 3718 1139 3760 (¹1)
1163 3718 1266 3752 -Β,

180 3761 234 3801 50,
243 3768 287 3802 17,
296 3769 344 3797 ui
355 3775 406 3806 pr.
456 3763 500 3805 (8)
514 3761 619 3795 libros
631 3761 667 3796 F
709 3762 754 3804 (0)
768 3761 852 3795 vitlo
864 3761 928 3803 ΡΙ,
941 3762 996 3795 vio
1007 3760 1060 3795 F²
1113 3764 1174 3805 (10)
1186 3773 1268 3806 pro-

2164 163 2228 196 Du
2254 163 2445 199 mamus

1350 279 1491 315 semper
1514 269 1619 316 quasi
1641 270 1711 306 hoc
1733 271 1870 317 legibus
1894 272 2011 307 inesse
2023 271 2134 316 ,credi
2157 276 2310 325 oportet,
2333 277 2376 311 ut
2397 274 2447 310 ad

1350 325 1412 351 eas
1436 325 1578 360 quoque
1600 325 1774 368 personas
1798 320 1835 352 et
1857 316 1905 352 ad
1929 327 1990 353 eas
2013 327 2072 353 res
2095 321 2326 363 pertinerent,
2351 330 2445 366 quae

1350 360 1565 406 quandoque
1588 360 1720 397 slmiles
1744 365 1860 398 erunt.

1395 401 1449 442 28
1473 404 1636 441 Psaros
1663 405 1754 442 libro
1777 406 1811 443 V
1841 406 1893 443 ad
1923 407 2036 455 leqem
2060 406 2195 444 Iuliam
2228 410 2264 444 et
2286 407 2444 456 Papiam

1349 449 1421 486 Sed
1455 453 1504 502 et·
1521 450 1737 495 posteriores
1768 451 1863 497 leges
1895 452 1942 488 ad
1972 453 2110 499 priores
2142 451 2340 506 pertinent,
2376 453 2445 490 nisi

1349 497 1552 531 contrariae
1576 495 1658 539 sint,
1682 495 1791 542 idque
1814 497 1934 533 multis
1958 508 2000 533 ar
2085 501 2176 534 entis
2199 497 2385 544 probatur.

1395 537 1449 578 29
1473 539 1582 576 Imm
1601 539 1693 577 libro
1715 542 1899 588 sinqulari
1928 542 1979 578 ad
2014 554 2115 590 eqem
2142 542 2302 579 Cinciam
2349 542 2443 579 Con-

1348 588 1406 621 tra
1434 585 1546 630 legem
1577 584 1684 630 facit,
1716 587 1777 639 qui
1808 587 1845 622 id
1875 587 1964 623 facit
1987 587 2084 634 quod
2107 588 2164 623 lex
2187 588 2371 633 prohibet,
2406 588 2444 624 in

1348 630 1512 683 fraudem
1534 640 1637 710 vero,
1670 642 1732 677 qui
1754 631 1859 668 salvis
1882 633 1998 668 verbis
2022 633 2108 678 legis
2131 633 2346 669 sententiam
2368 633 2444 669 eius

1351 686 1566 711 circumvem
1584 702 1592 711 .

1395 717 1449 759 30
1482 719 1677 756 ULPJANUS
1697 721 1788 758 libro
1811 721 1905 757 IIII
1925 721 1976 757 ad
1997 722 2152 759 edictum
2197 722 2316 759 Fraus
2352 723 2444 759 enim

1348 765 1417 811 legi
1440 765 1492 809 fit,
1516 765 1580 801 ubi
1602 766 1699 811 quod
1720 765 1798 802 fieri
1821 766 1948 821 noluit³
1980 766 2059 803 fieri
2082 771 2202 804 autem
2226 779 2299 804 non
2321 768 2443 811 vetuit,

1349 811 1386 846 id
1408 810 1469 846 fitz
1496 814 1532 846 et
1552 811 1648 856 quod
1668 811 1779 847 distat
1798 811 1912 857 ῥητὸν
1925 811 1999 846 απὸ
2013 810 2177 848 διανοίας
2189 813 2229 856 ¹²,
2252 813 2323 849 hoc
2336 813 2444 849 distat

1348 855 1450 891 fraus
1475 856 1520 891 ab
1546 866 1600 899 eo,
1648 856 1721 892 uod
1745 860 1873 892 contra
1894 856 1908 892 1
1953 867 2008 892 em
2031 857 2083 892 fit.

1395 898 1446 938 31
1474 900 1585 936 IDEM
1602 901 1630 936 le·
1651 912 1693 937 ro
1717 901 1824 937 XIII
1852 901 1903 937 ad
1947 913 2048 949 eqem
2071 902 2206 938 Iuliam
2229 906 2264 939 et
2286 902 2444 950 Papiam

1349 945 1522 991 Princeps
1545 946 1683 991 legibus
1707 946 1846 982 solutus
1872 950 1943 983 est:
1967 948 2132 993 Augusta
2152 951 2271 983 autem
2291 948 2376 984 licet
2392 948 2443 984 le·

1349 991 1453 1036 gibus
1477 991 1596 1027 soluta
1619 1001 1693 1027 non
1716 995 1780 1034 est,
1805 991 1985 1044 principes
2007 996 2128 1028 tamen
2152 993 2276 1028 eadem
2298 993 2349 1029 illi
2371 993 2442 1039 pri·

1349 1036 1416 1072 vile
1441 1036 1475 1071 'a
1497 1036 1671 1079 tribuunt,
1721 1046 1789 1072 uae
1811 1048 1824 1072 i
1851 1037 1880 1072 si
1903 1037 2049 1073 habent.

1396 1046 1452 1134 βξ
1474 1080 1502 1117 I
1503 1090 1670 1134 cmpos
1707 1082 1788 1134 §bro
1819 1048 2053 1134 ΞΧΧΧΙῙΙΙ
2063 1083 2091 1105 ¹³
2112 1082 2342 1135 ‘diqestorum
2388 1082 2443 1119 De

1374 1127 1480 1162 uibus
1504 1136 1623 1162 causis
1647 1130 1789 1172 scriptis
1812 1126 1949 1172 legibus
1972 1138 2046 1163 non
2069 1130 2219 1171 utimur,
2254 1128 2291 1163 id
2323 1131 2443 1164 custo·

1350 1137 1418 1207 3111
1441 1175 1594 1217 oportet,
1619 1171 1715 1217 quod
1737 1172 1897 1208 moribus
1922 1175 1958 1207 et
1981 1172 2238 1208 consuetudine
2260 1173 2444 1208 inductum

1351 1220 1423 1252 est:
1449 1220 1486 1253 et
1509 1217 1540 1252 si
1563 1227 1635 1262 qua
1656 1217 1693 1252 in
1717 1227 1756 1252 re
1779 1218 1850 1253 hoc
1874 1216 2062 1261 deficeret,
2086 1221 2175 1253 tunc
2204 1217 2301 1270 quod
2323 1218 2443 1263 proxi-

1349 1273 1446 1297 mum
1470 1264 1506 1297 et
1529 1272 1750 1307 consequens
1775 1262 1807 1297 ei
1831 1265 1903 1298 est:
1937 1262 1967 1297 si
1999 1273 2066 1298 nec
2096 1262 2134 1298 id
2165 1262 2307 1308 quidem
2330 1272 2441 1308 appa-

1348 1311 1438 1350 reat,
1462 1310 1550 1343 tunc
1573 1307 1650 1350 ius,
1676 1317 1746 1352 quo
1771 1307 1857 1343 urbs
1881 1307 1999 1343 Roma
2022 1308 2155 1351 utitur,
2180 1308 2314 1344 servari
2337 1317 2439 1353 opor-

1351 1356 1367 1389 1
1418 1355 1481 1388 tet.
1528 1352 1732 1388 Inveterata
1751 1352 1972 1388 consuetudo
1994 1363 2060 1398 pro
2080 1353 2158 1398 lege
2176 1363 2250 1389 non
2269 1353 2441 1389 immerito

1350 1397 1563 1441 custoditur,
1589 1401 1625 1433 et
1648 1398 1718 1433 hoc
1743 1401 1797 1433 est
1820 1398 1876 1433 ius
1900 1397 1997 1443 quod
2021 1397 2152 1433 dicitur
2174 1398 2333 1433 moribus
2358 1408 2443 1434 con-

1350 1443 1526 1478 stitutum,
1573 1453 1658 1478 nam
1690 1453 1771 1478 cum
1801 1442 1903 1488 ipsae
1932 1443 2026 1495 leges
2049 1443 2148 1478 nulla
2171 1443 2239 1478 alia
2267 1453 2311 1478 ex
2334 1453 2446 1478 causa

1349 1498 1415 1524 nos
1439 1491 1596 1530 teneant,
1622 1497 1729 1533 quam
1753 1487 1849 1533 quod
1867 1487 2000 1523 iudicio
2021 1488 2146 1533 populi
2162 1491 2328 1533 receptae
2349 1491 2443 1531 sunt,

1349 1533 1473 1568 merito
1498 1536 1534 1568 et
1557 1542 1610 1576 ea,
1635 1534 1827 1579 quaesine
1850 1533 1923 1568 ullo
1942 1532 2075 1578 scripto
2095 1533 2249 1613 pfffflssus
2269 1533 2443 1578 probavit,

1349 1578 1524 1613 tenebunt
1541 1588 1682 1613 omnes:
1708 1588 1790 1613 nam
1815 1578 1901 1623 quid
1923 1577 2073 1614 interest
2095 1588 2112 1613 s
2186 1578 2265 1623 agio
2289 1577 2443 1623 populus

1349 1623 1567 1659 voluntatem
1598 1633 1700 1658 suam
1730 1622 1888 1658 declaret
1918 1633 1965 1658 an
1996 1623 2104 1658 rebus
2134 1623 2222 1668 ipsis
2255 1626 2291 1658 et
2312 1622 2444 1659 factis?

1350 1667 2443 1758 1ξὲτὲοἷὲἓξῑεὲἶῗὲῖἃὲἰὲΠῖρΨὲἦαέἓὲξΡἛᾱθὲἓῶ*ὲῖῖξῗ

1351 1768 1528 1794 consensu
1551 1758 1708 1793 omnium
1758 1768 1797 1794 er
1846 1739 2091 1793 esuetudine’m
2115 1758 2332 1803 abrogentur
2344 1758 2384 1793 ¹⁴.

1396 1800 1449 1840 33
1481 1802 1677 1838 mmmm
1696 1803 1725 1838 li
1767 1814 1789 1839 o
1812 1804 1939 1850 primo
1974 1803 2021 1838 de
2052 1803 2180 1849 officio
2204 1802 2442 1856 proconsulis

1349 1846 1531 1883 Diuturna
1566 1847 1788 1883 consuetudo
1849 1858 1890 1883 ro
1924 1848 2003 1883 iure
2037 1851 2074 1883 et
2102 1848 2180 1893 lege
2209 1859 2248 1884 in
2270 1848 2326 1884 his
2350 1858 2441 1894 quae

1349 1903 1421 1928 non
1446 1903 1490 1928 ex
1513 1892 1647 1938 scripto
1673 1892 1803 1929 descen
1830 1896 1896 1928 unt
1918 1893 2100 1929 observari
2122 1892 2225 1929 solet.

1395 1934 1450 1975 34
1473 1937 1582 1973 IDEM
1607 1938 1700 1974 libro
1723 1937 1816 1974 IIII
1844 1938 1889 1974 dc
1919 1938 2046 1985 officio
2069 1938 2306 1985 proconsulis
2353 1937 2442 1973 Cum

1350 1982 1394 2018 de
1417 1983 1675 2021 consuetudine
1694 1983 1847 2019 civitatis
1865 1983 1922 2019 vel
1984 1983 2145 2019 ovinciae
2165 1983 2343 2019 confidere
2364 1983 2442 2028 quis

1348 2027 1506 2071 videtur,
1537 2029 1690 2074 primum
1713 2028 1855 2081 quidem
1877 1994 1973 2064 illus·
1989 2028 2245 2074 explorandum
2276 2028 2437 2072 arbitror,

1347 2083 1426 2153 ἔξω
1430 2073 1537 2109 etiam
1573 2074 1795 2110 contradicto
1827 2073 2020 2120 aliquando
2051 2073 2183 2110 iudicio
2218 2074 2438 2110 consuetudo

1428 2122 1488 2154 ata
1511 2119 1567 2154 sit.

1394 2161 1447 2201 35
1471 2163 1817 2201 HERMOGENJANUS
1832 2163 1960 2200 libroI
1976 2164 2068 2200 iuris
2087 2165 2325 2211 epitomarum
2371 2163 2442 2200 Sed

1348 2210 1384 2243 et
1407 2218 1468 2251 ea,
1502 2219 1595 2254 quae
1617 2209 1724 2254 longa
1747 2209 2007 2245 consuetudine
2030 2209 2267 2254 comprobata
2290 2212 2376 2245 sunt
2398 2219 2441 2244 ac

1346 2262 1411 2298 per
1442 2263 1555 2289 annos
1586 2253 1759 2299 plurimos
1795 2254 2002 2297 observata,
2036 2254 2134 2290 velut
2166 2254 2279 2289 tacita
2313 2254 2441 2290 civium

1348 2299 1535 2333 conventio
1559 2309 1632 2334 non
1656 2299 1772 2334 minus
1797 2309 1904 2344 quam
1929 2309 1972 2335 ea
1991 2309 2084 2345 quae
2103 2299 2240 2344 scripta
2259 2302 2344 2335 sunt
2360 2299 2441 2335 iura

1348 2346 1545 2378 servantur.

1361 2414 1363 2416 ·
1395 2385 1448 2425 36
1473 2387 1633 2423 PAULUs
1653 2387 1743 2424 libro
1773 2387 1853 2424 VII
1879 2387 1930 2423 ad
1947 2387 2122 2424 Sabinum
2167 2388 2279 2424 Immo

1346 2433 1572 2468 auctoritatis
1595 2433 1665 2468 hoc
1687 2433 1744 2468 ius
1775 2433 1948 2476 habetur,
1985 2432 2082 2479 quod
2111 2433 2149 2469 in
2179 2436 2321 2469 tantum
2355 2443 2438 2479 pro-

1344 2478 1470 2558 lbatuim
1495 2481 1566 2520 est,
1590 2481 1632 2513 ut
1655 2488 1729 2513 non
1752 2477 1862 2514 fuerit
1884 2488 2032 2514 necesse
2055 2478 2190 2524 scripto
2212 2478 2252 2515 id
2274 2488 2437 2524 compre·

1372 2533 1415 2558 en
1442 2533 1511 2558 ere.

1391 2564 1444 2606 37
1470 2567 1578 2603 loru
1592 2567 1683 2604 libro
1702 2566 1727 2602 Ι
1744 2569 1994 2614 quaestionum
2040 2567 2078 2603 Si
2092 2567 2137 2603 de
2146 2566 2439 2613 interpretatione

1344 2613 1431 2658 legis
1455 2615 1658 2658 quaeratur,
1682 2612 1720 2647 in
1742 2612 1864 2658 primis
1887 2613 1943 2648 ins
1969 2612 2147 2649 iciendum
2171 2615 2242 2655 est,
2267 2623 2338 2658 quo
2361 2612 2439 2648 iure

1346 2658 1470 2694 civitas
1492 2660 1589 2693 retro
1611 2657 1649 2692 in
1674 2657 1847 2693 eiusmodi
1870 2658 1945 2694 casi
1970 2668 2013 2693 us
2036 2667 2105 2693 usa
2126 2657 2271 2693 fuisset:
2304 2657 2439 2703 optima

1346 2703 1439 2738 enim
1463 2707 1518 2739 est
1540 2703 1658 2748 legum
1681 2702 1856 2748 interpres
1881 2702 2116 2739 consuetudo.

1391 2745 1444 2786 38
1472 2747 1759 2784 CALLISTRATUS
1786 2747 1877 2784 libro
1900 2747 1923 2784 I
1947 2749 2199 2794 quaestionum
2245 2747 2339 2784 Nam
2370 2747 2435 2783 im-

1343 2796 1490 2838 perator
1526 2795 1649 2829 noster
1683 2792 1834 2828 Severus
1865 2793 2049 2838 rescripsit
2077 2793 2115 2828 in
2146 2792 2437 2838 ambiguitatibus

1345 2848 1437 2883 quae
1460 2848 1505 2874 ex
1526 2838 1664 2883 legibus
1687 2836 1964 2883 proficiscuntur
1984 2837 2278 2873 consuetudinem
2297 2841 2362 2873 aut
2378 2847 2436 2874 re-

1343 2894 1422 2919 rum
1445 2886 1618 2936 perpetuo
1642 2882 1804 2919 similiter
1825 2882 2067 2918 iudicatarum
2091 2883 2342 2919 auctoritatem
2365 2883 2436 2919 vim

1343 2929 1428 2974 legis
1454 2939 1475 2964 o
1501 2931 1615 2963 tinere
1638 2927 1777 2963 debere.

1390 2971 1444 3011 39
1472 2940 1617 3010 ἔπεσε
1646 2972 1738 3008 libro
1773 2971 1916 3008 XXIII
1948 2972 2169 3020 diqestorum
2223 2971 2328 3017 Quod
2362 2983 2436 3009 non

1342 3018 1481 3054 ratione
1502 3017 1756 3060 introductum,
1782 3017 1846 3053 sed
1870 3028 1991 3054 errore
2013 3018 2177 3071 primum,
2202 3017 2329 3054 deinde
2348 3028 2434 3054 con-

1343 3063 1533 3099 suetudine
1556 3065 1741 3108 optentum
1762 3066 1828 3106 est,
1851 3062 1888 3098 in
1908 3063 1985 3099 aliis
2002 3063 2173 3099 similibus
2193 3073 2267 3099 non
2285 3062 2432 3108 optinet.

1388 3106 1442 3146 40
1474 3107 1730 3144 Μουῑεηινσε
1758 3108 1849 3144 libro
1883 3107 1913 3144 Ι
1941 3108 2152 3156 reqularum
2198 3108 2295 3154 Ergo
2331 3117 2435 3144 omne

1342 3153 1398 3189 ius
1430 3156 1495 3188 aut
1525 3162 1721 3188 consensus
1743 3152 1831 3189 fecit
1855 3156 1919 3189 aut
1940 3153 2136 3190 necessitas
2160 3152 2347 3188 constituit
2370 3156 2434 3189 aut

1342 3198 1501 3234 firmauit
1524 3198 1757 3234 consuetudo.

1388 3241 1438 3280 41
1474 3242 1671 3279 Ulmanus
1685 3242 1776 3279 libro
1789 3241 1840 3278 II
1847 3243 2110 3279 institutionum
2157 3241 2290 3278 Totum
2313 3245 2430 3279 autem

1340 3287 1397 3324 ius
1423 3288 1587 3324 consistit
1599 3288 1626 3310 ¹⁵
1649 3290 1713 3323 aut
1734 3288 1772 3323 in
1796 3287 2014 3341 adquirendo
2039 3290 2104 3322 aut
2124 3287 2162 3322 in
2186 3287 2430 3324 conservando

1341 3336 1406 3369 aut
1423 3333 1460 3368 in
1478 3332 1691 3368 minuendo:
1715 3336 1780 3368 aut
1799 3342 1891 3368 emm
1909 3333 1979 3368 hoc
1998 3332 2114 3377 agitur
2133 3332 2429 3378 quemadmodum

1341 3378 1427 3424 quid
1451 3378 1622 3424 cuiusque
1644 3377 1727 3420 fiat,
1760 3380 1825 3414 aut
1855 3376 2150 3424 quemadmodum
2174 3377 2253 3423 quis
2276 3387 2352 3413 rem
2374 3377 2429 3413 vel

1339 3423 1395 3459 ius
1419 3433 1523 3460 suum
1548 3425 1750 3466 conservet,
1782 3425 1846 3458 aut
1871 3421 2047 3468 quomodo
2078 3422 2207 3458 alienet
2235 3426 2298 3458 aut
2325 3421 2429 3458 amit·

1338 3626 1498 3660 ducemus
1507 3626 1566 3661 ΡΒ
1633 3626 1688 3669 (11)
1713 3625 1832 3667 estF¹,
1845 3627 1897 3659 ost
1907 3627 1942 3658 et
1952 3624 2034 3659 F²S
2102 3626 2159 3667 (12)
2176 3626 2284 3660 idest:
2297 3625 2427 3660 dictum

1338 3682 1359 3705 a
1370 3672 1540 3705 sententia
1609 3670 1668 3714 (13)
1692 3671 1784 3705 eicF
1789 3669 1840 3711 ¹18,
1853 3669 2091 3703 Lxxxxnn
2104 3669 2158 3703 17⁹²
2161 3682 2334 3715 perperam

1337 3718 1396 3760 (u)
1421 3715 1649 3760 abrogetur*
1711 3716 1770 3759 (16)
1794 3715 2023 3756 comtifitFoe,
2037 3715 2222 3748 constituta
2237 3715 2289 3749 Pb
