2528 3918
191 100 382 143 xvm1

189 222 352 260 dominus
382 223 546 268 putasset
577 231 644 257 suo
675 219 844 264 arbitrio,
876 231 926 257 an
955 231 1038 257 vero
1070 220 1101 256 si
1130 219 1276 256 arbitrio

190 269 255 304 vii-i
279 268 390 304 boni?
426 277 509 302 nam
533 265 564 301 si
581 265 768 301 arbitrium
787 265 920 302 domini
938 266 1167 311 accipiamus,
1191 275 1275 301 ven-

189 314 275 349 ditio
299 313 397 348 nulla
420 315 492 354 est,
517 310 815 357 quemadmodum
838 311 870 347 si
892 311 971 357 quis
994 312 1046 346 ita
1068 310 1276 353 vendiderit,

189 359 220 394 si
250 357 422 399 voluerit,
457 357 513 392 vel
544 356 732 402 stipulanti
762 357 815 392 sic
845 356 1023 402 spondeat
1046 355 1088 391 ‘si
1118 355 1275 398 voluero,

190 403 323 439 ‘decem
357 402 482 437 dabo’:
518 412 564 437 ne
588 411 634 437 ue
667 401 762 437 enim
796 401 902 437 debet
934 402 972 436 in
1006 400 1191 436 arbitrium
1225 399 1277 435 rei

189 447 363 490 conferri,
395 457 443 482 an
475 446 522 482 sit
552 457 573 482 o
600 446 757 483 strictus.
794 446 930 492 placuit
953 446 1075 492 itaque
1097 445 1276 481 veteribus

189 493 299 537 magis
321 492 360 527 in
383 491 447 527 viri
469 491 555 527 boni
577 491 762 527 arbitrium
784 491 822 527 id
846 491 1014 527 collatum
1037 490 1147 526 videri
1171 500 1277 535 quam

187 538 225 573 in
255 537 397 572 domini.
437 536 468 572 si
490 536 597 590 igitur
618 536 776 572 rationes
800 537 918 582 potuit
940 536 1103 581 accipere
1126 546 1192 571 nec
1215 545 1276 571 ac-

129 586 136 591 '
188 583 293 628 cepit,
317 582 373 618 vel
395 585 544 628 accepit,
567 581 669 628 fingit
691 585 812 617 autem
835 592 874 617 se
898 592 969 616 non
993 580 1187 626 accepisse,
1211 581 1276 615 im-

188 628 285 674 pleta
320 627 482 663 condicio
514 626 703 673 emptionis
734 630 790 663 est
820 630 855 663 et
886 636 930 662 ex
964 629 1082 671 empto
1114 625 1278 661 venditor

192 677 206 708 1
256 672 436 709 conveniri
469 676 599 718 potest.
654 671 866 707 Huiusmodi
900 671 1031 717 emptio
1066 671 1203 716 ‘quanti
1236 675 1277 706 tu

189 721 282 754 ‘eum
314 717 454 761 emisti’,
478 720 662 764 ‘quantum
694 717 798 762 pretii
820 717 858 752 in
882 726 969 752 arca
990 715 1131 759 habeo’,
1163 715 1274 752 valet:

188 773 256 799 nec
286 762 378 799 enim
408 762 583 799 incertum
614 766 670 798 est
699 762 852 807 pretium
883 765 957 797 tam
981 760 1133 797 evidenti
1155 760 1276 797 vendi-

187 809 304 845 tione:
327 808 439 854 magis
457 808 551 844 enim
571 808 767 853 ignoratur,
788 807 912 852 quanti
932 809 1071 859 emptus
1092 806 1149 850 sit,
1171 816 1276 852 quam

189 856 209 890 2
254 853 294 889 in
315 853 367 889 rei
389 853 540 890 veritate
561 853 737 889 incertum
761 856 825 887 est.
874 851 912 887 Si
942 862 1021 897 quis
1051 852 1103 887 ita
1134 851 1274 887 emerit:

189 902 256 935 ‘est
277 898 364 934 milii
381 898 515 935 fundus
534 902 674 944 emptus
694 901 835 933 centum
855 901 891 933 et
909 900 1043 943 quanto
1063 897 1176 942 pluris
1196 907 1277 933 eum

188 943 416 988 ‘vendidero',
438 943 533 980 valet
554 942 708 979 venditio
734 946 770 978 et
800 943 920 978 statim
951 942 1134 988 impletur:
1167 942 1278 977 habet

189 989 281 1025 enim
305 993 441 1025 certum
464 989 617 1035 pretium
642 991 802 1031 centum,
834 987 1022 1033 augebitur
1052 991 1171 1024 autem
1194 998 1275 1033 pre-

189 1035 290 1077 tium,
316 1034 347 1070 si
370 1034 482 1080 pluris
506 1044 561 1069 em
587 1038 644 1069 tor
665 1032 818 1068 fundum
840 1032 1048 1068 vendiderit.

235 1076 260 1118 8
284 1079 514 1115 Poupomvs
529 1079 558 1115 li
578 1090 620 1114 ro
640 1089 735 1114 nono
755 1078 806 1113 ad
822 1077 997 1114 Sabinum
1042 1077 1120 1114 Nec
1143 1077 1274 1123 emptio

188 1136 256 1162 nec
286 1124 441 1161 venditio
473 1124 549 1160 sine
571 1134 611 1159 re
634 1133 726 1169 quae
749 1127 876 1158 veneat
898 1126 1017 1168 potest
1039 1123 1204 1168 intellegi.
1241 1126 1278 1158 et

187 1174 307 1206 tamen
330 1169 471 1206 fructus
495 1173 532 1205 et
561 1173 687 1215 partus
718 1167 830 1204 futuri
859 1172 958 1204 recte
989 1172 1149 1204 ementur
1162 1170 1191 1211 ¹,
1223 1171 1275 1211 ut,

189 1227 271 1252 cum
295 1215 409 1251 editus
435 1218 529 1251 esset
550 1218 696 1260 partus,
719 1214 790 1249 iam
813 1217 920 1256 tunc,
946 1224 1028 1249 cuin
1052 1216 1276 1250 contractum

189 1265 284 1298 esset
307 1261 504 1306 negotium,
527 1259 681 1295 venditio
705 1258 804 1294 facta
825 1259 1069 1304 intellegatur:
1100 1258 1164 1294 sed
1186 1258 1217 1294 si
1239 1258 1277 1294 id

189 1306 299 1352 egei-it
321 1305 494 1348 venditor,
518 1315 563 1340 ne
586 1307 759 1340 nascatur
781 1304 870 1339 aut2
892 1303 993 1347 fiant,
1019 1315 1064 1340 ex
1081 1307 1200 1349 empto
1220 1303 1277 1349 agi

191 1355 206 1387 1
255 1362 372 1397 posse.
419 1350 621 1395 Aliquando
645 1353 765 1384 tamen
788 1353 825 1385 et
856 1349 932 1385 sine
965 1360 1005 1385 re
1034 1349 1190 1385 venditio
1221 1349 1276 1384 in-

187 1396 383 1442 tellegitur,
419 1395 527 1431 veluti
559 1406 639 1431 cum
671 1395 774 1440 quasi
805 1395 885 1430 alea
916 1395 1055 1431 emitur.
1097 1394 1193 1440 quod
1222 1393 1276 1438 fit,

189 1453 270 1478 cum
296 1441 464 1487 captum³
487 1440 639 1493 piscium
662 1439 717 1475 vel
741 1439 859 1476 avium
889 1440 946 1476 vel
976 1440 1161 1476 missilium
1193 1439 1275 1475 emi-

188 1490 263 1522 tur:
289 1487 418 1532 emptio
444 1496 537 1522 enim
561 1485 784 1521 contrahitur
807 1485 913 1521 etiam
936 1486 967 1521 si
990 1485 1078 1521 nihil
1099 1485 1276 1527 inciderit,

189 1532 273 1578 quia
296 1531 372 1577 spei
396 1531 526 1576 emptio
551 1534 622 1567 est:
655 1534 692 1566 et
722 1530 819 1576 quod
847 1531 1031 1567 missilium
1060 1530 1203 1566 nomine
1234 1541 1276 1567 eo

189 1588 276 1613 casu
302 1581 446 1622 captum
471 1580 526 1612 est
549 1576 580 1612 si
603 1576 755 1612 evictum
778 1575 906 1619 fuerit,
939 1576 1038 1612 nulla
1070 1586 1111 1612 eo
1136 1575 1278 1611 nomine

187 1631 233 1704 fx
246 1626 373 1675 ‘empto
397 1621 564 1667 obligatio
589 1621 829 1664 contrahitur,
863 1621 948 1667 quia
969 1621 1007 1657 id
1029 1625 1151 1658 actum
1172 1621 1277 1657 intel-

202 1672 326 1713 egitur.

236 1711 261 1751 9
293 1712 487 1749 ULPJAst
514 1712 607 1748 libro
637 1712 830 1748 vicensimo
862 1715 988 1748 octavo
1017 1712 1071 1748 ad
1102 1710 1276 1748 Sabinum

188 1759 230 1794 In
263 1757 525 1794 venditionibus
558 1761 594 1793 et
628 1757 866 1802 emptionibus
902 1767 1116 1793 consensum
1149 1756 1278 1792 debere

189 1803 407 1841 intercedere
430 1803 549 1848 palam
573 1806 658 1839 estz·
671 1806 828 1838 ceterum
852 1802 926 1839 sive
944 1803 982 1838 in
1000 1802 1082 1848 ipsa
1101 1802 1278 1848 emptione

189 1849 420 1885 dissentient⁴
444 1848 519 1884 sive
541 1848 578 1883 in
601 1848 716 1893 pretio
748 1848 822 1884 sive
852 1848 890 1883 in
921 1858 991 1894 quo
1023 1848 1113 1891 alio,
1146 1847 1275 1893 emptio

187 1893 397 1940 imperfecta
427 1897 491 1929 est.
534 1893 565 1929 si
592 1893 701 1938 igitur
731 1903 794 1939 ego
818 1903 875 1929 me
897 1893 1047 1929 fundum
1071 1902 1187 1929 emere
1210 1903 1276 1938 pu-

187 1944 300 1975 tarem
325 1938 593 1981 Cornelianum,
624 1942 666 1974 tu
694 1938 781 1973 mibi
809 1941 846 1974 te
876 1938 1028 1974 vendere
1051 1938 1277 1984 Sempronia-

189 1997 273 2021 num
303 1984 457 2030 putasti,
489 1984 574 2029 quia
603 1984 642 2019 in
665 1994 814 2030 corpore
839 1983 1111 2026 dissensimus-¹²,
1145 1984 1276 2028 emptio

189 2030 287 2066 nulla
310 2034 375 2065 est.
411 2029 505 2065 idem
529 2033 593 2071 est,
618 2028 648 2064 si
673 2038 735 2074 ego
760 2039 816 2064 me
839 2028 1019 2072 Stichum,
1044 2033 1084 2064 ιιι
1107 2028 1276 2074 Pamphi-

188 2076 262 2111 lum
285 2075 470 2110 absentem
492 2074 645 2110 vendere
666 2074 821 2119 putasti:
853 2085 937 2110 nam
961 2085 1042 2110 cum
1064 2074 1102 2109 in
1126 2084 1278 2119 corpore

192 2124 205 2156 1
257 2120 498 2161 dissentiatur,
508 2122 659 2165 apparet
667 2118 800 2154 nullam
810 2129 888 2155 esse
897 2120 1120 2165 emptionem.
1140 2119 1253 2154 Plane
1263 2120 1277 2140 ⁶

188 2166 219 2202 si
242 2166 279 2201 in
302 2165 444 2201 nomine
467 2164 729 2208 dissentiamus,
753 2174 874 2200 verum
893 2164 937 2200 de
956 2174 1106 2210 corpore
1125 2167 1275 2207 constet,

189 2211 287 2247 nulla
310 2210 485 2246 dubitatio
510 2213 582 2253 est,
615 2209 700 2255 quin
730 2210 848 2245 valeat
878 2210 1009 2255 emptio
1042 2214 1078 2245 et
1100 2209 1274 2245 venditio:

189 2256 275 2291 nihil
299 2255 392 2291 enim
414 2254 502 2290 facit
526 2265 626 2291 error
649 2255 818 2297 nominis,
844 2265 924 2291 cuin
949 2255 993 2290 de
1016 2265 1166 2300 corpore
1191 2265 1275 2290 con-

189 2305 209 2337 2
255 2304 339 2337 stat.
386 2300 474 2336 Inde
497 2300 688 2346 quaeritur,
713 2300 744 2335 si
760 2300 797 2335 in
816 2300 895 2345 ipso
917 2310 1067 2345 corpore
1086 2310 1159 2335 non
1180 2309 1274 2334 erra-

188 2351 268 2390 tur,
292 2345 356 2382 sed
379 2346 416 2381 in
440 2346 644 2381 substantia
667 2355 768 2381 error
790 2345 856 2388 sit,
880 2349 922 2380 ut
944 2346 1056 2390 puta⁷
1081 2345 1111 2380 si
1134 2349 1275 2380 acetum

189 2402 253 2438 pro
285 2391 366 2427 vino
399 2394 543 2434 veneat,
580 2401 640 2426 aes
672 2401 738 2435 pro
770 2400 859 2426 auro
891 2390 972 2426 vel⁸
1003 2390 1188 2435 plumbum
1210 2400 1275 2435 pro

188 2440 333 2482 argento
357 2436 414 2471 vel
436 2435 521 2481 quid
544 2435 642 2471 aliud
666 2438 812 2480 argento
837 2435 967 2478 simile,
999 2445 1047 2470 an
1077 2445 1131 2470 em
1159 2434 1209 2470 tio
1240 2438 1276 2470 et

187 2481 343 2518 venditio
367 2481 424 2517 sit.
472 2480 667 2517 Marcellus
698 2480 768 2516 scri
795 2480 841 2515 sit
872 2480 963 2516 libro
996 2483 1096 2515 sexto
1145 2480 1275 2525 igesto-

188 2538 267 2562 rum
291 2526 504 2572 emptionem
529 2536 607 2562 esse
631 2529 667 2562 et
689 2536 756 2561 ven
784 2525 945 2568 tionem,
978 2525 1063 2570 quia
1084 2524 1122 2560 in
1146 2535 1276 2570 corpus

190 2582 401 2608 consensum
432 2575 505 2614 est,
539 2571 606 2607 etsi
635 2571 673 2606 in
704 2570 854 2606 materia
877 2570 924 2606 sit
947 2574 1114 2606 erratum.
1195 2580 1215 2605 o
1238 2570 1277 2605 in

188 2618 269 2652 vino
317 2616 434 2652 uidem
458 2616 654 2659 consentio,
679 2616 764 2662 quia
786 2615 910 2651 eadem
930 2626 1044 2668 prope
1063 2611 1166 2650 οὐσία
1210 2618 1275 2658 est,

189 2663 220 2698 si
243 2672 299 2697 mo
327 2672 348 2697 o
372 2662 491 2696 vinum
514 2662 628 2697 acuit:
650 2665 820 2697 ceterum
850 2661 882 2696 si
911 2672 1031 2696 vinum
1062 2671 1135 2696 non
1167 2660 1274 2703 acuit,

189 2707 252 2743 sed
276 2707 321 2742 ab
346 2707 444 2742 initio
469 2711 610 2742 acetum
642 2706 729 2749 fuit,
763 2709 804 2741 ut
834 2706 1051 2748 embamma,
1083 2705 1180 2741 aliud
1209 2716 1275 2751 pro

189 2752 259 2787 alio
294 2752 434 2787 venisse
464 2751 611 2787 videtur.
655 2752 693 2786 in
724 2751 851 2787 ceteris
880 2754 1000 2787 autem
1031 2751 1164 2786 nullam
1197 2760 1275 2786 esse

189 2797 425 2833 venditionem
447 2801 547 2842 puto,
572 2797 736 2842 quotiens
759 2797 797 2831 in
820 2796 970 2832 materia
993 2800 1143 2832 erratur.

239 2840 289 2879 10
314 2841 472 2877 Pinus
500 2842 590 2877 libro
621 2842 748 2887 quinto
779 2841 830 2877 ad
858 2841 1032 2877 Sabinum
1077 2840 1192 2876 Aliter
1221 2844 1275 2876 at-

190 2897 259 2933 que
282 2887 313 2922 si
343 2897 469 2922 aurum
501 2886 641 2931 quidem
670 2886 796 2929 fuerit,
831 2886 986 2922 deterius
1016 2890 1136 2922 autem
1169 2895 1276 2931 quam

190 2943 245 2969 em
271 2935 328 2967 tor
351 2932 583 2967 existimaret:
608 2936 695 2967 tunc
719 2932 813 2967 enim
835 2931 966 2978 emptio
990 2931 1094 2967 valet.

269 2975 287 3014 1
330 2975 519 3012 Usamus
551 2977 641 3012 libro
672 2977 837 3013 vicesimo
868 2980 993 3013 octavo
1024 2976 1075 3012 ad
1102 2974 1276 3012 Sabinum

189 3021 359 3067 Alioquin
382 3020 468 3066 quid
492 3021 666 3064 dicemus,
698 3022 730 3057 si
761 3031 890 3057 caecus
915 3025 1052 3067 emptor
1072 3020 1143 3056 fuit
1164 3020 1220 3056 vel
1243 3020 1274 3056 si

189 3068 226 3103 in
259 3066 410 3102 materia
441 3070 580 3101 erratur
609 3067 664 3101 vel
694 3066 732 3101 in
744 3068 772 3088 ¹⁰
794 3066 911 3102 minus
933 3066 1048 3112 perito
1073 3065 1276 3102 discernen-

190 3113 317 3148 darum
348 3111 602 3146 materiarum?
635 3112 672 3146 in
696 3122 827 3157 corpus
851 3122 913 3147 eos
937 3111 1159 3147 consensisse
1181 3111 1276 3146 dice-

190 3158 295 3193 mus?
337 3160 374 3192 et
403 3156 697 3209 quemadmodum
728 3157 927 3199 consensit,
963 3157 1025 3202 qui
1058 3166 1131 3192 non
1163 3155 1277 3192 vidit?

193 3206 208 3238 i
258 3201 363 3247 Quod
393 3211 424 3237 si
455 3211 518 3253 ego
551 3211 607 3236 me
637 3202 804 3246 virginem
833 3211 949 3237 emere
978 3204 1160 3247 putarem,
1196 3211 1277 3237 cum

191 3252 286 3284 esset
308 3247 379 3283 iam
402 3245 547 3288 mulier,
579 3246 709 3291 emptio
733 3246 883 3282 valebit:
916 3246 954 3282 in
977 3257 1065 3282 sexu
1088 3246 1182 3282 enim
1203 3256 1277 3281 non

192 3297 246 3328 est
277 3296 445 3328 erratum.
482 3294 638 3326 ceterum
671 3291 701 3326 si
732 3302 795 3336 ego
826 3291 1009 3327 mulierem
1038 3291 1224 3327 venderem
1237 3291 1276 3333 ²¹,

190 3342 231 3373 tu
280 3348 404 3373 uerum
427 3345 542 3372 emere
566 3336 786 3378 existimasti,
811 3337 895 3381 quia
916 3337 952 3372 in
975 3346 1065 3372 sexu
1088 3346 1188 3372 error
1211 3338 1275 3378 est,

191 3395 215 3418 n
268 3393 290 3418 a
313 3381 457 3428 emptio,
481 3380 580 3416 nulla
602 3381 755 3416 venditio
781 3385 845 3416 est.

241 3425 292 3465 12
316 3426 547 3463 Poueomvs
573 3425 664 3461 libro
689 3426 870 3470 triqesimo
887 3427 1011 3472 primo
1035 3426 1086 3462 ad
1106 3425 1276 3469 Quintum

192 3471 352 3509 Mucium
396 3471 439 3507 In
458 3469 660 3506 huiusmodi
681 3473 799 3505 autem
817 3471 1083 3515 quaestionibus
1103 3479 1278 3516 personae

192 3587 232 3627 (ι)
257 3588 414 3618 emuntur
426 3583 507 3618 ΡΒ

193 3631 235 3671 (4)
260 3630 462 3663 dissentiant
473 3627 526 3662 F‘

192 3674 238 3716 (o)
261 3675 465 3717 emptionem
477 3673 578 3716 plane
590 3673 628 3714 S,
641 3672 810 3715 emptione
824 3673 857 3705 F

194 3721 238 3761 (8)
263 3719 316 3755 vel
328 3720 390 3753 del.
473 3720 517 3761 (ο)
542 3719 580 3754 id
589 3725 654 3753 est.-
666 3717 857 3751 substantia

620 3584 665 3625 (2)
689 3584 758 3623 aut]
773 3586 810 3615 ut
822 3583 875 3616 Γ*
996 3587 1039 3625 (3)
1064 3587 1184 3626 eaptus
1196 3584 1271 3618 dett·

662 3629 706 3670 (5)
731 3627 963 3669 dissensimus]
978 3629 1066 3661 sedis
1079 3628 1234 3662 sensibus
1245 3628 1279 3662 F

944 3719 1004 3759 (ιο)
1029 3719 1082 3751 vel
1094 3719 1144 3759 in]
1157 3728 1178 3751 a
1189 3718 1271 3752 Hal.

1265 96 1349 144 23⁰

1066 3676 1109 3714 Π)
1133 3676 1233 3716 putat
1244 3673 1279 3706 F
1342 3671 1395 3705 dis
1407 3672 1536 3705 domini
1547 3672 1642 3704 iussu
1654 3683 1718 3705 ser.

1346 219 1536 272 ementium
1559 224 1596 256 et
1617 220 1842 257 vendentium
1865 222 2022 267 spectari
2042 221 2183 266 debent,
2207 233 2280 259 non
2297 233 2430 268 eorum,

1346 265 1475 310 quibus
1498 264 1698 311 adquiritur
1720 277 1765 303 ex
1788 277 1831 303 eo
1857 271 2044 303 contractu
2067 268 2180 303 actio:
2205 278 2288 304 nam
2307 269 2338 304 si
2356 279 2430 305 ser-

1345 320 1410 345 vus
1433 320 1532 346 meus
1554 311 1611 346 vel
1632 310 1726 348 filius
1750 312 1812 358 qui
1827 312 1865 347 in
1884 322 1963 347 mea
1981 316 2161 358 potestate
2180 317 2235 349 est
2253 323 2310 349 me
2328 324 2429 359 prae-

1346 358 1445 391 sente
1467 365 1536 408 ⁸3¹⁰.
1557 356 1699 392 nomine
1721 360 1833 400 emat,
1867 368 1940 393 non
1973 362 2027 393 est
2057 358 2315 403 quaerendum,
2347 359 2432 404 quid

1346 410 1410 446 ego
1434 404 1641 443 existimem,
1665 401 1729 437 sed
1752 402 1837 448 quid
1859 403 1918 438 ille
1965 403 2003 438 ui
2026 403 2215 438 contrahit.

1395 442 1445 483 13
1476 444 1585 498 1⁰⁸³!
1610 445 1702 483 libro
1733 458 1830 483 nono
1861 448 1912 483 ad
1969 448 2114 484 abinum
2160 447 2231 484 Sed
2265 448 2296 484 si
2331 458 2430 485 servo

1345 501 1439 543 ineo·
1460 490 1517 526 vel
1545 501 1578 526 ei
1609 491 1669 527 cui
1697 492 1910 528 mandavero
1940 493 2073 529 vendas
2103 493 2218 529 sciens
2247 492 2432 538 fugitivum

1344 535 1404 571 illo
1428 539 1631 616 ignortnte,
1655 547 1712 573 me
1735 537 1887 581 sciente,
1912 549 1984 574 non
2006 538 2121 574 teneri
2143 541 2180 574 te
2203 548 2248 574 ex
2261 539 2289 560 ¹2
2313 542 2430 584 empto

1345 590 1467 616 verum
1492 591 1530 616 es
1548 608 1557 616 .

1394 624 1446 663 14
1477 625 1672 662 Uimzws
1699 626 1790 663 libro
1821 628 1986 664 vicesim0
2017 631 2144 664 octavo
2163 627 2227 664 .αά
2256 627 2431 664 Sabinum

1345 670 1438 716 Quid
1461 674 1580 707 tamen
1604 671 1771 715 dicemus,
1796 672 1828 708 si
1849 672 1887 707 in
1909 673 2059 708 materia
2079 676 2115 708 et
2134 673 2305 719 qualitate
2325 673 2431 709 ambo

1346 717 1530 752 errarent?
1563 720 1605 752 ut
1626 720 1716 762 puta
1738 718 1770 753 si
1792 721 1829 753 et
1851 728 1915 763 ego
1939 728 1996 753 me
2025 718 2177 754 vendere
2207 728 2334 754 aurum
2364 729 2431 764 pu-

1345 765 1459 797 tarem
1483 765 1519 797 et
1540 765 1582 797 tu
1605 771 1729 805 emere,
1754 773 1835 798 cum
1858 773 1919 798 aes
1945 763 2062 798 esset?
2085 767 2127 798 ut
2140 767 2229 809 puta
2250 764 2278 785 ¹⁸
2287 764 2431 799 cohere-

1345 806 1409 842 des
1439 807 1618 850 viriolam,
1649 817 1742 853 quae
1776 818 1887 843 aurea
1920 807 2125 851 dicebatur,
2164 808 2278 853 pretio
2311 808 2431 854 exqui-

1345 852 1414 888 sito
1427 852 1491 888 uni
1500 851 1622 888 heredi
1640 852 1880 889 vendidissent
1900 863 2013 898 eaque
2030 853 2174 889 inventa
2194 856 2286 889 esset
2305 864 2433 898 magna

1346 907 1390 933 ex
1412 901 1515 950 parte
1538 898 1674 934 aenea?
1707 898 1944 933 venditionem
1968 908 2046 933 esse
2069 902 2211 934 constat
2233 898 2324 941 ideo,
2349 898 2433 944 quia

1345 952 1424 977 auri
1455 942 1588 988 aliquid
1619 943 1754 978 habuit.
1802 954 1885 978 nam
1917 943 1947 978 si
1977 943 2180 978 inauratum
2211 943 2344 989 aliquid
2374 943 2431 986 sit,

1345 987 1430 1023 licet
1453 998 1515 1034 ego
1541 998 1689 1023 aureum
1711 992 1843 1034 putem,
1868 988 1962 1024 valet
1980 988 2157 1024 venditio:
2182 988 2213 1024 si
2232 992 2351 1024 autem
2371 998 2432 1024 aes

1345 1043 1411 1078 pro
1435 1043 1523 1068 auro
1547 1037 1686 1076 veneat,
1711 1044 1783 1069 non
1806 1033 1910 1069 valet.

1394 1076 1445 1116 15
1470 1077 1527 1114 ΡΑ
1535 1087 1630 1114 vivs
1649 1079 1740 1115 libro
1764 1080 1890 1124 quinto
1913 1078 1963 1114 ad
1985 1078 2158 1115 Sabinum
2203 1078 2254 1114 Et
2284 1078 2315 1114 si
2346 1089 2432 1115 con-

1345 1133 1489 1160 sensum
1510 1123 1619 1159 fuerit
1640 1124 1678 1159 in
1702 1134 1852 1170 corpus,
1884 1124 1922 1159 id
1952 1127 2072 1159 tamen
2101 1123 2139 1159 in
2161 1133 2280 1159 rerum
2302 1128 2434 1159 natura

1348 1171 1363 1204 1
1413 1172 1497 1205 ante
1507 1169 1744 1205 venditionem
1753 1179 1831 1205 esse
1839 1169 1992 1212 desierit,
2005 1169 2103 1204 nulla
2112 1169 2240 1221 emptio
2251 1172 2315 1205 est.
2328 1169 2432 1222 Igno-

2001 113 2064 143 DE
2092 112 2427 147 CONTRAHENDA
2475 130 2479 134 ·

2497 868 2511 890 ’ὁ

2498 912 2516 946 ὶ

2494 951 2512 974 0³

2495 1023 2514 1070 {i

2495 1075 2514 1105 ξι,

2492 1102 2512 1145 {i

1345 1214 1464 1250 rantia
1487 1214 1638 1260 emptori
1660 1214 1825 1260 prodest,
1860 1224 1952 1260 quae
1974 1225 2047 1267 non
2069 1214 2108 1249 in
2131 1224 2296 1260 supinum
2319 1214 2431 1249 homi-
2498 1219 2511 1247 ἐ

1346 1262 1366 1294 2
1413 1270 1495 1295 nem
1519 1259 1624 1295 cadit.
1673 1259 1711 1295 Si
1740 1271 1815 1296 rem
1845 1270 1960 1295 meam
1990 1259 2075 1294 nnhi
2104 1259 2282 1305 ignoranti
2311 1259 2431 1295 vendi-

1345 1304 1439 1340 deris
1464 1308 1500 1341 et
1521 1304 1622 1340 iussu
1645 1315 1723 1341 meo
1748 1305 1810 1340 alii
1831 1305 2031 1347 tradideris,
2055 1315 2128 1340 non
2150 1309 2255 1350 putat
2277 1305 2431 1349 Pompo·

1344 1350 1425 1386 nius
1446 1349 1638 1386 dominium
1657 1361 1774 1386 meum
1793 1350 1956 1393 transire,
1981 1350 2147 1395 quoniam
2166 1361 2238 1385 non
2257 1350 2327 1385 hoc
2348 1349 2434 1385 inihi
2504 1362 2509 1366 ·

1345 1396 1569 1441 propositum
1597 1395 1685 1439 fuit,
1717 1395 1780 1431 sed
1811 1395 1914 1440 quasi
1945 1399 2045 1430 tuum
2069 1394 2261 1431 dominium
2285 1395 2332 1430 ad
2354 1405 2433 1431 euin

1343 1441 1515 1477 transire:
1549 1444 1585 1476 et
1607 1441 1686 1477 ideo
1711 1441 1816 1477 etiam
1840 1440 1870 1476 si
1893 1440 2090 1476 donaturus
2114 1440 2199 1475 mihi
2221 1451 2296 1476 rem
2318 1450 2432 1476 meam
2501 1437 2506 1468 ἶ

1343 1486 1445 1522 iussu
1466 1496 1545 1522 meo
1569 1486 1630 1522 alii
1652 1485 1785 1529 tradas,
1809 1485 1902 1521 idem
1927 1485 2114 1522 dicendum
2138 1485 2215 1521 erit.

1395 1528 1447 1569 16
1472 1531 1702 1567 Poupomvs
1729 1531 1821 1568 libro
1845 1542 1941 1567 nono
1965 1531 2016 1567 ad
2037 1530 2212 1567 Sabinum
2258 1530 2353 1583 Suae
2382 1530 2433 1566 rei

1347 1576 1478 1630 emptio
1501 1587 1575 1613 non
1598 1577 1703 1620 valet,
1727 1577 1801 1613 sive
1824 1577 1940 1613 sciens
1963 1576 2036 1612 sive
2058 1576 2227 1621 ignorans
2252 1586 2338 1611 emi:
2371 1575 2433 1628 sed
2500 1586 2508 1617 ις

1345 1632 1378 1702 ¹3¹
1399 1622 1807 1713 'infflnssbffizioqffi
1829 1622 2434 1712 Βοὲἕὲἔοιέἕὲίωὲἓὲἕὲἰὲοὸιὲἒέ
2503 1641 2507 1646 ’

1346 1722 1378 1748 si
1399 1712 1438 1748 in
1460 1722 1505 1748 ea
1525 1723 1565 1748 re
1587 1723 1675 1749 usus
1698 1712 1837 1748 fructus
1861 1712 2047 1747 dumtaxat
2070 1712 2217 1748 ementis
2241 1712 2305 1747 sit:

1396 1755 1446 1794 17
1470 1756 1631 1794 PAULUS
1647 1758 1738 1794 libro
1758 1758 1966 1804 triqensimo
1987 1757 2091 1792 tertio
2104 1757 2315 1793 adediotum
2352 1755 2431 1792 offi-

1347 1803 1401 1839 cio
1425 1807 1546 1838 tamen
1567 1803 1693 1839 iudicis
1717 1804 1870 1849 pretium
1893 1802 2082 1838 minuetur.

1395 1845 1445 1887 18
1478 1847 1707 1884 POMPONIUS
1743 1848 1834 1885 libro
1868 1859 1963 1883 nono
1998 1847 2049 1883 ad
2078 1846 2252 1883 Sabinum
2298 1845 2369 1882 Sed
2402 1846 2433 1882 si
2500 1871 2501 1874 =

1347 1893 1543 1929 communis
1567 1904 1610 1929 ea
1638 1904 1696 1930 res
1729 1893 1879 1939 emptori
1910 1904 1990 1928 cum
2022 1892 2092 1928 alio
2125 1892 2190 1935 sit,
2224 1891 2296 1928 dici
2328 1891 2433 1927 debet
2499 1919 2503 1930 2

1346 1939 1458 1975 scisso
1489 1938 1603 1985 pretio
1634 1950 1700 1985 pro
1730 1939 1897 1984 portione
1919 1948 1985 1984 pro
2009 1941 2112 1990 parte
2135 1948 2190 1973 em
2215 1937 2348 1973 tionem
2370 1946 2431 1972 va·
2501 1937 2508 1942 '

1348 1988 1364 2019 1
1413 1984 1496 2027 lere,
1517 1995 1583 2029 pro
1603 1988 1706 2030 parte
1725 1995 1798 2020 non
1808 1983 1936 2020 valere.
1984 1983 2022 2019 Si
2041 1993 2163 2019 sei-vus
2207 1982 2314 2018 omini
2331 1982 2432 2018 iussu
2496 1986 2499 1991 ¹

1345 2029 1383 2065 in
1406 2029 1692 2066 demonstrandis
1706 2030 1732 2051 ¹⁴
1756 2029 1886 2065 finibus
1910 2028 1986 2081 agri
2007 2028 2140 2064 venditi
2162 2027 2217 2064 vel
2240 2038 2359 2064 errore
2378 2026 2432 2063 vel

1347 2074 1428 2111 dolo
1451 2075 1534 2127 plus
1557 2074 1909 2116 demonstraverit¹⁵,
1941 2073 1979 2109 id
2008 2077 2128 2109 tamen
2152 2073 2431 2109 demonstratum

1346 2120 1462 2165 accipi
1484 2124 1636 2165 oportet,
1661 2120 1758 2165 quod
1782 2119 1944 2156 dominus
1968 2119 2136 2155 senserit:
2162 2122 2198 2154 et
2219 2117 2313 2154 idem
2332 2113 2430 2153 Alfe-

1346 2175 1413 2200 nus
1437 2165 1580 2210 scripsit
1602 2165 1646 2201 de
1669 2175 1784 2201 vacua
1802 2164 2027 2210 possessione
2044 2174 2109 2210 per
2127 2174 2268 2199 servum
2286 2162 2429 2198 tradita.

1394 2208 1445 2247 19
1469 2209 1578 2245 lom
1596 2210 1687 2246 libro
1712 2211 1919 2257 triqensimo
1936 2210 2061 2256 primo
2084 2208 2134 2245 ad

1345 2256 1438 2291 cium
1485 2255 1588 2300 Quod
1611 2255 1752 2291 vendidi
1776 2266 1847 2290 non
1871 2254 1976 2290 aliter
1997 2254 2039 2289 fit
2061 2253 2290 2299 accipientis,
2324 2262 2431 2298 quam

1346 2300 1377 2335 si
1400 2303 1464 2335 aut
1485 2300 1638 2345 pretium
1660 2300 1765 2336 nobis
1788 2300 1944 2336 solutum
1968 2299 2016 2334 sit
2037 2303 2102 2335 aut
2121 2299 2208 2334 satis
2228 2308 2269 2334 eo
2290 2298 2431 2334 nomine

2156 2208 2324 2252 Quintum
2349 2207 2430 2243 Mu·
2487 2198 2507 2223 ”¹

1344 2344 1481 2380 factum
1504 2346 1560 2380 vel
1583 2345 1690 2380 etiam
1712 2345 1818 2380 fidem
1842 2345 2068 2380 habuerimus
2092 2343 2243 2390 emptori
2262 2343 2339 2379 sine
2357 2343 2431 2379 ulla
2495 2392 2497 2394 .

1345 2389 1602 2426 satisfactione.

1392 2432 1446 2473 20
1470 2434 1579 2470 Iossu
1596 2435 1688 2471 libro
1707 2445 1803 2470 nono
1822 2434 1872 2470 ad
1890 2433 2064 2470 Sabinum
2110 2433 2263 2469 Sabinus
2281 2443 2429 2478 respon·
2495 2438 2498 2439 ’

1345 2479 1417 2523 dit,
1449 2480 1480 2515 si
1504 2491 1611 2525 quam
1633 2490 1707 2515 rem
1730 2479 1834 2515 nobis
1857 2479 1935 2514 fieri
1957 2479 2104 2514 velimus
2129 2479 2234 2515 etiam
2246 2479 2292 2520 ¹⁶,
2323 2477 2430 2514 veluti

1345 2528 1502 2561 statuam
1524 2525 1578 2561 vel
1601 2535 1664 2561 vas
1688 2524 1832 2570 aliquod
1864 2534 1928 2559 seu
1958 2529 2110 2566 vestem,
2143 2527 2186 2559 ut
2214 2523 2301 2559 nihil
2332 2522 2430 2558 aliud

1345 2581 1451 2615 quam
1464 2570 1652 2615 pecuniam
1671 2569 1847 2612 daremus,
1870 2569 2081 2615 emptionem
2097 2568 2218 2611 videri,
2239 2578 2306 2604 nec
2349 2578 2430 2604 osse

1344 2615 1453 2650 ullam
1483 2615 1696 2651 locationem
1729 2625 1823 2657 esse,
1855 2615 1916 2650 ubi
1939 2624 2068 2659 corpus
2091 2614 2209 2659 ipsum
2231 2624 2304 2649 non
2351 2617 2430 2648 etur

1345 2660 1390 2695 ab
1416 2671 1456 2696 eo
1483 2661 1541 2696 cui
1563 2660 1600 2695 id
1623 2660 1741 2695 fieret:
1767 2660 1871 2695 aliter
1893 2663 2000 2704 atque
2021 2659 2051 2694 si
2071 2669 2192 2694 aream
2211 2658 2343 2700 darem,
2367 2657 2429 2693 ubi

1343 2705 1497 2785 insigam
1512 2706 1538 2727 ¹⁷
1562 2705 1780 2748 aedificares,
1805 2704 1971 2750 quoniam
1994 2708 2080 2739 tunc
2103 2714 2126 2739 a
2149 2714 2205 2739 me
2228 2703 2430 2739 substantia

1344 2761 1410 2796 pro
1439 2751 1595 2786 ciscitur.

1391 2793 1440 2832 21
1468 2795 1526 2830 ΡΑ
1534 2805 1629 2831 Usus
1648 2794 1739 2831 libro
1763 2795 1889 2840 quinto
1908 2794 1959 2830 ad
1977 2793 2150 2830 Sabinum
2196 2793 2318 2829 Labeo
2340 2792 2426 2828 scri-
2496 2823 2501 2826 Δ

1344 2841 1417 2885 psit
1448 2841 1701 2876 obscuritatem
1731 2839 1828 2884 pacti
1858 2849 1988 2875 nocere
2011 2838 2130 2884 potius
2155 2838 2284 2874 debere
2306 2837 2426 2873 vendi·

1344 2886 1414 2921 tori
1437 2885 1498 2931 qui
1519 2885 1557 2921 id
1580 2884 1708 2920 dixerit
1731 2894 1838 2930 quam
1860 2885 2027 2929 emptori,
2061 2883 2145 2929 quia
2174 2883 2291 2928 potuit
2312 2893 2351 2918 re
2372 2883 2426 2917 in-

1344 2934 1380 2965 te
1423 2941 1445 2965 a
1469 2931 1626 2975 apertius
1650 2929 1778 2965 dicere.

1420 2973 1445 3013 2
1477 2975 1670 3012 Uzpuiws
1697 2974 1789 3010 libro
1819 2974 2008 3010 vicensimo
2032 2976 2158 3009 octavo
2182 2972 2232 3009 ad
2253 2971 2427 3024 Sabiniani

1344 3020 1448 3056 Hanc
1483 3021 1594 3066 legem
1625 3019 1837 3071 venditionis
1869 3018 1911 3054 ‘si
1942 3017 2027 3063 quid
2057 3017 2152 3053 sacri
2184 3017 2241 3053 vel
2274 3028 2292 3052 ι·
2328 3017 2335 3024 ’
2361 3016 2370 3024 ’

2373 3027 2428 3052 osi

1346 3069 1430 3108 ‘est,
1455 3066 1530 3101 eius
1554 3065 1649 3100 venit
1670 3064 1768 3099 nihil’
1793 3073 2050 3109 supervacuam
2072 3073 2144 3098 non
2168 3073 2264 3105 esse,
2295 3072 2313 3097 s
2381 3060 2428 3097 ad
2499 3080 2501 3082 ·

1345 3110 1486 3146 modica
1516 3110 1598 3145 loca

1344 3155 1400 3191 vel
1423 3165 1565 3191 sacrum
1587 3120 1644 3190 vel
1664 3154 1847 3199 publicum
1869 3153 2034 3196 venierit,
2065 3153 2198 3188 nullam
2228 3162 2307 3188 esse
2330 3162 2425 3197 emp-

1344 3200 1488 3242 tionem,

1391 3242 1444 3283 23
1469 3244 1526 3280 PA
1534 3254 1629 3280 vsvs
1657 3243 1748 3280 libro
1783 3244 1910 3290 quinto
1943 3242 1994 3278 ad
2026 3241 2201 3279 Sabinum
2247 3244 2297 3284 (et
2330 3240 2426 3287 quod

1344 3290 1487 3326 solverit
1510 3299 1551 3325 eo
1575 3289 1727 3331 nomine,
1752 3292 1891 3334 emptor
1914 3287 2098 3323 condicere
2120 3290 2252 3332 potest)

1390 3332 1443 3372 24
1483 3334 1676 3370 ULPJANUs
1703 3334 1794 3370 libro
1824 3333 1989 3369 vicesimo
2019 3336 2145 3368 octavo
2174 3331 2225 3367 ad
2253 3329 2424 3367 sabinum

1647 3109 1808 3144 ertinere.
1846 3112 2002 3144 ceterum
2031 3108 2062 3144 si
2091 3118 2195 3143 omne
2224 3107 2427 3152 religiosum
2496 3118 2499 3119 ⁷

1343 3380 1381 3415 in
1403 3379 1550 3415 modicis
1574 3382 1694 3414 autem
1717 3389 1761 3414 ex
1784 3381 1903 3424 empto
1923 3387 2006 3413 esse
2028 3377 2223 3419 actionem,
2247 3376 2331 3421 quia
2352 3385 2425 3411 non
2495 3384 2501 3394 ‘

1346 3424 1549 3477 specialiter
1571 3424 1671 3460 locus
1695 3434 1798 3460 sacer
1819 3423 1876 3459 vel
1897 3422 2082 3468 religiosus
2103 3422 2218 3464 venit,
2241 3420 2306 3456 sed
2328 3430 2424 3466 emp-
2494 3394 2528 3469 ς-’,Ῑ’

1343 3469 1433 3505 ιιοιιί
1455 3469 1598 3504 maioris
1622 3469 1734 3515 partis
1758 3467 1919 3504 accessit.

1717 3583 1776 3623 (12)
1799 3582 1849 3615 sic
1859 3581 1889 3615 S
1900 3593 1970 3615 cum
1982 3581 2028 3622 B,
2043 3582 2213 3613 teneretur
2224 3589 2282 3612 sex
2293 3579 2359 3619 ΙΝ,
2373 3581 2423 3610 te·

1711 3627 1771 3668 (1³)
1796 3635 1872 3659 oum
1885 3627 1946 3660 im.

1788 3672 1847 3713 (is)
1860 3670 2120 3704 demontraverit
2131 3670 2167 3702 F

1843 3718 1902 3758 (ιτ)
1925 3715 2107 3749 insularem
2118 3715 2152 3748 F

1342 3583 1397 3625 (ιι)
1422 3582 1563 3615 vendere
1574 3595 1639 3617 scr.

1341 3637 1420 3660 nere
1432 3638 1483 3660 me
1497 3637 1537 3660 ex
1548 3625 1601 3661 F·

2242 3671 2302 3708 (18)
2322 3667 2422 3701 nobis

1342 3717 1443 3750 etiam
1457 3717 1529 3750 fieri
1543 3717 1685 3750 velimus
1695 3726 1760 3750 scr.

2493 3546 2528 3583 3ἷῖ

2062 3627 2120 3667 (14)
2145 3625 2182 3657 in
2194 3624 2423 3657 demonstran·
2492 3627 2505 3633 '⁴

2483 3707 2528 3753 ’4.

2478 3752 2528 3918 5
