2528 3918
70 126 194 156 MALO
1157 105 1213 151 55

70 245 126 269 res
151 234 231 269 dolo
255 233 404 268 fecerint
427 236 463 267 et
485 241 577 265 unus
601 230 813 272 restituerit,
845 240 967 265 omnes
997 229 1150 265 liberan-

70 284 145 314 tur:
197 278 268 314 uod
290 278 322 313 si
344 286 436 312 unus
455 275 579 321 quanti
598 285 640 310 ea
659 285 717 310 res
737 278 792 310 est
811 275 1039 319 praestiterit,
1064 278 1151 320 puto

75 328 87 358 1
138 334 160 358 a
209 334 255 359 uc
279 326 415 358 ceteros
437 320 591 355 liberari.
627 320 728 355 Haec
752 320 846 355 actio
870 320 908 355 in
932 320 1096 355 heredem
1118 323 1153 355 et

70 372 206 404 ceteros
239 376 463 403 successores
488 365 595 400 datur
619 365 806 400 dumtaxat
829 365 873 401 de
896 375 938 400 eo
963 365 1081 411 quod¹
1107 364 1152 399 ad

70 424 130 449 eos
182 411 323 448 ervenit.

118 458 135 495 1
192 457 249 493 ΡΑ
257 465 351 492 Utus
378 455 468 491 libro
500 455 688 491 undecimo
720 455 770 491 ad
792 455 946 491 edictum
992 455 1152 490 Arbitrio

68 503 195 539 iudicis
224 502 263 536 in
292 502 361 536 hac
409 511 527 546 uoque
551 501 692 536 actione
715 500 893 536 restitutio
919 500 1152 545 comprehen-

68 549 179 583 ditur:
215 550 251 582 et
280 546 350 581 nisi
382 512 448 580 1161
477 546 654 581 restitutio
668 572 676 588 ,
712 546 873 590 sequitur
904 545 1152 582 condemnatio

67 593 191 638 quanti
227 602 269 627 ea
302 601 361 627 res
396 594 460 626 est.
504 591 584 626 ideo
610 594 730 626 autem
753 594 789 626 et
811 591 870 626 hic
903 595 938 626 et
967 591 1005 625 in
1038 594 1153 626 metus

67 648 177 673 causa
201 637 342 672 actione
366 639 464 671 certa
487 636 667 681 quantitas
690 647 764 671 non
787 636 950 678 adicitur,
975 639 1017 671 ut
1039 636 1154 680 possit

66 693 129 728 per
150 681 412 717 contumaciam
431 691 531 716 suam
550 681 643 716 tanti
662 691 744 716 reus
765 681 1004 723 condemnari,
1031 680 1154 726 quanti

66 731 168 763 actor
190 728 228 762 in
250 727 348 761 litem
370 727 556 761 iuraverit:
590 726 654 761 sed
685 726 803 761 officio
836 726 963 761 iudicis
988 727 1095 761 debet
1116 726 1153 760 in

68 775 81 806 1
97 774 249 815 utraque
261 774 403 807 actione
415 773 600 806 taxatione
612 772 861 807 iusiurandum
873 770 1057 806 refrenari.
1073 768 1156 803 Non

66 820 186 851 tamen
218 826 358 860 semper
390 816 427 851 in
458 816 528 851 hoc
559 815 691 851 iudicio
717 816 889 851 arbitrio2
912 816 1039 851 iudicis
1064 816 1152 851 dan-

66 861 150 896 dum
183 864 254 896 est:
290 860 375 905 quid
407 861 501 895 enim
532 862 562 896 si
594 860 823 896 manifestum
847 861 894 896 sit
916 861 1058 896 restitui
1081 871 1154 896 non

64 916 171 951 posse
204 905 324 948 (veluti
355 906 385 941 si
408 916 530 941 servus
556 906 637 941 dolo
662 907 756 941 malo
781 906 936 941 traditus
961 906 1153 942 defunctus

64 951 122 990 sit)
154 950 305 996 ideoque
336 951 500 996 protinus
526 951 756 986 condemnari
782 951 911 986 debeat
934 952 971 986 in
994 951 1033 986 id
1080 950 1153 986 uod

65 998 84 1030 2
131 996 271 1031 intersit
280 996 438 1032 actoris?
486 995 523 1031 Si
547 996 711 1032 dominus
735 996 964 1041 proprietatis
988 997 1043 1032 ins
1083 1006 1151 1038 am,

65 1041 165 1076 cuius
189 1051 276 1076 usus
298 1040 437 1076 fructus
461 1041 599 1086 legatus
625 1045 718 1084 erat,
743 1041 960 1084 incenderit,
994 1052 1066 1077 non
1099 1047 1153 1076 est

64 1085 108 1121 de
133 1085 214 1121 dolo
239 1085 352 1128 actio,
386 1087 554 1131 quoniam
578 1086 670 1122 aliae
693 1097 737 1121 ex
761 1087 830 1122 hoc
854 1087 1018 1122 oriuntur
1041 1087 1152 1122 actio-

64 1134 83 1166 3
131 1141 205 1166 nes.
239 1130 295 1166 De
320 1142 360 1166 60
386 1132 446 1176 qui
470 1131 586 1166 sciens
611 1132 874 1167 commodasset
923 1132 1056 1167 ondera
1066 1132 1091 1173 ³,
1114 1134 1154 1166 ut

62 1176 225 1212 venditor
256 1177 407 1221 emptori
437 1187 572 1212 merces
605 1177 843 1222 adpenderet,
918 1177 1077 1212 rebatius
1109 1176 1153 1211 de

63 1220 144 1256 dolo
168 1221 279 1257 dabat
296 1221 483 1256 actionem.
520 1222 645 1266 atquin
669 1222 700 1257 si
723 1222 858 1257 maiora
877 1222 1036 1267 pondera
1056 1232 1152 1258 com-

63 1266 236 1308 modavit,
268 1266 305 1301 id
336 1267 431 1311 quod
462 1267 613 1311 amplius
645 1267 772 1302 mercis
805 1267 929 1302 datum
962 1270 1017 1303 est
1039 1267 1152 1312 repeti

63 1311 288 1347 condictione
310 1315 441 1363 potest,
466 1312 497 1347 si
520 1313 671 1355 minora,
700 1315 741 1347 ut
763 1313 901 1357 reliqua
924 1323 1024 1348 merx
1047 1311 1150 1347 detur

63 1366 108 1392 ex
130 1360 249 1401 empto
274 1367 331 1401 agi
353 1360 492 1401 potest:
519 1357 587 1392 nisi
611 1357 641 1393 si
666 1368 708 1392 ea
733 1357 944 1393 condicione
967 1368 1067 1393 merx
1089 1368 1149 1392 ve-

62 1401 126 1444 nit,
147 1405 188 1436 ut
208 1401 278 1437 illis
313 1402 516 1437 »onderibus
536 1402 747 1444 traderetur,
771 1413 852 1438 cum
872 1403 932 1437 1116
954 1402 1152 1448 decipiendi

61 1449 83 1480 4
131 1456 242 1481 causa
262 1413 488 1482 adfirmasset
508 1458 546 1482 se
568 1457 682 1492 aequa
700 1447 861 1493 pondera
876 1448 1019 1483 habere.
1057 1447 1150 1483 Dolo

62 1491 164 1526 cuius
189 1491 354 1527 effectum
378 1496 442 1534 est,
467 1496 508 1527 ut
531 1493 573 1528 lis
597 1493 818 1538 temporibus
842 1492 1006 1537 legitimis
1029 1496 1147 1528 trans-

62 1536 152 1572 actis
172 1540 313 1581 pereat:
336 1537 527 1573 Trebatius
550 1538 600 1572 ait
621 1537 665 1573 de
687 1538 768 1573 dolo
792 1538 949 1573 dandum
968 1537 1150 1580 iudicium,

61 1592 133 1616 non
157 1585 196 1616 ut
221 1582 367 1617 arbitrio
392 1582 519 1618 iudicis
543 1593 600 1618 res
624 1584 843 1625 restituatur,
869 1583 930 1618 sed
950 1587 991 1618 ut
1010 1586 1151 1618 tantum

61 1630 164 1662 actor
184 1631 433 1672 consequatur,
460 1628 583 1673 quanti
608 1629 683 1664 eius
703 1628 906 1663 interfuerit
924 1628 961 1663 id
981 1639 1054 1663 non
1073 1638 1151 1663 esse

60 1671 208 1714 factum,
233 1683 278 1707 nc
302 1672 404 1708 aliter
428 1673 701 1709 observantibus
731 1674 789 1708 lex
821 1673 1148 1709 circumscribatur.

62 1720 81 1751 5
130 1716 168 1751 Si
192 1727 348 1760 servum,
374 1728 477 1762 quem
500 1722 540 1753 tu
563 1719 648 1753 mihi
671 1718 905 1763 promiseras,
939 1718 1030 1754 alius
1054 1719 1149 1753 occi-

62 1761 160 1810 derit,
187 1762 230 1797 de
254 1762 336 1798 dolo
360 1763 453 1798 malo
479 1764 679 1799 661101161114
704 1764 741 1798 111
765 1774 844 1799 611111
869 1763 1023 1798 (1611(16111
1042 1763 1149 1815 pleri-

61 1817 130 1851 que
153 1811 250 1842 recte
273 1811 422 1852 putant,
455 1809 538 1853 quia
561 1812 601 1843 tu
626 1819 648 1844 a
671 1819 727 1844 me
750 1809 924 1845 liberatus
948 1809 1016 1844 sis:
1049 1807 1148 1844 ideo-

61 1862 128 1897 que
151 1852 237 1896 legis
262 1853 426 1897 Aquiliae
451 1854 544 1889 actio
568 1854 634 1889 tibi
657 1854 901 1899 denegabitur.

110 1894 160 1934 19
184 1897 432 1933 PAPINIANUS
452 1899 543 1934 libro
569 1900 777 1945 iriqensimo
797 1899 949 1945 septimo
970 1899 1150 1945 quaestio-

60 1952 145 1977 num
192 1942 229 1977 Si
263 1942 453 1978 fideiussor
487 1944 700 1988 promissum
735 1944 867 1979 animal
899 1947 982 1979 ante
1014 1954 1150 1979 moram

60 1987 241 2030 occiderit,
267 1988 311 2022 de
332 1988 412 2023 dolo
434 1989 611 2024 actionem
631 1989 732 2024 reddi
749 1989 920 2024 adversus
942 1999 1022 2024 eum
1042 1999 1148 2034 opor-

59 2035 135 2067 tere
159 2033 324 2068 Neratius
349 2034 494 2069 Priscus
519 2038 554 2069 et
576 2034 736 2069 Iulianus
760 2033 1034 2079 responderunt,
1059 2045 1147 2079 quo-

60 2077 155 2112 niam
188 2078 348 2113 debitore
378 2078 530 2114 liberato
564 2089 629 2123 per
662 2079 936 2124 consequentias
958 2079 1036 2124 ipse
1060 2090 1147 2124 quo-

0 2157 1 2165 ,
60 2132 128 2167 que
153 2122 354 2158 dimittitur.

0 2167 1 2180 ³
107 2164 159 2204 20
185 2167 344 2203 PAULUS
376 2168 467 2203 libro
502 2168 690 2204 undecimo
726 2168 775 2204 ad
808 2168 963 2204 edictum
1020 2168 1148 2204 Servus

59 2215 144 2247 tuus
170 2223 250 2247 cum
282 2212 347 2247 tibi
379 2213 524 2248 deberet
555 2223 622 2248 nec
653 2213 822 2249 solvendo
855 2217 968 2255 esset,
1000 2214 1149 2249 hortatu

59 2260 121 2292 tuo
145 2258 333 2302 pecuniam
355 2262 515 2293 mutuam
539 2269 560 2292 a
593 2268 648 2293 me
681 2259 822 2303 accepit
855 2262 890 2294 et
920 2258 986 2293 tibi
1021 2259 1146 2294 solvit:

59 2302 184 2337 Labeo
209 2303 259 2337 ait
279 2303 322 2337 de
343 2303 424 2338 dolo
446 2303 539 2338 malo
564 2304 741 2339 actionem
760 2304 798 2338 in
819 2307 855 2339 te
874 2303 1040 2346 dandam,
1066 2304 1149 2349 quia

60 2357 127 2382 nec
150 2347 194 2383 de
213 2348 353 2392 peculio
376 2348 472 2383 utilis
494 2348 550 2391 sit,
577 2359 657 2384 cum
675 2349 713 2384 in
733 2349 872 2394 peculio
893 2348 981 2383 nihil
1001 2349 1057 2391 sit,
1083 2360 1148 2384 nec

59 2392 96 2427 in
119 2403 194 2428 rem
219 2393 351 2429 domini
374 2404 516 2428 versum
540 2393 712 2436 videatur,
738 2405 820 2429 cum
834 2394 880 2429 ob
902 2393 1060 2429 debitum
1084 2394 1147 2429 do-

63 2440 78 2471 1
128 2438 244 2473 minus
277 2438 467 2483 acceperit.
516 2438 552 2473 Si
575 2439 796 2484 persuaseris
821 2439 907 2474 mihi
930 2439 1065 2474 nullam
1089 2450 1146 2475 so-

61 2483 226 2518 cietatem
250 2483 316 2518 tibi
337 2483 449 2519 fuisse
474 2494 554 2519 cum
578 2494 618 2519 60
658 2485 715 2520 6111
738 2484 842 2519 heres
865 2494 956 2526 sum,
982 2488 1018 2519 et
1042 2484 1087 2520 ob
1112 2484 1148 2519 id

59 2527 190 2563 iudicio
216 2529 353 2563 absolvi
376 2532 412 2563 te
435 2539 564 2573 passus
589 2529 673 2564 sim:
708 2529 862 2564 dandam
886 2529 971 2564 mihi
995 2529 1040 2565 de
1065 2529 1147 2565 dolo

61 2573 238 2608 actionem
262 2574 422 2608 lulianus
447 2574 581 2608 scribit.

106 2615 155 2654 21
191 2618 384 2654 Uimivvs
412 2619 503 2654 libro
534 2619 722 2655 undecimo
755 2619 805 2654 ad
836 2619 990 2655 edictum
1046 2619 1149 2664 Quod

61 2662 91 2697 si
111 2663 290 2699 deferente
309 2674 365 2698 me
383 2664 554 2699 iuraveris
576 2667 610 2699 et
630 2664 814 2699 absolutus
836 2665 895 2706 sis,
920 2668 1047 2709 postea
1066 2675 1147 2709 per-

60 2707 187 2742 iurium
210 2708 317 2744 fuerit
340 2709 597 2754 adprobatum,
630 2709 752 2744 Labeo
787 2709 837 2744 ait
860 2709 904 2744 de
928 2709 1009 2744 dolo
1035 2709 1147 2745 actio-

0 2763 3 2785 ῑ
60 2763 140 2787 116111
174 2754 211 2787 111
244 2764 323 2788 611111
355 2754 526 2789 dandam:
568 2754 787 2799 Pomponius
828 2758 948 2789 autem
978 2764 1044 2799 per
1075 2755 1146 2790 ius-

60 2796 249 2833 iurandum
273 2803 495 2834 transactum
514 2799 634 2841 videri,
658 2809 764 2844 quam
776 2799 988 2834 sententiam
1000 2802 1036 2835 et
1049 2799 1146 2834 Mar·

0 2875 2 2878 ,
63 2842 170 2877 cellus
180 2843 270 2878 libro
284 2848 410 2879 octavo
433 2844 649 2889 digestorum
668 2844 817 2890 probat:
844 2845 931 2879 stari
952 2844 1045 2879 enim
1066 2845 1146 2879 reli-

60 2887 157 2932 gioni
181 2888 295 2923 debet.

108 2930 160 2969 22
185 2932 345 2969 Paaws
365 2933 456 2969 libro
479 2934 667 2970 undecimo
693 2934 742 2969 ad
765 2934 918 2969 edictum
965 2933 1059 2969 Nam
1072 2934 1147 2969 suf-

63 2976 138 3012 ficit
160 2978 306 3023 periurii
329 2988 455 3023 poena.

0 3042 2 3056 ;
107 3020 159 3060 23
189 3023 312 3059 GAws
332 3024 423 3059 libro
447 3027 578 3069 quarto
603 3024 652 3059 ad
675 3023 828 3059 edictum
879 3023 1077 3059 rovinciale
1112 3023 1149 3059 Si

0 3099 2 3101 ,
64 3066 267 3112 legatarius,
295 3068 352 3103 cui
376 3079 486 3113 supra
509 3068 653 3103 modum
676 3068 762 3113 legis
786 3068 840 3103 Fa
857 3068 970 3104 cidiae
993 3069 1025 3104 le
1050 3072 1149 3104 atum

64 3116 134 3153 est,
167 3113 289 3148 heredi
321 3113 439 3148 adhuc
470 3113 647 3158 ignoranti
679 3114 917 3149 substantiam
940 3114 1025 3149 here
1051 3114 1148 3149 itatis

0 3150 4 3190 '1
63 3156 155 3192 ultro
187 3158 336 3194 iurando
369 3159 425 3193 vel
456 3158 611 3203 quadam
642 3158 712 3193 alia
744 3158 888 3194 fallacia
919 3159 1147 3204 persuaserit,

0 3200 2 3204 ’
63 3203 242 3255 tamquam
265 3204 353 3238 satis
377 3203 588 3248 abundeque
612 3203 658 3238 ad
682 3203 798 3239 solida
827 3204 946 3249 legata
980 3204 1149 3256 solvenda

0 3254 5 3268 ⁵
63 3246 218 3282 sufficiat
240 3248 432 3290 hereditas,
457 3252 564 3293 atque
584 3259 625 3283 eo
648 3248 751 3283 modo
774 3249 887 3284 solida
906 3249 1024 3294 legata
1041 3249 1151 3284 fuerit

65 3296 294 3327 consecutus:
321 3293 428 3328 datur
451 3293 495 3328 de
518 3293 600 3328 dolo
626 3293 731 3328 actio.

109 3333 161 3372 24
194 3336 388 3373 Uim-mas
408 3338 499 3374 libro
523 3339 710 3374 undecimo
735 3337 784 3373 ad
806 3338 960 3374 edictum
1008 3338 1046 3373 Si
1066 3338 1149 3373 dolo

65 3380 234 3416 acciderit
258 3382 353 3425 eius,
377 3383 437 3428 qui
460 3383 569 3418 verba
592 3383 749 3418 faciebat
779 3393 843 3427 pro
879 3393 919 3418 eo
954 3383 1015 3428 qui
1039 3383 1083 3418 de
1107 3383 1148 3417 li-

64 3423 203 3460 bertate
227 3427 476 3469 contendebat,
502 3438 570 3473 quo
595 3428 710 3463 minus
734 3432 922 3472 praesente
946 3428 1148 3463 adversario

19 3493 23 3507 .
63 3470 261 3510 Ι116611111111111
292 3472 492 3507 libertatem
523 3473 792 3517 pronuntietur,
829 3476 916 3517 puto
952 3473 1073 3508 statim
1108 3473 1151 3508 (16

20 3519 25 3557 l
66 3512 148 3549 dolo
174 3515 327 3550 dandam
351 3517 388 3551 in
412 3527 491 3552 eum
515 3518 704 3560 actionem,
726 3518 810 3563 quia
827 3518 935 3553 semel
958 3529 1021 3562 pro
1045 3518 1149 3553 liber-

67 3560 142 3593 tate
166 3560 295 3595 dictam
320 3562 530 3596 sententiam
552 3564 739 3598 retractari
763 3573 838 3597 non
862 3566 1013 3607 oportet.

395 3674 436 3713 (2)
461 3673 638 3706 arbitrium
652 3675 726 3708 dett.

396 3720 437 3758 (5)
463 3722 611 3759 peterem
625 3719 659 3751 F

888 3676 930 3715 (3)
955 3674 1074 3715 iniqua
1086 3675 1146 3707 ins.

756 3720 800 3760 (6)
826 3719 922 3751 estF
1021 3720 1063 3760 (Ἰ)
1089 3718 1146 3751 ad-

2186 111 2271 153 1111
2291 113 2316 154 3

1269 226 1321 265 25
1347 228 1507 265 PAULUS
1527 228 1617 264 libro
1641 231 1829 266 undecimo
1854 231 1904 266 ad
1926 231 2079 268 edictum
2127 231 2216 266 Cum
2239 242 2260 267 a
2280 236 2316 267 te

1222 273 1408 318 pecuniam
1427 277 1608 319 peterem⁵
1631 284 1743 319 eoque
1768 276 1909 311 nomine
1931 276 2101 312 iudicium
2126 282 2315 321 acceptum

1223 323 1295 361 est,
1326 318 1420 355 falso
1445 319 1530 354 mihi
1553 320 1782 364 persuasisti,
1816 325 1999 366 tamquam
2024 332 2101 357 eam
2125 323 2314 367 pecuniam

1222 374 1324 399 servo
1360 374 1438 399 meo
1476 369 1539 399 aut
1573 365 1799 409 procuratori
1834 367 2018 410 solvisses,
2054 377 2167 412 eoque
2204 367 2310 402 modo

1225 413 1438 444 consecutus
1458 419 1495 444 es
1506 410 1531 452 ὅ,
1552 413 1593 444 111
1607 410 1848 446 consentiente
1860 422 1914 446 me
1927 413 2179 448 absolvereris:
2229 423 2314 447 uae-

1222 454 1382 489 rentibus
1415 454 1538 497 nobis,
1572 464 1619 489 an
1649 455 1687 489 in
1716 458 1751 489 te
1784 455 1855 490 doli
1879 455 2047 492 iudicium
2071 457 2148 492 dari
2172 457 2216 493 de
2245 461 2314 499 eat,

1222 499 1358 544 placuit
1382 499 1425 534 de
1450 499 1531 535 dolo
1556 500 1733 535 actionem
1758 511 1831 536 non
1855 500 1951 543 dari,
1988 502 2070 547 quia
2104 503 2174 538 alio
2207 502 2313 538 modo

1222 544 1307 579 mihi
1332 545 1495 579 succurri
1517 548 1657 590 potest:
1692 556 1776 579 nam
1809 556 1852 580 ex
1876 546 2012 590 integro
2039 557 2143 591 agere
2166 558 2314 593 possum

1223 593 1258 624 et
1277 589 1307 624 si
1328 590 1506 624 obiciatur
1526 590 1686 635 exceptio
1704 590 1755 625 rei
1775 591 1965 633 iudicatae,
1986 593 2218 636 replicatione
2237 593 2316 628 iure

1222 634 1274 670 uti
1322 638 1435 670 otero.

1268 676 1293 716 2
1350 680 1474 716 Galus
1494 679 1585 715 libro
1610 683 1741 725 quarto
1765 680 1815 715 ad
1837 679 1991 716 edictum
2009 683 2240 727 provinciale
2271 682 2315 717 In

1222 725 1388 760 heredem
1408 729 1555 760 eatenus
1575 724 1739 762 daturum
1764 735 1803 761 se
1825 736 1902 760 eam
1924 725 2101 762 actionem
2121 727 2316 772 proconsul

1222 770 1421 815 pollicetur,
1436 774 1612 815 quatenus
1625 770 1671 804 ad
1692 780 1772 804 eum
1793 771 2001 815 pervenerit,
2016 772 2052 806 id
2075 776 2127 806 est
2140 776 2315 816 quatenus

1223 826 1267 850 ex
1291 825 1333 849 ea
1356 826 1396 850 re
1419 815 1631 860 locupletior
1655 815 1701 849 ad
1726 825 1806 850 eum
1829 815 2008 851 hereditas
2033 818 2168 852 venerit

1269 857 1321 896 27
1354 859 1516 895 Panos
1550 860 1642 896 libro
1677 860 1866 896 undecimo
1904 861 1954 896 acl
1987 861 2142 897 edictum
2190 862 2315 898 dolove

1222 905 1314 940 malo
1340 905 1415 940 eius
1438 904 1576 940 factum
1601 908 1665 947 est,
1692 915 1761 950 quo
1786 906 1901 941 minus
1925 906 2135 950 pervenerit.

1268 947 1320 987 28
1362 950 1485 986 Gaws
1526 950 1616 986 libro
1651 955 1782 995 quarto
1819 951 1869 985 ad
1902 951 2056 987 edictum
2085 952 2315 998 provinciale

1222 996 1348 1040 ltaque
1379 995 1410 1030 si
1441 998 1589 1040 accepto
1622 995 1698 1030 lata
1730 995 1776 1030 sit
1806 996 1872 1030 tibi
1903 997 2076 1041 pecunia,
2112 997 2314 1032 omnimodo

1223 1051 1303 1075 cum
1327 1040 1458 1076 herede
1481 1044 1543 1076 tuo
1569 1044 1705 1085 agetur.
1743 1044 1781 1075 at
1803 1041 1834 1076 si
1857 1051 1913 1077 res
1938 1041 2003 1076 tibi
2027 1042 2162 1077 tradita
2184 1042 2250 1084 sit,
2285 1042 2315 1077 si

1223 1085 1364 1130 quidem
1388 1089 1530 1121 mortuo
1555 1089 1591 1120 te
1616 1096 1658 1120 ea
1681 1096 1737 1121 res
1763 1086 1898 1128 extitit,
1932 1091 2057 1131 agetur
2081 1098 2162 1122 cum
2185 1087 2315 1122 herede

1222 1135 1304 1173 tuo,
1336 1131 1525 1173 siminus,
1559 1141 1632 1166 11011
1656 1134 1792 1175 agetur.
1831 1131 1893 1167 sed
1924 1132 2048 1177 utique
2079 1132 2117 1167 111
2148 1132 2314 1167 heredem

1221 1179 1393 1221 perpetuo
1426 1176 1588 1218 dabitur,
1623 1177 1707 1220 quia
1738 1187 1809 1212 non
1843 1177 1949 1211 debet
1971 1178 2105 1212 lucrari
2129 1189 2173 1213 ex
2198 1177 2313 1212 alieno

1222 1222 1361 1256 damno.
1398 1222 1455 1256 cui
1480 1221 1693 1256 conveniens
1718 1225 1790 1264 est,
1828 1225 1867 1257 ut
1891 1226 1926 1257 et
1957 1222 1994 1257 in
2025 1223 2103 1267 ipso
2137 1223 2197 1267 qui
2228 1222 2312 1257 dolo

1223 1266 1438 1302 commiserit
1479 1267 1516 1301 in
1553 1266 1591 1301 id
1626 1266 1722 1311 quod
1756 1267 1970 1312 locupletior
2006 1272 2100 1303 esset
2136 1271 2309 1313 perpetuo

1222 1311 1341 1346 danda
1365 1312 1412 1347 sit
1435 1312 1472 1347 in
1496 1311 1634 1347 factum
1658 1311 1764 1347 actio.

1267 1353 1321 1394 29
1345 1356 1507 1392 Panas
1535 1356 1627 1392 libro
1658 1356 1846 1392 undecimo
1881 1357 1931 1392 ad
1953 1357 2110 1393 edictum
2158 1357 2313 1393 Sabinus

1221 1405 1326 1446 putat
1359 1402 1488 1437 calculi
1518 1402 1658 1437 ratione
1681 1401 1801 1446 potius
1827 1412 1934 1447 quam
1957 1402 2123 1438 maleficii
2147 1402 2313 1438 heredem

1222 1447 1419 1489 conveniri,
1456 1447 1607 1492 denique
1641 1446 1818 1482 famosum
1853 1457 1926 1482 non
1957 1447 2053 1483 fieri:
2089 1447 2241 1493 ideoque
2276 1448 2313 1483 in

1220 1496 1432 1537 perpetuum
1455 1493 1568 1527 teneri
1592 1495 1767 1536 oportere.

1265 1534 1319 1575 30
1351 1536 1547 1573 ULPJANUS
1577 1537 1669 1573 libro
1700 1537 1889 1573 undecimo
1913 1537 1964 1573 ad
1986 1537 2141 1573 edictum
2187 1537 2314 1583 Neque

1221 1592 1352 1617 causae
1377 1582 1531 1627 cognitio
1555 1581 1592 1617 in
1615 1582 1756 1617 heredis
1779 1592 1935 1627 persona
1960 1582 2028 1617 erit
2051 1583 2266 1618 necessaria.

1265 1625 1315 1665 31
1344 1626 1553 1663 Paowws
1562 1628 1652 1663 libro
1665 1628 1822 1663 secundo
1836 1627 2074 1672 epistularum
2123 1627 2212 1663 Cum
2233 1628 2314 1708 guis

1219 1672 1437 1718 persuaserit
1459 1671 1616 1707 familiae
1639 1682 1750 1714 meae,
1775 1675 1816 1707 ut
1840 1673 1883 1708 de
1906 1672 2132 1717 possessione
2148 1673 2235 1708 dece
2261 1676 2310 1715 at,

1219 1718 1400 1769 possessio
1426 1717 1567 1762 quidem
1591 1728 1663 1752 non
1688 1717 1897 1759 amittitur⁷,
1930 1717 1993 1752 sed
2026 1717 2069 1752 de
2102 1718 2183 1754 dolo
2217 1718 2312 1753 malo

1217 1763 1388 1798 iudicium
1411 1762 1449 1797 in
1473 1773 1553 1798 eum
1578 1763 1767 1807 competit,
1800 1763 1831 1797 si
1863 1762 1948 1807 quid
1982 1762 2102 1797 damni
2132 1763 2220 1798 mihi
2251 1773 2312 1798 ac-

1219 1808 1376 1843 cesserit.

1264 1850 1318 1890 32
1342 1851 1547 1888 SCAEVOLA
1572 1852 1665 1888 libro
1685 1852 1843 1888 secundo
1865 1852 2087 1899 diqestorum
2133 1852 2248 1888 Filius
2259 1853 2311 1888 le-

1216 1902 1339 1943 gatum
1362 1898 1431 1933 sibi
1454 1908 1594 1933 servum
1617 1908 1682 1942 per
1705 1897 1993 1942 praeceptionem
2016 1900 2162 1942 rogatus
2184 1909 2309 1933 manu-

1217 1943 1357 1978 mittere
1391 1946 1475 1988 post
1511 1948 1648 1978 certum
1681 1946 1841 1988 tempus,
1912 1946 2121 1987 osteaquam
2155 1944 2312 1979 rationes

1216 1988 1286 2033 ipsi
1309 1992 1344 2023 et
1368 1988 1604 2023 coheredibus
1627 1987 1801 2023 fratribus
1834 1998 1873 2023 re
1900 1988 2067 2030 didisset,
2105 1991 2188 2023 ante
2220 1988 2311 2024 diem

1217 2037 1253 2069 et
1265 2036 1348 2068 ante
1359 2033 1518 2068 redditas
1543 2033 1700 2068 rationes
1721 2033 1767 2067 ad
1787 2032 1989 2068 libertatem
2010 2032 2167 2068 vindicta
2185 2044 2307 2068 manu*

1216 2077 1389 2113 mittendo
1411 2078 1651 2123 perduxerat:
1677 2077 1878 2123 quaesitum
1903 2082 1966 2121 est,
1992 2088 2039 2113 an
2063 2088 2107 2113 ex
2130 2077 2311 2114 fideicom-

1217 2123 1324 2158 misso
1349 2123 1522 2158 fratribus
1546 2126 1707 2165 tenetur,
1744 2126 1785 2158 ut
1807 2123 1964 2158 rationes
1989 2134 2112 2158 eorum
2136 2134 2202 2175 pro
2227 2135 2312 2169 por-

1216 2168 1374 2204 tionibus
1398 2168 1573 2204 redderet.
1610 2168 1789 2213 respondi,
1816 2179 1896 2203 cum
1916 2168 2067 2203 liberum
2086 2168 2244 2210 fecisset,
2269 2179 2312 2204 ex

1217 2224 1328 2249 causa
1346 2213 1488 2258 quidem
1509 2213 1772 2248 fideicommissi
1792 2224 1865 2248 non
1884 2214 2015 2248 teneri:
2039 2224 2159 2249 verum
2179 2214 2210 2248 si
2230 2213 2311 2249 ideo

1216 2259 1470 2303 properasset⁸
1494 2258 1755 2300 manumittere,
1780 2269 1825 2293 ne
1847 2258 2006 2294 rationes
2029 2258 2202 2294 fratribus
2227 2259 2306 2294 red·

1217 2303 1327 2347 deret,
1378 2314 1458 2339 osse
1481 2303 1526 2339 de
1550 2303 1634 2339 dolo
1659 2304 1836 2339 actionem
1859 2303 1896 2338 in
1921 2314 2002 2339 611111
2027 2314 2192 2339 exercere
2207 2304 2231 2339 ⁹.

1262 2346 1315 2386 33
1376 2358 1545 2384 Lemnos
1565 2348 1656 2385 libro
1706 2351 1813 2384 uario
1838 2359 1859 2384 ο
1888 2349 2050 2384 inionum
2096 2348 2174 2391 Rei,
2200 2359 2310 2393 quam

1215 2394 1378 2430 venalem
1410 2404 1599 2439 possessor
1640 2393 1687 2428 ha
1715 2394 1817 2436 ebat,
1866 2394 1950 2429 item
1982 2393 2212 2438 proprietatis
2245 2393 2308 2428 ad-

1215 2439 1394 2475 versarius
1406 2449 1548 2475 movere
1569 2438 1687 2483 coepit
1708 2442 1744 2473 et
1755 2442 1991 2483 posteaquam
2005 2449 2050 2483 op
2078 2438 2309 2474 ortunitatem

1217 2484 1399 2529 emptoris,
1422 2484 1480 2519 cui
1499 2483 1696 2519 venundari
1713 2483 1842 2528 potuit,
1866 2483 2025 2528 peremit,
2051 2450 2205 2519 Restitit:
2231 2485 2309 2528 pla-

1217 2529 1292 2564 cuit
1315 2529 1514 2574 possessori
1538 2529 1607 2564 hoc
1631 2529 1773 2563 nomine
1797 2528 1973 2564 actionem
1997 2528 2035 2562 in
2058 2528 2195 2564 factum
2229 2539 2310 2564 cum

1216 2585 1283 2610 sua
1305 2574 1538 2609 indemnitate
1563 2577 1775 2618 competere.

1262 2616 1317 2657 34
1340 2618 1450 2654 IDEM
1476 2619 1568 2655 libro
1601 2618 1904 2671 quadraqensimo
1935 2617 2094 2653 secundo
2126 2617 2177 2653 ad
2205 2617 2310 2654 Sabi-

1216 2675 1302 2699 num
1349 2663 1397 2706 Si,
1424 2675 1505 2699 cum
1528 2663 1614 2698 1111111
1637 2663 1859 2706 permisisses
1884 2672 2010 2697 saxum
2036 2673 2079 2697 ex
2105 2662 2219 2699 fundo
2243 2667 2308 2700 tuo

1218 2709 1331 2744 eicere
1364 2709 1418 2744 vel
1450 2713 1584 2744 cretam
1607 2707 1664 2742 vel
1681 2707 1849 2743 harenam
1879 2706 2024 2749 fodere,
2061 2711 2097 2744 et
2126 2718 2205 2743 sum
2232 2712 2309 2744 tum

1218 2754 1253 2788 in
1288 2755 1382 2788 hanc
1417 2763 1492 2788 rem
1527 2753 1690 2794 fecerim,
1727 2756 1763 2787 et
1795 2763 1867 2788 non
1899 2753 2050 2797 patiaris
2084 2763 2140 2788 me
2163 2757 2199 2789 to
2230 2764 2307 2789 ere:

1218 2799 1316 2833 nulla
1340 2799 1411 2834 alia
1436 2809 1542 2843 quam
1567 2798 1611 2832 de
1635 2798 1717 2833 dolo
1745 2797 1837 2832 malo
1863 2798 1957 2832 actio
1983 2797 2101 2833 locum
2125 2799 2283 2834 habebit.

1264 2841 1317 2881 35
1341 2843 1452 2879 IDEM
1470 2844 1561 2879 libro
1586 2843 1795 2889 triqensimo
1821 2842 1870 2878 ad
1892 2842 2046 2878 edictum
2094 2842 2132 2878 Si
2152 2844 2230 2889 quis
2252 2848 2308 2879 ta-

1217 2889 1322 2924 bulas
1346 2888 1551 2923 testamenti
1574 2898 1595 2922 a
1621 2887 1671 2922 ud
1694 2898 1732 2922 se
1757 2887 1936 2932 depositas
1961 2891 2045 2932 post
2064 2892 2215 2924 mortem
2234 2892 2307 2924 tes-

1217 2934 1343 2969 tatoris
1357 2933 1485 2968 delevit
1496 2933 1551 2968 vel
1571 2943 1592 2967 a
1609 2933 1639 2967 'o
1662 2933 1767 2968 modo
1792 2943 1898 2967 corru
1926 2933 2003 2975 erit,
2028 2932 2131 2968 heres
2152 2934 2308 2979 scriptus

1217 2978 1366 3013 habebit
1389 2978 1561 3013 adversus
1587 2988 1666 3012 eum
1690 2978 1868 3013 actionem
1917 2988 1936 3013 e
1960 2977 2053 3012 dolo.
2093 2978 2156 3013 sed
2181 2982 2216 3014 et
2239 2979 2307 3021 his,

1218 3024 1345 3068 quibus
1370 3023 1489 3068 legata
1513 3023 1598 3058 data
1622 3026 1729 3065 sunt,
1764 3022 1882 3058 danda
1915 3023 1983 3058 erit
2013 3023 2058 3058 de
2091 3023 2173 3059 dolo
2199 3024 2305 3059 actio.

1264 3067 1317 3106 36
1342 3067 1580 3103 MARGIANUS
1608 3067 1699 3103 libro
1723 3068 1879 3103 secundo
1904 3067 2115 3114 reqularum
2163 3068 2201 3103 Si
2236 3069 2307 3104 duo

1218 3113 1300 3149 dolo
1326 3113 1418 3148 malo
1443 3113 1604 3155 fecerint,
1628 3113 1779 3148 invicem
1803 3112 1846 3148 de
1871 3112 1952 3148 dolo
1978 3123 2050 3148 non
2075 3117 2191 3158 agent.

1264 3155 1316 3195 37
1350 3157 1546 3194 Uzmivvs
1566 3158 1657 3193 libro
1681 3157 1987 3205 quadraqensimo
2011 3162 2143 3204 quarto
2167 3158 2218 3193 ad
2240 3157 2306 3194 Sa-

1219 3203 1340 3239 binum
1387 3202 1491 3247 Quod
1514 3202 1677 3238 venditor
1699 3206 1740 3238 ut
1765 3202 1988 3238 commendet
2019 3202 2124 3245 dicit,
2157 3203 2209 3238 sic
2240 3203 2305 3237 ha-

1218 3248 1391 3290 bendum,
1425 3248 1526 3292 quasi
1558 3258 1671 3293 neque
1704 3247 1838 3283 dictum
1861 3258 1977 3292 neque
2000 3248 2215 3293 promissum
2240 3252 2304 3283 est.

1219 3293 1249 3328 si
1272 3303 1355 3328 vero
1381 3292 1579 3338 decipiendi
1603 3293 1770 3338 emptoris
1795 3303 1907 3328 causa
1930 3292 2062 3328 dictum
2087 3297 2159 3335 est,
2193 3302 2308 3336 aeque

1219 3338 1269 3373 sic
1294 3337 1498 3373 habendum
1523 3342 1594 3380 est,
1620 3342 1659 3373 ut
1683 3348 1754 3373 non
1779 3342 1950 3373 nascatur
1974 3337 2145 3373 adversus
2169 3337 2304 3372 dictum

1219 3383 1474 3428 promissumve
1497 3383 1603 3426 actio,
1628 3383 1692 3418 sed
1715 3383 1760 3418 de
1784 3383 1865 3418 dolo
1891 3382 1998 3418 actio.

1264 3424 1317 3465 38
1343 3427 1452 3463 IDEM
1469 3427 1560 3464 libro
1585 3429 1710 3507 gilinto
1734 3428 1944 3481 opinionum
1991 3426 2140 3472 Quidam
2165 3424 2307 3476 debitor

1220 3472 1408 3517 epistulam
1433 3473 1535 3517 quasi
1555 3484 1577 3508 a
1618 3473 1691 3508 ’1110
1716 3473 1807 3507 1111111
1832 3472 1999 3508 creditori
2023 3481 2087 3506 suo
2114 3469 2240 3512 effeclt,
2263 3473 2306 3521 ut

1219 3517 1295 3561 ipse
1326 3517 1514 3552 liberetur:
1547 3518 1616 3553 hac
1642 3518 1794 3562 epistula
1818 3517 1973 3552 creditor
1998 3516 2167 3559 deceptus
2190 3515 2304 3558 Aqui-

1219 3562 1316 3597 liana
1348 3562 1577 3607 stipulatione
1607 3566 1643 3598 et
1675 3562 1947 3607 acceptilatione
1978 3559 2142 3595 liberavit
2165 3558 2303 3594 debito-

1215 3673 1365 3706 mittitur
1377 3674 1437 3708 FS

1216 3719 1290 3753 edd.

1593 3676 1638 3717 (8)
1662 3672 1934 3716 ideoperassetF'
2087 3671 2133 3713 (9)
2158 3670 2302 3703 exerceri
