2528 3918
137 116 198 146 DE
226 113 545 145 PIGNERATICIA
573 112 770 143 ACTIONE

136 225 268 261 modati
292 224 468 269 finemque
490 222 736 268 praescribere
761 222 834 257 eius
857 224 912 256 est
932 221 991 266 qui
1011 221 1224 257 beneficium

135 270 269 305 tribuit.
307 280 387 305 cum
410 272 528 304 autem
548 267 584 302 id
600 266 696 309 fecit,
722 267 759 302 id
781 270 835 301 est
855 270 1046 311 postquam
1067 278 1223 303 commo-

137 316 251 358 davit,
285 319 371 349 tunc
402 314 508 348 finem
538 313 784 357 praescribere
809 315 845 347 et
868 315 962 347 retro
988 322 1092 357 agere
1116 317 1153 347 at
1179 322 1225 347 ue

133 360 375 406 intempestive
408 369 511 393 usum
536 357 782 393 commodatae
805 357 857 392 rei
882 357 1023 393 auferre
1046 369 1119 393 non
1143 369 1163 393 0
1182 358 1222 392 fi-

136 407 227 441 cium
251 408 389 439 tantum
412 403 575 448 impedit,
600 403 662 438 sed
687 406 723 438 et
747 406 916 446 suscepta
940 402 1108 448 obligatio
1132 403 1225 438 inter

134 451 289 486 dandum
314 448 638 493 accipiendumque.
673 449 808 492 geritur
832 447 924 482 enim
955 448 1137 493 negotium
1168 449 1222 483 111-

134 497 243 531 vicem
267 498 302 530 et
325 494 404 529 ideo
436 493 586 528 invicem
617 493 823 545 propositae
854 497 939 527 sunt
971 494 1151 535 actiones,
1183 498 1224 528 ut

133 543 323 593 appareat,
356 538 452 584 quod
483 539 658 583 principlo
691 538 856 573 beneficii
889 548 931 573 ac
956 539 1074 574 nudae
1097 539 1222 574 volun-

132 590 215 621 tat1s
239 584 376 626 fuerat,
411 584 569 619 converti
592 584 629 618 in
653 589 797 619 mutuas
821 584 1084 629 praestationes
1110 585 1221 619 actio-

132 641 264 676 nesque
289 629 417 665 civiles.
455 633 495 664 ut
519 629 650 664 accidit
673 629 709 663 in
735 639 788 671 eo,
814 628 874 674 qui
898 629 1055 664 absentis
1081 630 1224 676 negotia

131 686 250 722 gerere
280 674 479 710 inchoavit:
513 684 627 719 neque
659 675 751 710 enim
785 674 929 719 impune
965 675 1126 720 peritura
1161 675 1221 710 de-

131 725 241 758 seret:
286 720 503 765 suscepisset
536 720 629 755 enim
663 719 826 755 fortassis
863 720 974 762 alius,
1018 721 1048 755 si
1083 721 1113 755 is
1150 731 1221 756 non

132 767 325 812 coepisset:
357 765 549 801 voluntatis
583 769 637 800 est
670 766 761 800 enim
794 766 978 810 suscipere
1002 766 1221 808 mandatum,

131 811 352 848 necessitatis
395 821 653 846 consummare.
701 811 808 856 igitur
843 811 873 845 si
907 811 1100 856 pugillares
1137 811 1222 845 mihi

131 856 372 899 commodasti,
398 859 437 891 ut
461 856 599 891 debitor
622 856 707 891 mihi
728 860 878 898 caveret,
903 867 975 891 non
995 860 1092 891 recte
1111 857 1222 892 facies

129 904 175 938 im
203 906 330 938 ortune
353 901 564 946 repetendo:
599 911 681 936 nam
706 902 736 936 si
760 912 948 946 negasses,
981 902 1036 936 vel
1060 902 1222 937 emissem

129 914 316 983 velptestes
341 947 594 982 adhibuissem.
631 947 796 992 idemque
822 951 893 988 est,
927 947 957 982 si
991 947 1037 982 ad
1070 947 1220 982 fulcien-

130 994 209 1029 dam
228 993 379 1029 insulam
392 993 489 1037 tigna
509 992 753 1035 commodasti,
774 992 901 1027 deinde
920 993 1138 1037 protraxisti,
1160 996 1223 1027 aut

129 1040 234 1074 etiam
258 1039 374 1074 sciens
406 1038 534 1073 vitiosa
567 1038 864 1073 commodaveris:
898 1037 1057 1073 adiuvari
1092 1039 1222 1083 quippe

129 1095 212 1127 nos,
237 1095 308 1120 non
333 1083 449 1129 decipi
472 1083 644 1118 beneficio
670 1087 822 1128 oportet.
861 1094 905 1118 ex
961 1084 1067 1118 uibus
1104 1084 1221 1119 causis

128 1130 232 1165 etiam
265 1129 484 1165 contrarium
516 1128 686 1164 iudicium
719 1129 805 1164 utile
837 1138 915 1164 esse
963 1129 1128 1164 icendum
1154 1132 1218 1164 est.

127 1179 148 1210 4
194 1175 345 1210 Duabus
377 1175 483 1209 rebus
518 1174 750 1209 commodatis
782 1178 879 1209 recte
912 1174 955 1209 de
988 1175 1101 1209 altera
1126 1186 1221 1210 com-

128 1220 261 1256 modati
286 1220 342 1265 agi
373 1230 480 1265 posse
502 1219 674 1255 Vivianus
708 1220 870 1265 scripsit:
905 1219 1002 1264 quod
1031 1220 1082 1254 ita
1114 1220 1223 1256 videri

129 1277 269 1309 verum,
303 1266 332 1301 si
365 1269 554 1310 separatae
577 1265 666 1307 sint,
692 1265 910 1310 Pomponius
944 1265 1104 1310 scripsit:
1139 1276 1222 1300 nam

128 1322 207 1347 eum
243 1311 304 1357 qui
340 1321 526 1346 carrucam
563 1314 649 1356 puta
681 1311 736 1346 vel
772 1310 936 1345 lecticam
972 1311 1220 1353 commodavit,

127 1361 145 1392 5
195 1368 266 1392 non
303 1361 398 1392 recte
436 1359 599 1391 acturum
636 1356 679 1391 de
714 1356 860 1406 singulis
896 1356 1071 1401 partibus.
1132 1356 1220 1391 Rem

128 1402 387 1438 commodatam
411 1401 549 1447 perdidi
574 1405 609 1436 et
633 1412 697 1454 pro
724 1413 766 1437 ea
790 1401 943 1446 pretium
969 1401 1067 1444 dedi,
1094 1402 1221 1437 deinde

128 1459 184 1483 res
208 1448 245 1483 in
269 1452 448 1493 potestate
472 1451 535 1482 tua
566 1451 678 1482 venit:
714 1447 836 1482 Labeo
871 1447 922 1481 ait
954 1448 1134 1483 contrario
1166 1448 1219 1482 iu-

127 1493 217 1530 dicio
251 1497 315 1528 aut
346 1503 420 1528 rem
452 1493 537 1527 mihi
569 1496 754 1537 praestare
777 1496 813 1528 te
837 1492 967 1528 debere
991 1496 1055 1528 aut
1079 1494 1175 1538 quod
1199 1504 1219 1528 a

127 1550 182 1574 me
207 1539 378 1584 accepisti
402 1538 561 1574 reddere.

175 1581 225 1622 18
254 1585 376 1620 G-AIUS
407 1584 498 1619 libro
530 1595 625 1618 nono
659 1583 708 1618 ad
730 1583 883 1619 edictam
901 1584 1132 1629 provinciale
1179 1584 1220 1619 In

125 1630 229 1666 rebus
251 1629 482 1665 commodatis
502 1629 586 1664 talis
607 1628 786 1674 diligentia
805 1629 1023 1673 praestanda
1045 1633 1109 1672 est,
1131 1640 1219 1674 qua-

125 1676 192 1710 lem
225 1676 374 1720 quisque
399 1674 684 1720 diligentissimus
709 1678 812 1719 pater
835 1674 989 1709 familias
1015 1674 1088 1710 suis
1112 1675 1219 1710 rebus

126 1721 290 1763 adhibet,
315 1721 365 1755 ita
390 1725 429 1754 ut
453 1725 593 1755 tantum
617 1730 675 1755 eos
703 1730 808 1755 casus
834 1731 905 1754 non
930 1724 1107 1764 praestet,
1141 1721 1218 1766 qui-

126 1767 193 1801 bus
218 1767 335 1802 resisti
360 1777 431 1800 non
455 1766 580 1810 possit,
606 1765 712 1800 veluti
737 1767 893 1800 mortes¹
920 1776 1103 1801 servorum
1127 1777 1220 1811 quae

125 1812 200 1847 sine
226 1812 305 1847 dolo
332 1815 367 1847 et
391 1811 497 1856 culpa
518 1811 593 1845 eius
615 1811 795 1853 accidunt,
821 1811 1000 1846 latronum
1020 1811 1220 1847 hostiumve

124 1858 306 1900 incursus,
332 1857 530 1902 piratarum
553 1856 712 1898 insidias,
738 1856 976 1901 naufragium,
1003 1857 1218 1900 incendium,

123 1903 225 1947 fugas
245 1913 427 1938 servorum
450 1902 510 1947 qui
530 1902 702 1937 custodiri
723 1913 795 1936 non
815 1902 942 1937 solent.
981 1902 1077 1946 quod
1098 1907 1218 1938 autem

125 1949 167 1984 de
191 1948 389 1983 latronibus
415 1951 450 1983 et
473 1947 598 1993 piratis
624 1951 660 1982 et
679 1947 864 1991 naufragio
887 1947 1050 1989 diximus,
1076 1948 1127 1983 ita
1148 1949 1217 1984 sci-

123 1994 206 2029 licet
230 1994 464 2039 accipiemus,
489 1993 520 2028 si
543 1993 580 2027 in
603 1993 673 2028 hoc
698 1993 924 2028 commodata
948 1994 994 2028 sit
1017 1993 1124 2028 alicui
1148 2005 1216 2036 res,

124 2044 163 2074 ut
201 2050 278 2074 eam
314 2050 387 2074 rem
419 2049 565 2084 peregre
600 2048 721 2073 secum
755 2038 866 2073 ferat:
905 2039 1061 2083 alioquin
1094 2039 1124 2074 si
1160 2040 1218 2074 cui

122 2084 201 2120 ideo
239 2089 424 2130 argentum
457 2084 770 2125 commodaverim,
807 2083 902 2128 quod
935 2084 964 2119 is
1002 2084 1135 2119 amicos
1172 2085 1217 2119 ad

124 2140 248 2165 cenam
271 2130 501 2165 invitaturum
526 2139 564 2164 se
595 2129 747 2171 diceret,
782 2133 817 2163 et
848 2129 883 2163 id
917 2140 1064 2174 peregre
1096 2141 1217 2165 secum

122 2176 334 2220 portaverit,
367 2175 442 2210 sine
476 2174 547 2209 ulla
581 2174 803 2209 dubitatione
829 2174 934 2209 etiam
958 2175 1156 2220 piratarum
1182 2180 1218 2211 et

122 2221 299 2256 latronum
332 2225 367 2255 et
399 2220 573 2264 naufragii
606 2230 728 2254 casum
760 2224 945 2264 praestare
970 2220 1085 2255 debet.
1127 2222 1216 2256 haec

121 2266 182 2309 ita,
208 2267 237 2301 si
262 2266 449 2301 dumtaxat
469 2265 677 2309 accipientis
697 2265 813 2310 gratia
834 2266 1059 2300 commodata
1079 2267 1126 2301 sit
1146 2278 1213 2302 res.

122 2316 160 2346 at
183 2311 213 2347 si
237 2311 441 2356 utriusque,
474 2310 581 2346 veluti
606 2311 636 2345 si
661 2321 883 2346 communem
909 2311 1063 2346 amicum
1087 2312 1133 2346 ad
1158 2322 1214 2347 ce-

122 2368 203 2392 nam
227 2357 488 2392 invitaverimus
513 2360 622 2401 tuque
648 2356 723 2391 eius
756 2356 807 2390 rei
841 2367 964 2391 curam
996 2357 1215 2402 suscepisses

122 2407 157 2438 et
177 2413 194 2437 e
220 2413 239 2438 0
258 2402 323 2437 tibi
341 2406 526 2447 argentum
548 2401 854 2444 commodaverim,
879 2402 1052 2447 scriptum
1074 2403 1215 2448 quidem

122 2458 192 2492 apu
239 2447 411 2493 quosdam
431 2447 581 2489 invenio,
608 2447 711 2491 quasi
731 2446 852 2482 dolum
871 2451 1011 2482 tantum
1031 2453 1216 2492 praestare

122 2494 271 2528 debeas:
306 2493 368 2528 sed
400 2492 590 2527 videndum
623 2497 696 2534 est,
730 2503 774 2527 ne
807 2498 841 2527 et
866 2493 972 2537 culpa
996 2494 1215 2538 praestanda

122 2539 178 2581 sit,
200 2543 241 2573 ut
259 2539 310 2573 ita
331 2538 458 2583 culpae
470 2538 534 2572 fiat
547 2538 759 2579 aestimatio,
780 2538 874 2573 sicut
893 2539 929 2573 in
949 2539 1056 2574 rebus
1076 2540 1215 2584 pignori

125 2588 138 2618 1
190 2584 282 2619 datis
319 2588 354 2618 et
389 2583 568 2618 dotalibus
602 2583 784 2618 aestimari
818 2583 918 2618 solet.
980 2583 1059 2619 Sive
1095 2590 1214 2620 autem

121 2629 249 2674 pignus
275 2630 347 2664 sive
372 2629 596 2664 commodata
620 2638 677 2663 res
703 2628 775 2663 sive
800 2628 963 2673 deposita
988 2629 1144 2665 deterior
1167 2631 1212 2665 ab

122 2685 162 2709 eo
188 2675 248 2720 qui
273 2674 451 2719 acceperit
474 2674 571 2709 facta
596 2674 660 2716 sit,
695 2684 767 2708 non
793 2674 908 2708 solum
931 2674 1022 2709 istae
1047 2680 1130 2710 sunt
1154 2686 1212 2711 ac-

121 2720 246 2762 tiones,
272 2720 315 2755 de
340 2720 467 2764 quibus
492 2720 689 2764 loquimur,
715 2730 836 2754 verum
861 2719 967 2754 etiam
991 2720 1077 2764 legis
1101 2721 1212 2766 Aqui-

120 2766 206 2800 liae:
233 2766 295 2801 sed
319 2765 348 2800 si
373 2776 444 2809 qua
468 2775 591 2800 earum
616 2768 736 2799 actum
759 2764 885 2807 fuerit,
911 2765 1002 2800 aliae
1026 2766 1210 2802 tolluntur.

121 2814 139 2845 2
188 2811 344 2846 Possunt
368 2811 482 2845 iustae
507 2820 637 2845 causae
661 2810 884 2852 intervenire,
910 2820 954 2845 ex
1002 2810 1106 2846 uibus
1133 2822 1213 2847 cum

121 2867 161 2891 eo
188 2857 247 2901 qui
272 2855 531 2891 commodasset
556 2856 612 2900 agi
638 2855 800 2890 deberet:
834 2855 943 2890 veluti
1001 2866 1020 2891 e
1043 2856 1212 2901 impensis

120 2902 155 2936 in
180 2901 416 2936 valetudinem
441 2901 533 2936 servi
555 2900 661 2936 factis
687 2911 820 2945 quaeve
843 2905 926 2946 post
948 2901 1070 2946 fugam
1094 2903 1211 2947 requi-

119 2947 220 2982 rendi
250 2946 512 2991 reducendique
545 2946 621 2981 eius
655 2956 766 2981 causa
798 2945 918 2981 factae
955 2952 1091 2981 essent:
1129 2958 1212 2983 nam

121 2992 334 3027 cibariorum
357 2992 539 3036 impensae
562 2991 718 3026 naturali
742 2991 879 3027 scilicet
902 2992 1041 3027 ratione
1066 2992 1111 3027 ad
1133 3003 1211 3030 eum

120 3037 316 3082 pertinent,
350 3037 410 3082 qui
435 3036 606 3071 utendum
630 3037 838 3081 accepisset.
877 3037 940 3071 sed
964 3041 1000 3071 et
1028 3037 1083 3079 id,
1117 3038 1212 3082 quod

121 3083 164 3117 de
188 3082 354 3127 impensis
379 3082 590 3117 valetudinis
615 3086 677 3117 aut
700 3081 806 3127 fugae
831 3082 1002 3125 diximus,
1029 3083 1075 3117 ad
1098 3084 1210 3118 maio-

120 3138 176 3163 res
200 3128 378 3172 impensas
403 3128 580 3172 pertinere
605 3127 727 3162 debet:
753 3127 894 3163 modica
920 3128 1012 3163 enim
1032 3128 1211 3173 impendia

119 3172 236 3208 verius
257 3176 320 3215 est,
343 3177 383 3207 ut
402 3173 507 3207 sicuti
529 3173 743 3208 cibariorum
764 3173 810 3208 ad
832 3173 982 3208 eundem
994 3174 1208 3218 pertineant.

120 3220 139 3252 3
187 3218 276 3252 Item
301 3218 361 3262 qui
386 3218 502 3253 sciens
534 3228 621 3253 vasa
653 3218 779 3253 vitiosa
812 3218 1065 3260 commodavit,
1100 3219 1129 3254 si
1161 3219 1210 3254 ibi

119 3262 275 3298 infusum
307 3263 427 3298 vinum
459 3263 514 3298 vel
546 3264 661 3298 oleum
694 3268 901 3308 corruptum
926 3263 1119 3299 effusumve
1144 3270 1208 3307 est,

120 3310 140 3341 4
189 3307 480 3343 condemnandus
505 3319 545 3343 eo
571 3308 712 3343 nomine
736 3313 800 3343 est.
850 3309 952 3353 Quod
977 3314 1096 3344 autem
1122 3321 1206 3345 con-

120 3353 226 3387 trario
251 3353 380 3388 iudicio
408 3354 576 3398 consequi
601 3353 749 3398 quisque
773 3358 903 3399 potest,
928 3354 965 3389 id
985 3354 1090 3389 etiam
1110 3359 1207 3390 recto

119 3397 269 3440 iudicio,
302 3408 371 3443 quo
407 3409 487 3433 cum
520 3409 560 3434 eo
586 3399 721 3443 agitur,
759 3402 878 3443 potest
908 3399 1045 3434 salvum
1076 3399 1209 3435 habere

119 3442 195 3477 iure
218 3443 447 3487 pensationis.
486 3443 549 3479 sed
573 3443 650 3479 fieri
673 3448 811 3488 potest,
846 3448 886 3478 ut
918 3444 1069 3489 amplius
1103 3450 1207 3487 esset,

120 3487 214 3531 quod
236 3487 385 3522 invicem
409 3488 561 3533 aliquem
586 3499 693 3524 conse
720 3489 756 3523 ui
781 3493 963 3534 oporteat,
988 3490 1077 3524 aut²
1100 3490 1208 3525 iudex

120 3532 340 3577 pensationis
363 3533 538 3569 rationem
562 3545 634 3569 non
657 3534 705 3569 ha
732 3538 809 3577 eat,
847 3538 910 3569 aut
931 3534 1010 3570 ideo
1037 3534 1081 3571 de
1105 3536 1206 3570 resti-

121 3648 160 3683 (1)
186 3645 302 3677 mortis
315 3646 348 3677 F

121 3690 162 3728 (4)
189 3690 347 3730 respondi
362 3691 414 3723 [³²

124 3734 271 3767 modavit
285 3736 343 3768 ins.

482 3650 524 3686 (2)
550 3652 588 3679 ut
601 3649 644 3680 F¹
786 3654 827 3689 (3)
853 3667 897 3678 =
915 3651 988 3693 Ulp.
1004 3650 1048 3683 D.
1068 3652 1118 3686 19,
1134 3657 1161 3688 2,
1177 3657 1208 3681 41

530 3693 572 3730 (5)
597 3693 804 3734 profugisset
820 3695 874 3727 FS

1220 97 1292 144 181

977 3698 1021 3736 (6)
1047 3696 1106 3736 qui
1122 3704 1209 3725 com·
1282 3694 1367 3737 App.
1382 3701 1426 3728 43.
1439 3696 1583 3729 —Bas.
1597 3697 1650 3735 25,
1666 3704 1687 3729 1.
1702 3715 1747 3719 —-
1764 3697 1814 3739 Cf:
1830 3695 1906 3728 Cod.
1922 3697 1952 3734 4,
1967 3702 2002 3727 24

2172 105 2279 147 XIII
2310 110 2348 148 6.
2368 109 2388 147 7

1295 222 1428 258 tuenda
1448 234 1488 258 re
1509 234 1589 258 cum
1613 234 1653 258 eo
1676 235 1749 259 non
1770 230 1908 270 agatur,
1934 227 2018 272 quia
2036 238 2079 263 ea
2096 237 2154 263 res
2175 239 2263 263 casu
2282 228 2392 264 inter-

1298 268 1384 303 cidit
1407 272 1472 303 aut
1496 269 1573 303 sine
1597 268 1715 303 iudice
1739 271 1905 307 restituta
1929 276 2001 308 est:
2036 273 2194 309 dicemus
2226 284 2391 309 necessa-

1295 314 1384 348 riam
1410 323 1489 349 esse
1514 314 1732 349 contrariam
1757 317 1945 352 actionem.

1344 357 1394 396 19
1419 359 1589 394 Iulianus
1613 359 1704 394 libro
1723 362 1847 405 primo
1868 362 2114 408 diqestorum³
2160 365 2218 399 Ad
2238 375 2310 406 eos,
2332 365 2392 410 qui

1294 404 1508 440 servandum
1532 405 1666 449 aliquid
1692 405 1899 441 conducunt
1923 412 1986 442 aut
2005 409 2176 444 utendum
2198 411 2390 455 accipiunt,

1295 449 1464 484 damnum
1495 449 1626 485 iniuria
1651 450 1696 484 ab
1723 450 1791 486 alio
1817 451 1940 487 datum
1963 465 2035 488 non
2059 455 2237 499 pertinere
2262 457 2388 501 procul

1295 495 1403 529 dubio
1441 499 1513 530 est:
1551 506 1622 540 qua
1658 495 1749 530 enim
1785 507 1872 531 cura
1908 502 1970 533 aut
2006 500 2186 544 diligentia
2221 502 2392 547 consequi

1293 551 1498 585 possumus,
1523 552 1568 575 ne
1593 541 1721 586 aliquis
1747 541 1914 577 damnum
1939 544 2040 579 nobis
2065 545 2195 580 iniuria
2219 546 2304 581 det?

1340 583 1392 623 20
1426 586 1534 621 IDEM
1561 586 1652 621 libro
1686 587 1791 622 tertio
1823 587 1873 622 ad
1911 587 2070 624 Urseium
2103 591 2275 626 Ferocem
2322 593 2390 627 Ar-

1316 636 1436 666 entum
1461 631 1725 667 commodatum
1750 631 1780 667 si
1802 635 1877 667 tam
1901 633 2028 669 idoneo
2054 646 2154 671 servo
2180 648 2257 671 meo
2279 638 2390 672 tradi-

1292 643 1423 712 {issem
1444 677 1489 712 ad
1509 681 1545 712 te
1564 677 1825 722 perferendum,
1851 682 1892 712 ut
1910 689 1981 713 non
2002 679 2163 715 debuerit
2182 683 2260 726 quis
2284 684 2390 718 aesti-

1292 733 1390 757 mare
1414 722 1595 765 futurum,
1629 726 1670 757 ut
1695 733 1716 757 a
1740 723 1953 768 quibusdam
1977 725 2079 760 malis
2103 727 2304 763 hominibus
2330 729 2390 764 de-

1294 768 1492 812 ciperetur,
1526 772 1648 811 tuum,
1673 779 1745 803 non
1771 778 1888 804 meum
1914 769 2164 806 detrimentum
2190 773 2275 815 erit,
2301 774 2331 809 si
2355 774 2391 808 id

1293 813 1376 848 mali
1407 814 1568 849 homines
1592 814 1876 859 intercepissent.

1339 856 1389 895 21
1417 859 1745 895 AFRICANUslz'bro
1758 864 1883 895 octavo
1897 861 2146 905 quaestionum
2195 862 2283 897 Rem
2305 864 2391 898 mihi

1294 904 1544 939 commodasti:
1573 904 1720 939 eandem
1737 905 1965 950 subripuisti:
1993 905 2119 941 deinde
2136 918 2216 942 cum
2236 919 2389 944 commo-

1293 949 1367 984 dati
1392 960 1514 994 ageres
1539 960 1605 985 nec
1629 960 1651 984 a
1685 954 1719 985 te
1752 950 1879 985 scirem
1912 961 1991 986 esse
2023 952 2249 996 subreptam,
2283 954 2389 989 iudex

1292 1005 1349 1030 me
1374 995 1623 1030 condemnavit
1646 999 1683 1030 et
1706 996 1812 1031 solvi:
1847 1000 1974 1041 postea
2009 998 2165 1049 comperi
2199 1008 2220 1032 a
2252 1003 2289 1033 te
2314 1011 2390 1035 esse

1293 1041 1518 1085 subreptam:
1555 1041 1757 1086 quaesitum
1789 1045 1861 1084 est,
1896 1052 1988 1087 quae
2020 1043 2105 1076 mihi
2140 1047 2258 1078 tecum
2296 1046 2389 1080 actio

1293 1086 1348 1121 sit.
1387 1086 1595 1131 respondit⁴
1620 1087 1708 1121 furti
1758 1086 1874 1122 uidem
1907 1098 1980 1122 non
2012 1098 2107 1128 esse,
2141 1088 2204 1123 sed
2237 1100 2389 1125 commo-

1295 1134 1309 1165 1
1361 1131 1437 1166 dati
1459 1133 1680 1167 contrarium
1699 1132 1736 1166 iu
1763 1132 1870 1167 icium
1889 1133 1974 1168 utile
1995 1133 2079 1168 mihi
2091 1133 2180 1169 fore.

1294 1177 1367 1211 citu
1403 1178 1720 1213 contubernalibus
1752 1188 1838 1212 vasa
1869 1179 2003 1213 utenda
2029 1179 2206 1214 communi
2258 1181 2390 1216 ericulo

1293 1222 1374 1257 dedi
1408 1233 1450 1258 ac
1485 1223 1613 1258 deinde
1646 1234 1743 1258 meus
1769 1234 1891 1259 servus
1917 1225 2095 1270 subreptis
2121 1225 2175 1260 his
2201 1235 2221 1259 a
2270 1226 2391 1262 hostes

1292 1268 1478 1313 profugit⁵
1503 1272 1538 1303 et
1568 1273 1695 1313 postea
1728 1269 1803 1304 sine
1836 1270 1930 1304 vasis
1955 1274 2122 1315 receptus
2148 1274 2212 1305 est.
2250 1271 2390 1307 habitu-

1293 1324 1370 1348 rum
1404 1325 1460 1349 me
1495 1314 1712 1350 commodati
1745 1315 1921 1350 actionem
1958 1326 2039 1350 cum
2076 1316 2391 1353 contubernalibus

1294 1362 1437 1394 constat
1461 1366 1526 1404 pro
1553 1360 1726 1405 cuiusque
1750 1365 1869 1405 parte:
1905 1360 1968 1396 sed
2002 1366 2037 1396 et
2068 1361 2118 1396 1111
2142 1372 2280 1397 1110011111
2304 1362 2391 1398 furti

1292 1405 1383 1438 servi
1409 1405 1550 1440 nomine
1574 1416 1678 1450 agere
1701 1410 1873 1450 possunt,
1908 1407 2051 1451 quando
2087 1411 2122 1441 et
2155 1418 2250 1442 noxa
2283 1413 2391 1453 caput

1292 1450 1463 1495 sequitur.
1503 1455 1538 1486 et
1562 1451 1591 1486 si
1615 1451 1680 1486 tibi
1704 1461 1778 1486 rem
1802 1452 1962 1498 periculo
1996 1456 2058 1488 tuo
2092 1453 2260 1488 utendam
2295 1465 2389 1488 com-

1291 1495 1480 1531 modavero
1508 1507 1620 1541 eaque
1644 1507 1666 1531 a
1690 1507 1791 1532 servo
1818 1508 1895 1532 meo
1922 1498 2163 1543 subripiatur,
2190 1509 2293 1543 agere
2318 1511 2389 1534 1110-

1292 1552 1374 1576 011111
1397 1541 1485 1576 furti
1509 1542 1625 1587 possis
1652 1543 1743 1578 servi
1768 1543 1920 1578 nomine.

1339 1584 1391 1623 22
1428 1587 1484 1622 ΡΑ
1493 1598 1588 1623 ULUS
1617 1588 1708 1624 libro
1740 1589 1933 1624 vicensimo
1964 1589 2121 1625 secundo
2155 1590 2204 1624 ad
2236 1590 2389 1626 edietum

1291 1632 1327 1666 Si
1353 1643 1495 1675 servus,
1529 1643 1633 1678 quem
1658 1634 1722 1668 tibi
1746 1634 2061 1676 commodaverim,
2094 1634 2229 1669 furtum
2253 1635 2389 1678 fecerit,

1291 1682 1410 1712 utrum
1446 1678 1605 1714 sufficiat
1639 1680 1820 1714 contraria
1846 1680 2061 1715 commodati
2087 1681 2179 1715 actio
2206 1681 2388 1726 (quemad-

1290 1724 1434 1758 modum
1460 1725 1641 1769 competit,
1668 1725 1696 1759 si
1721 1725 1806 1769 quid
1830 1725 1867 1759 in
1893 1726 2113 1760 curationem
2138 1727 2229 1760 servi
2253 1727 2389 1771 impen-

1291 1769 1383 1808 disti)
1411 1780 1457 1804 an
1481 1769 1569 1804 furti
1595 1770 1770 1814 agendum
1795 1771 1860 1812 sit,
1896 1771 2089 1815 quaeritur.
2128 1776 2165 1806 et
2197 1771 2286 1806 furti
2311 1773 2387 1817 qui-

1290 1814 1369 1849 dem
1395 1816 1559 1850 noxalem
1584 1816 1717 1851 habere
1741 1816 1800 1860 qui
1823 1816 2086 1851 commodatum
2106 1818 2242 1861 rogavit
2264 1818 2389 1862 procul

1289 1859 1396 1895 dubio
1423 1864 1494 1903 est,
1531 1861 1712 1896 contraria
1736 1866 1855 1896 autem
1882 1862 2095 1897 commodati
2119 1866 2206 1897 tunc
2233 1873 2312 1898 eum
2336 1868 2388 1898 te-

1289 1906 1400 1948 110116,
1435 1917 1515 1941 cum
1548 1907 1665 1942 sciens
1689 1907 1796 1942 talem
1822 1917 1900 1942 esse
1923 1918 2064 1942 servum
2088 1908 2266 1952 ignoranti
2292 1920 2387 1944 com-

1288 1951 1456 1986 modavit.

1335 1994 1387 2034 23
1414 1996 1645 2033 POMPONIUS
1665 1998 1758 2033 libro
1783 1999 1974 2033 vicensimo
1993 1999 2118 2045 primo
2144 1999 2193 2034 ad
2217 1998 2388 2041 Quintum

1287 2041 1450 2078 Mucium
1499 2042 1536 2078 Si
1562 2042 1833 2078 commodavero
1859 2043 1925 2078 tibi
1950 2054 2099 2088 equum,
2133 2055 2203 2089 quo
2238 2046 2388 2080 utereris

1287 2098 1401 2132 usque
1434 2088 1480 2123 ad
1514 2092 1652 2123 certum
1685 2089 1822 2130 locum,
1857 2089 1887 2124 si
1922 2089 2019 2123 nulla
2053 2089 2161 2134 culpa
2192 2094 2256 2124 tua
2279 2090 2387 2125 inter-

1286 2133 1449 2168 veniente
1474 2134 1511 2168 in
1535 2134 1612 2178 ipso
1637 2134 1764 2168 itinere
1785 2134 1940 2169 deterior
1961 2144 2074 2179 equus
2094 2134 2214 2170 factus
2234 2135 2290 2178 sit,
2316 2147 2388 2170 non

1286 2179 1418 2213 teneris
1457 2180 1691 2214 commodati:
1730 2190 1812 2214 nam
1845 2190 1908 2224 ego
1943 2180 1980 2214 in
2014 2181 2120 2225 culpa
2145 2191 2224 2222 ero,
2259 2181 2319 2226 qui
2352 2181 2387 2216 in

1285 2228 1360 2258 tam
1384 2224 1529 2269 longum
1553 2225 1620 2260 iter
1646 2225 1878 2268 commodavi,
1904 2225 1964 2270 (1111
1990 2236 2070 2260 011111
2094 2226 2253 2261 laborem
2278 2227 2384 2261 susti-

1286 2279 1372 2305 nere
1396 2280 1468 2305 non
1492 2270 1620 2315 potuit.

2230 1135 2271 1169 In
2291 1145 2389 1170 exer-

1775 2363 1884 2404 VII⁷.

1350 2429 1411 2461 DE
1436 2430 1768 2463 PIGNERATICIA
1792 2430 1990 2463 ACTIONE
2016 2431 2107 2464 VEL
2135 2431 2322 2464 CONTRA.

1335 2494 1353 2532 1
1402 2495 1598 2532 ULPIANUS
1638 2497 1729 2533 libro
1773 2498 2079 2544 quadraqeusimo
2125 2498 2173 2533 ad
2208 2497 2383 2534 Sabinum

1284 2541 1418 2585 Pignus
1452 2543 1677 2577 contrahitur
1714 2553 1785 2577 non
1821 2543 1898 2578 sola
1933 2543 2142 2585 traditione,
2180 2544 2242 2578 sed
2279 2545 2384 2580 etiam

1288 2589 1300 2620 1
1353 2586 1451 2622 nuda
1476 2588 1727 2629 conventione,
1754 2588 1820 2623 etsi
1846 2599 1917 2623 non
1941 2588 2113 2623 traditum
2140 2594 2205 2623 est.
2255 2589 2292 2624 Si
2316 2589 2382 2634 igi-

1283 2636 1343 2666 tur
1368 2636 1594 2668 contractum
1619 2634 1665 2668 sit
1689 2633 1814 2678 pignus
1849 2634 1945 2668 nuda
1977 2635 2228 2677 conventione,
2263 2635 2382 2670 videa-

1284 2688 1374 2720 mus,
1408 2688 1474 2720 an,
1500 2678 1530 2713 si
1555 2679 1633 2723 quis
1659 2689 1785 2713 aurum
1811 2679 2006 2714 ostenderit
2030 2680 2132 2724 quasi
2157 2680 2295 2724 pignori
2319 2680 2381 2716 da-

1284 2726 1387 2758 turus
1413 2727 1447 2758 et
1472 2734 1532 2759 aes
1566 2724 1720 2765 dederit,
1755 2724 1963 2768 obligaverit
1996 2735 2122 2759 aurum
2153 2725 2310 2769 pignori:
2348 2730 2383 2761 et

1285 2779 1506 2813 consequens
1532 2774 1586 2804 est
1609 2773 1650 2803 ut
1674 2779 1800 2804 aurum
1824 2769 2018 2814 obligetur,
2051 2781 2123 2805 non
2156 2775 2274 2806 autem
2309 2782 2380 2814 aes,

1284 2816 1303 2848 2
1355 2814 1438 2858 quia
1469 2814 1506 2848 in
1538 2815 1608 2849 hoc
1640 2825 1712 2850 non
1738 2815 2018 2850 0011001180111113.
2069 2815 2106 2850 Si
2139 2816 2217 2860 quis
2249 2820 2380 2859 tamen,

1284 2870 1364 2894 cum
1390 2869 1450 2894 aes
1475 2859 1615 2903 pignori
1640 2859 1752 2902 daret,
1778 2859 1979 2895 adfirmavit
2003 2861 2072 2896 hoc
2096 2872 2224 2896 aurum
2244 2872 2320 2897 esse
2342 2867 2377 2897 et

1282 2904 1333 2938 ita
1365 2904 1502 2948 pignori
1535 2904 1689 2947 dederit,
1726 2905 1915 2940 videndum
1949 2906 2033 2948 erit,
2070 2917 2117 2941 an
2149 2917 2209 2941 aes
2241 2907 2380 2952 pignori

1282 2949 1490 2993 obligaverit
1524 2954 1559 2983 et
1591 2950 1780 2994 numquid,
1814 2951 1898 2995 quia
1929 2951 1966 2985 in
1999 2962 2129 2996 corpus
2165 2963 2379 2987 consensum

1283 2999 1346 3036 est,
1373 2994 1510 3039 pignori
1536 3005 1613 3029 esse
1637 2995 1816 3031 videatur:
1844 2996 1939 3041 quod
1963 2997 2074 3041 magis
2100 3001 2163 3032 est.
2198 2998 2378 3032 tenebitur

1281 3043 1400 3075 tamen
1424 3040 1657 3084 pigneraticia
1682 3041 1864 3076 contraria
1889 3042 2030 3077 actione
2055 3042 2115 3087 qui
2140 3042 2246 3084 dedit,
2271 3054 2374 3087 prae-

1281 3089 1335 3119 ter
1359 3085 1599 3120 stellionatum
1625 3096 1729 3130 quem
1753 3086 1848 3121 fecit.

1328 3128 1352 3166 2
1378 3130 1607 3165 POMPONIUS
1629 3131 1718 3166 libro
1742 3135 1847 3167 seoeto
1872 3132 1922 3167 ad
1944 3131 2117 3167 Sabinum
2166 3132 2203 3167 Si
2235 3132 2375 3167 debitor

1281 3186 1354 3210 rem
1379 3176 1517 3220 pignori
1542 3175 1662 3211 datam
1687 3176 1843 3211 vendidit
1868 3182 1902 3212 et
1921 3178 2069 3212 tradidit
2089 3183 2198 3222 tuque
2219 3178 2250 3212 ei
2272 3189 2372 3212 num-

1280 3231 1357 3255 mos
1383 3220 1573 3262 credidisti,
1600 3232 1688 3266 quos
1708 3222 1767 3257 ille
1786 3223 1891 3257 solvit
1912 3223 1943 3257 ei
1972 3223 2137 3258 creditori
2163 3223 2219 3257 cui
2244 3222 2371 3266 pignus

1281 3265 1438 3308 dederat,
1464 3266 1599 3311 tibique
1625 3278 1705 3302 cum
1731 3278 1771 3302 eo
1807 3268 1989 3310 convenit,
2022 3273 2063 3302 ut
2088 3279 2129 3303 ea
2153 3278 2230 3308 res,
2266 3277 2372 3311 quam

1279 3311 1349 3345 iam
1373 3310 1589 3353 vendiderat,
1608 3312 1752 3364 'pignori
1776 3313 1841 3347 tibi
1863 3317 1966 3355 esset,
1992 3313 2077 3348 nihil
2100 3317 2135 3347 te
2156 3312 2266 3356 egisse
2286 3322 2370 3346 con-

1280 3359 1369 3398 stat,
1395 3355 1479 3400 quia
1511 3367 1586 3391 rem
1618 3357 1769 3392 ahenam
1801 3359 1940 3402 pignori
1972 3358 2170 3402 acceperis:
2206 3368 2247 3392 ea
2280 3357 2371 3391 enim

1279 3401 1419 3436 ratione
1452 3405 1644 3446 emptorem
1677 3403 1804 3447 pignus
1838 3403 2027 3438 liberatum
2052 3403 2184 3437 habere
2210 3402 2369 3445 coepisse

1279 3456 1393 3490 neque
1418 3446 1464 3480 ad
1487 3457 1562 3482 rem
1586 3448 1817 3492 pertinuisse,
1853 3448 1947 3493 quod
1980 3453 2043 3482 tua
2066 3447 2218 3492 pecunia
2242 3447 2367 3490 pignus

1279 3491 1324 3526 sit
1352 3491 1552 3527 liberatum.
2240 3535 2246 3541 ‚
2362 3534 2370 3541 .

1324 3533 1347 3572 3
1373 3535 1480 3571 IDEM
1500 3537 1590 3573 libro
1615 3542 1740 3573 octavo
1762 3538 1898 3573 decimo
1921 3538 1970 3572 ad
1990 3536 2163 3572 Sabinum
2211 3535 2248 3569 Sl
2270 3545 2372 3579 quasl

1326 3654 1368 3690 (7)
1396 3649 1815 3690 δαὶ).1...(1.8..;2·1.21...35;
1830 3652 2033 3688 Ed.36...39;
2050 3650 2134 3691 Pap.
2146 3655 2370 3734 1(.·1);1.40...42;

2174 3701 2189 3727 8
2229 3703 2368 3725 consen-

1282 3743 1398 3771 serunt
1411 3740 1494 3774 Hal.
