2528 3918
1154 77 1277 125 XVII

95 202 197 243 ludos
220 216 385 243 exercere
405 209 441 241 et
460 205 530 241 alia
549 204 696 240 crimina
713 204 767 240 vel
786 205 822 240 in
840 207 937 250 ipsos
954 205 1178 258 professores

94 253 149 288 vel
171 253 208 287 in
232 252 348 288 socios
373 261 457 287 suos
481 254 518 286 et
541 250 692 285 maxime
723 250 760 284 in
790 261 869 293 eos,
903 262 963 296 qu1
994 251 1101 286 rudes
1133 250 1179 285 ad

94 298 337 333 recitationem
354 297 467 341 legum
481 295 698 341 perveniunt,
714 299 931 340 perpetrare.
964 296 1042 341 quis
1055 297 1065 317 ¹
1086 296 1178 332 enim

94 343 197 378 ludos
221 353 242 378 a
269 342 376 387 pellet
398 351 470 383 eos,
496 351 541 376 ex
564 340 693 385 quibus
719 341 865 376 crimina
890 342 1077 377 oriuntur?
1108 341 1178 376 hoc

94 389 224 423 etenim
243 354 324 422 fieri
347 387 445 421 nullo
470 386 627 430 patimur
651 385 767 428 modo,
793 386 856 421 sed
880 387 1013 432 optimo
1039 386 1179 423 ordini²

94 434 131 469 in
162 432 294 468 nostris
325 431 546 476 temporibus
578 434 614 466 et
643 431 738 466 hanc
770 435 909 476 partem
939 432 1110 467 tradimus
1143 435 1179 467 et

94 482 170 514 toto
205 480 350 523 postero
382 476 682 511 transmittimus-⁹·
714 477 876 518 saeculo,
918 488 998 513 cum
1037 480 1179 523 oportet

97 527 137 558 10
183 522 283 568 prius
301 522 460 558 animas⁴
485 525 520 556 et
537 524 664 566 postea
679 521 820 566 linguas
839 522 916 557 fieri
936 523 1104 558 eruditos.
1128 521 1179 557 Et

93 569 182 604 haec
214 567 333 602 omnia
359 567 397 602 in
425 567 494 602 hac
519 566 660 611 quidem
682 566 936 603 florentissima
960 568 1102 603 civitate
1124 567 1179 602 vir

93 613 255 649 excelsus
279 613 485 657 praefectus
509 611 614 647 huius
640 611 753 647 almae
776 612 876 648 urbis
895 617 969 647 tam
988 614 1177 649 observare

93 668 199 703 quam
227 658 425 699 vindicare,
462 659 571 702 prout
608 656 728 692 delicti
766 661 840 692 tam
874 658 1040 694 iuvenum
1072 669 1177 704 quam

93 703 308 748 scriptorum
339 703 491 748 qualitas
517 702 688 747 exegerit,
722 713 829 739 curae
853 704 1016 739 habebit:
1047 705 1084 739 in
1108 704 1176 738 Be-

93 748 299 794 rytiensium
323 749 466 783 autem⁵
494 748 634 783 civitate
658 752 731 783 tam
755 748 807 783 vir
832 749 1048 785 clarissimus
1072 759 1175 794 prae-

90 804 148 831 ses
176 793 355 829 Poenicae
390 793 586 828 maritimae
623 803 730 838 quam
760 794 985 830 beatissimus
1020 794 1177 830 eiusdem

95 842 132 875 11
182 838 336 874 civitatis
356 839 545 884 episcopus
565 842 601 874 et
617 838 735 884 legum
754 839 988 884 professores.
1025 839 1177 886 Incipite

83 954 131 994 (1)
156 952 239 995 quid
253 953 288 986 F
361 955 405 993 (2)
430 952 631 995 optimodini
645 953 680 986 F
752 954 795 996 (3)
820 954 1100 987 transmittiturus
1116 955 1177 996 F¹‚

92 998 387 1031 transmittitumus
401 998 435 1030 F
440 998 454 1017 ³
567 998 610 1039 (4)
635 999 763 1031 animos
778 1012 841 1032 scr.
952 1002 995 1042 (5)
1020 1002 1132 1033 antem
1151 1001 1187 1034 F

92 1045 136 1087 (s)
161 1043 202 1077 Il.
221 1046 252 1086 6,
270 1051 323 1078 236
425 1043 469 1086 (τ)
494 1038 705 1088 ἑκατόμβοι’
722 1045 885 1079 Homerm
988 1048 1032 1089 (8)
1058 1047 1095 1080 id
1109 1053 1178 1080 est.-

1988 90 2140 126 CONsT.
2174 93 2331 125 ommim

1247 205 1355 250 igitur
1384 205 1500 250 legum
1533 200 1730 241 doctrinam
1755 206 1804 242 eis
1830 206 1885 241 dei
1908 205 2167 259 gubernatione
2191 205 2332 240 tradere

1247 255 1283 286 et
1306 251 1398 286 viam
1423 250 1562 296 aperire
1586 261 1692 295 quam
1717 262 1782 287 nos
1805 252 2019 293 invemmus,
2045 254 2220 297 quatenus
2243 251 2333 285 fiant

1247 296 1371 341 optimi
1394 295 1552 330 iustitiae
1577 299 1612 330 et
1634 297 1685 330 rei
1710 298 1874 341 publicae
1898 297 2050 332 ministri
2074 300 2109 332 et
2132 307 2195 332 vos
2220 296 2332 330 maxi—

1247 352 1343 376 mum
1366 340 1475 376 decus
1499 341 1536 375 in
1561 351 1663 376 omne
1688 342 1869 376 saeculum
1889 346 2076 388 sequatur:
2103 342 2186 387 quia
2205 342 2332 376 vestris

1247 386 1467 431 temporibus
1491 386 1573 421 talis
1598 386 1714 430 legum
1738 387 1881 422 inventa
1904 392 1958 423 est
1981 387 2212 432 permutatio,
2268 397 2332 420 ua-

1246 432 1315 466 lem
1341 434 1377 467 et
1400 431 1496 476 apud
1519 431 1737 466 Homerum⁸
1760 436 1898 476 patrem
1922 433 2035 468 omnis
2059 433 2199 467 virtutis
2221 432 2252 467 G
2268 442 2332 466 au-

1247 487 1311 512 cus
1341 480 1376 512 et
1398 476 1591 512 Diomedes
1620 476 1713 512 inter
1742 487 1781 512 se
1810 477 1949 512 faciunt
1977 478 2161 514 dissimilia
2190 486 2331 522 permu-

1246 525 1384 558 tantes:

1345 565 1475 612 χρύσεα
1497 565 1680 609 χαλκείων,
1708 565 1948 610 ἑκατόνβοιαΊ
1973 570 2192 611 ἐννεαβοίων
2206 568 2227 600 ⁸.

1247 623 1338 658 quae
1363 612 1481 648 omnia
1504 613 1664 657 optinere
1688 613 1867 648 sancimus
1898 612 1936 647 in
1966 623 2069 648 omne
2092 623 2217 648 aevum
2228 613 2251 655 ⁹,
2287 613 2332 647 ab

1246 658 1410 694 omnibus
1439 662 1513 692 tam
1543 657 1808 703 professoribus
1840 667 1946 702 quam
1970 658 2085 701 legum
2109 658 2332 693 auditoribus

1247 706 1283 738 et
1312 704 1467 739 librariis
1501 706 1536 738 et
1566 703 1652 749 ipsis
1686 707 1720 739 et
1748 703 1925 738 iudicibus
1956 703 2188 738 observanda.
2237 703 2333 737 Data

1246 749 1396 794 septimo
1435 749 1571 784 decimo
1602 748 1776 784 kalendas
1806 747 1993 783 Ianuarias
2025 747 2334 793 Constantinopoli

1246 794 1387 874 dolrni¹n0
1412 797 1535 830 nostro
1559 794 1758 830 Iustiniano
1782 797 1956 839 perpetuo
1981 794 2143 838 Augusto
2167 797 2222 828 ter
2246 803 2331 829 con-

1244 850 1287 876 su
1303 850 1322 875 e
1347 842 1374 876 ⁰.

1247 964 1349 987 aurea
1362 954 1507 997 aheneus,
1532 955 1666 987 centum
1688 954 1790 987 boum
1808 954 1917 997 pretio
1943 953 2115 986 aestimata
2138 962 2214 985 cum
2236 952 2332 985 aesti-

1246 1000 1344 1032 matis
1367 1000 1476 1032 bubus
1497 1010 1617 1037 novem
1731 1001 1777 1042 (9)
1802 1009 1998 1032 omnaevum
2017 999 2051 1031 F
2162 998 2222 1040 (10)
2247 1010 2332 1030 anno

1242 1058 1279 1090 p.
1302 1046 1376 1080 Chr.
1393 1052 1446 1080 533
1464 1045 1546 1079 Dec.
1564 1052 1597 1079 16

1997 3795 2041 3820 111
