<?xml version="1.0" encoding="UTF-8"?>
<!DOCTYPE html PUBLIC "-//W3C//DTD XHTML 1.0 Transitional//EN"
    "http://www.w3.org/TR/xhtml1/DTD/xhtml1-transitional.dtd">
<html xmlns="http://www.w3.org/1999/xhtml" xml:lang="en" lang="en">
 <head>
  <title>
</title>
<meta http-equiv="Content-Type" content="text/html;charset=utf-8" />
  <meta name='ocr-system' content='tesseract 3.04.00' />
  <meta name='ocr-capabilities' content='ocr_page ocr_carea ocr_par ocr_line ocrx_word'/>
</head>
<body>
  <div class='ocr_page' id='page_1' title='image "./corpusjuriscivil01krueuoft_0537.png"; bbox 0 0 2528 3918; ppageno 0'>
   <div class='ocr_carea' id='block_1_1' title="bbox 141 101 583 133">
    <p class='ocr_par' dir='ltr' id='par_1_1' title="bbox 141 101 583 133">
     <span class='ocr_line' id='line_1_1' title="bbox 141 101 583 133; baseline -0.002 -1"><span class='ocrx_word' id='word_1_1' title='bbox 141 102 196 132; x_wconf 85' lang='lat' dir='ltr'><strong>ET</strong></span> <span class='ocrx_word' id='word_1_2' title='bbox 224 101 583 133; x_wconf 76' lang='lat' dir='ltr'>FIDEICOMMISSIS</span> 
     </span>
    </p>
   </div>
   <div class='ocr_carea' id='block_1_2' title="bbox 134 211 1232 3554">
    <p class='ocr_par' dir='ltr' id='par_1_2' title="bbox 134 211 1232 1885">
     <span class='ocr_line' id='line_1_2' title="bbox 142 211 1231 259; baseline -0.004 -10"><span class='ocrx_word' id='word_1_3' title='bbox 142 213 424 259; x_wconf 89' lang='lat' dir='ltr'><strong>quattuordecim</strong></span> <span class='ocrx_word' id='word_1_4' title='bbox 456 222 649 253; x_wconf 91' lang='lat' dir='ltr'><strong>annorum,</strong></span> <span class='ocrx_word' id='word_1_5' title='bbox 694 222 774 246; x_wconf 91' lang='lat' dir='ltr'><strong>cum</strong></span> <span class='ocrx_word' id='word_1_6' title='bbox 805 212 875 246; x_wconf 89' lang='lat' dir='ltr'><strong>iam</strong></span> <span class='ocrx_word' id='word_1_7' title='bbox 907 214 1136 254; x_wconf 77' lang='lat' dir='ltr'>excessisset,</span> <span class='ocrx_word' id='word_1_8' title='bbox 1179 211 1231 246; x_wconf 91' lang='lat' dir='ltr'><strong>sic</strong></span> 
     </span>
     <span class='ocr_line' id='line_1_3' title="bbox 140 255 1230 303; baseline -0.004 -9"><span class='ocrx_word' id='word_1_9' title='bbox 140 258 284 303; x_wconf 81' lang='lat' dir='ltr'><strong>legavit:</strong></span> <span class='ocrx_word' id='word_1_10' title='bbox 320 257 350 292; x_wconf 93' lang='lat' dir='ltr'><strong>si</strong></span> <span class='ocrx_word' id='word_1_11' title='bbox 381 266 463 292; x_wconf 91' lang='lat' dir='ltr'><strong>vero</strong></span> <span class='ocrx_word' id='word_1_12' title='bbox 495 256 583 299; x_wconf 88' lang='lat' dir='ltr'><strong>scit,</strong></span> <span class='ocrx_word' id='word_1_13' title='bbox 618 255 808 291; x_wconf 78' lang='lat' dir='ltr'>triennium</span> <span class='ocrx_word' id='word_1_14' title='bbox 844 256 890 291; x_wconf 89' lang='lat' dir='ltr'><strong>ad</strong></span> <span class='ocrx_word' id='word_1_15' title='bbox 922 257 1031 302; x_wconf 88' lang='lat' dir='ltr'><strong>legati</strong></span> <span class='ocrx_word' id='word_1_16' title='bbox 1069 259 1230 302; x_wconf 90' lang='lat' dir='ltr'><strong>praesta-</strong></span> 
     </span>
     <span class='ocr_line' id='line_1_4' title="bbox 140 301 1230 339; baseline -0.003 -1"><span class='ocrx_word' id='word_1_17' title='bbox 140 304 272 339; x_wconf 81' lang='lat' dir='ltr'><strong>tionem</strong></span> <span class='ocrx_word' id='word_1_18' title='bbox 330 312 373 337; x_wconf 86' lang='lat' dir='ltr'><strong>ex</strong></span> <span class='ocrx_word' id='word_1_19' title='bbox 427 302 484 337; x_wconf 90' lang='lat' dir='ltr'><strong>die</strong></span> <span class='ocrx_word' id='word_1_20' title='bbox 536 301 740 336; x_wconf 81' lang='lat' dir='ltr'><strong>testamenti</strong></span> <span class='ocrx_word' id='word_1_21' title='bbox 787 301 874 337; x_wconf 88' lang='lat' dir='ltr'><strong>facti</strong></span> <span class='ocrx_word' id='word_1_22' title='bbox 929 303 1194 338; x_wconf 85' lang='lat' dir='ltr'>numerabimus</span> <span class='ocrx_word' id='word_1_23' title='bbox 1208 302 1230 335; x_wconf 91' lang='lat'><strong>¹.</strong></span> 
     </span>
     <span class='ocr_line' id='line_1_5' title="bbox 141 346 1230 391; baseline -0.003 -7"><span class='ocrx_word' id='word_1_24' title='bbox 141 353 160 384; x_wconf 88' lang='grc'>2</span> <span class='ocrx_word' id='word_1_25' title='bbox 209 349 287 383; x_wconf 92' lang='lat' dir='ltr'><strong>Hoc</strong></span> <span class='ocrx_word' id='word_1_26' title='bbox 312 352 430 382; x_wconf 90' lang='lat' dir='ltr'><strong>autem</strong></span> <span class='ocrx_word' id='word_1_27' title='bbox 446 347 602 391; x_wconf 86' lang='lat' dir='ltr'><strong>legatum</strong></span> <span class='ocrx_word' id='word_1_28' title='bbox 621 350 657 382; x_wconf 92' lang='lat' dir='ltr'><strong>et</strong></span> <span class='ocrx_word' id='word_1_29' title='bbox 674 346 920 382; x_wconf 84' lang='lat' dir='ltr'><strong>condicionale</strong></span> <span class='ocrx_word' id='word_1_30' title='bbox 939 352 995 382; x_wconf 89' lang='lat' dir='ltr'><strong>est</strong></span> <span class='ocrx_word' id='word_1_31' title='bbox 1015 352 1051 383; x_wconf 93' lang='lat' dir='ltr'><strong>et</strong></span> <span class='ocrx_word' id='word_1_32' title='bbox 1074 348 1110 382; x_wconf 91' lang='lat' dir='ltr'><strong>in</strong></span> <span class='ocrx_word' id='word_1_33' title='bbox 1127 347 1230 388; x_wconf 91' lang='lat' dir='ltr'><strong>diem,</strong></span> 
     </span>
     <span class='ocr_line' id='line_1_6' title="bbox 141 391 1230 436; baseline -0.003 -7"><span class='ocrx_word' id='word_1_34' title='bbox 141 393 386 430; x_wconf 90' lang='lat' dir='ltr'><strong>condicionale</strong></span> <span class='ocrx_word' id='word_1_35' title='bbox 409 392 557 434; x_wconf 91' lang='lat' dir='ltr'><strong>tamdiu,</strong></span> <span class='ocrx_word' id='word_1_36' title='bbox 583 391 752 436; x_wconf 88' lang='lat' dir='ltr'><strong>quamdiu</strong></span> <span class='ocrx_word' id='word_1_37' title='bbox 769 397 917 436; x_wconf 88' lang='lat' dir='ltr'><strong>quartus</strong></span> <span class='ocrx_word' id='word_1_38' title='bbox 936 393 1094 428; x_wconf 90' lang='lat' dir='ltr'><strong>decimus</strong></span> <span class='ocrx_word' id='word_1_39' title='bbox 1115 402 1230 427; x_wconf 90' lang='lat' dir='ltr'><strong>annus</strong></span> 
     </span>
     <span class='ocr_line' id='line_1_7' title="bbox 140 437 1231 483; baseline -0.001 -9"><span class='ocrx_word' id='word_1_40' title='bbox 140 443 158 474; x_wconf 90' lang='lat'><strong>3</strong></span> <span class='ocrx_word' id='word_1_41' title='bbox 208 439 254 474; x_wconf 88' lang='lat' dir='ltr'><strong>sit</strong></span> <span class='ocrx_word' id='word_1_42' title='bbox 278 438 484 482; x_wconf 90' lang='lat' dir='ltr'><strong>completus,</strong></span> <span class='ocrx_word' id='word_1_43' title='bbox 510 441 637 482; x_wconf 89' lang='lat' dir='ltr'><strong>postea</strong></span> <span class='ocrx_word' id='word_1_44' title='bbox 656 437 691 471; x_wconf 91' lang='lat' dir='ltr'><strong>in</strong></span> <span class='ocrx_word' id='word_1_45' title='bbox 717 437 820 471; x_wconf 91' lang='lat' dir='ltr'><strong>diem.</strong></span> <span class='ocrx_word' id='word_1_46' title='bbox 868 437 918 471; x_wconf 88' lang='lat' dir='ltr'><strong>Et</strong></span> <span class='ocrx_word' id='word_1_47' title='bbox 940 438 1019 473; x_wconf 91' lang='lat' dir='ltr'><strong>ideo</strong></span> <span class='ocrx_word' id='word_1_48' title='bbox 1037 439 1066 473; x_wconf 87' lang='lat' dir='ltr'><strong>si</strong></span> <span class='ocrx_word' id='word_1_49' title='bbox 1091 437 1231 483; x_wconf 90' lang='lat' dir='ltr'><strong>quidem</strong></span> 
     </span>
     <span class='ocr_line' id='line_1_8' title="bbox 139 482 1231 528; baseline -0.002 -9"><span class='ocrx_word' id='word_1_50' title='bbox 139 488 223 519; x_wconf 90' lang='lat' dir='ltr'><strong>ante</strong></span> <span class='ocrx_word' id='word_1_51' title='bbox 246 487 411 528; x_wconf 89' lang='lat' dir='ltr'><strong>quartum</strong></span> <span class='ocrx_word' id='word_1_52' title='bbox 429 482 604 518; x_wconf 89' lang='lat' dir='ltr'><strong>decimum</strong></span> <span class='ocrx_word' id='word_1_53' title='bbox 623 492 756 517; x_wconf 91' lang='lat' dir='ltr'><strong>annum</strong></span> <span class='ocrx_word' id='word_1_54' title='bbox 773 482 977 525; x_wconf 76' lang='lat' dir='ltr'><strong>decesserit,</strong></span> <span class='ocrx_word' id='word_1_55' title='bbox 1003 484 1048 518; x_wconf 89' lang='lat' dir='ltr'><strong>ad</strong></span> <span class='ocrx_word' id='word_1_56' title='bbox 1065 482 1231 518; x_wconf 87' lang='lat' dir='ltr'><strong>heredem</strong></span> 
     </span>
     <span class='ocr_line' id='line_1_9' title="bbox 138 527 1231 573; baseline -0.002 -9"><span class='ocrx_word' id='word_1_57' title='bbox 138 529 225 564; x_wconf 87' lang='lat' dir='ltr'>nihil</span> <span class='ocrx_word' id='word_1_58' title='bbox 238 529 385 563; x_wconf 81' lang='lat' dir='ltr'><strong>transit:</strong></span> <span class='ocrx_word' id='word_1_59' title='bbox 404 532 500 563; x_wconf 91' lang='lat' dir='ltr'><strong>certe</strong></span> <span class='ocrx_word' id='word_1_60' title='bbox 519 531 645 572; x_wconf 89' lang='lat' dir='ltr'><strong>postea</strong></span> <span class='ocrx_word' id='word_1_61' title='bbox 662 527 707 562; x_wconf 92' lang='lat' dir='ltr'><strong>ad</strong></span> <span class='ocrx_word' id='word_1_62' title='bbox 728 527 894 562; x_wconf 86' lang='lat' dir='ltr'><strong>heredem</strong></span> <span class='ocrx_word' id='word_1_63' title='bbox 912 529 1094 564; x_wconf 82' lang='lat' dir='ltr'><strong>transfert.</strong></span> <span class='ocrx_word' id='word_1_64' title='bbox 1135 527 1231 573; x_wconf 88' lang='lat' dir='ltr'><strong>quod</strong></span> 
     </span>
     <span class='ocr_line' id='line_1_10' title="bbox 142 573 1230 617; baseline 0 -8"><span class='ocrx_word' id='word_1_65' title='bbox 142 575 172 610; x_wconf 92' lang='lat' dir='ltr'><strong>si</strong></span> <span class='ocrx_word' id='word_1_66' title='bbox 196 574 400 608; x_wconf 84' lang='lat' dir='ltr'><strong>testamenti</strong></span> <span class='ocrx_word' id='word_1_67' title='bbox 423 573 511 608; x_wconf 88' lang='lat' dir='ltr'><strong>facti</strong></span> <span class='ocrx_word' id='word_1_68' title='bbox 534 576 695 617; x_wconf 90' lang='lat' dir='ltr'><strong>tempore</strong></span> <span class='ocrx_word' id='word_1_69' title='bbox 718 573 832 607; x_wconf 90' lang='lat' dir='ltr'><strong>minor</strong></span> <span class='ocrx_word' id='word_1_70' title='bbox 856 574 1142 617; x_wconf 86' lang='lat' dir='ltr'><strong>quattuordecim</strong></span> <span class='ocrx_word' id='word_1_71' title='bbox 1166 583 1230 608; x_wconf 90' lang='lat' dir='ltr'><strong>an-</strong></span> 
     </span>
     <span class='ocr_line' id='line_1_11' title="bbox 138 618 1232 662; baseline -0.001 -7"><span class='ocrx_word' id='word_1_72' title='bbox 138 620 194 655; x_wconf 87' lang='lat' dir='ltr'><strong>nis</strong></span> <span class='ocrx_word' id='word_1_73' title='bbox 217 618 311 654; x_wconf 87' lang='lat' dir='ltr'><strong>filius</strong></span> <span class='ocrx_word' id='word_1_74' title='bbox 334 618 554 660; x_wconf 83' lang='lat' dir='ltr'><strong>inveniatur,</strong></span> <span class='ocrx_word' id='word_1_75' title='bbox 587 621 674 662; x_wconf 88' lang='lat' dir='ltr'><strong>puto</strong></span> <span class='ocrx_word' id='word_1_76' title='bbox 699 622 839 661; x_wconf 89' lang='lat' dir='ltr'><strong>tempus</strong></span> <span class='ocrx_word' id='word_1_77' title='bbox 864 628 984 653; x_wconf 90' lang='lat' dir='ltr'><strong>annua</strong></span> <span class='ocrx_word' id='word_1_78' title='bbox 1008 619 1103 654; x_wconf 91' lang='lat' dir='ltr'><strong>bima</strong></span> <span class='ocrx_word' id='word_1_79' title='bbox 1126 618 1232 654; x_wconf 85' lang='lat' dir='ltr'><strong>trima</strong></span> 
     </span>
     <span class='ocr_line' id='line_1_12' title="bbox 138 662 1231 716; baseline -0.001 -17"><span class='ocrx_word' id='word_1_80' title='bbox 138 665 195 700; x_wconf 86' lang='lat' dir='ltr'><strong>die</strong></span> <span class='ocrx_word' id='word_1_81' title='bbox 213 663 467 716; x_wconf 80' lang='lat' dir='ltr'><strong>praestationis</strong></span> <span class='ocrx_word' id='word_1_82' title='bbox 493 673 536 698; x_wconf 86' lang='lat' dir='ltr'><strong>ex</strong></span> <span class='ocrx_word' id='word_1_83' title='bbox 560 662 615 697; x_wconf 90' lang='lat' dir='ltr'><strong>die</strong></span> <span class='ocrx_word' id='word_1_84' title='bbox 640 663 805 707; x_wconf 90' lang='lat' dir='ltr'><strong>completi</strong></span> <span class='ocrx_word' id='word_1_85' title='bbox 841 665 959 707; x_wconf 83' lang='lat' dir='ltr'><strong>quarti</strong></span> <span class='ocrx_word' id='word_1_86' title='bbox 996 664 1123 700; x_wconf 86' lang='lat' dir='ltr'><strong>decimi</strong></span> <span class='ocrx_word' id='word_1_87' title='bbox 1146 663 1231 699; x_wconf 87' lang='lat' dir='ltr'><strong>anni</strong></span> 
     </span>
     <span class='ocr_line' id='line_1_13' title="bbox 137 708 1230 753; baseline -0.001 -8"><span class='ocrx_word' id='word_1_88' title='bbox 137 713 259 745; x_wconf 78' lang='lat' dir='ltr'><strong>statlm</strong></span> <span class='ocrx_word' id='word_1_89' title='bbox 284 709 420 751; x_wconf 87' lang='lat' dir='ltr'><strong>cedere,</strong></span> <span class='ocrx_word' id='word_1_90' title='bbox 446 708 513 743; x_wconf 88' lang='lat' dir='ltr'><strong>nisi</strong></span> <span class='ocrx_word' id='word_1_91' title='bbox 537 708 679 743; x_wconf 90' lang='lat' dir='ltr'><strong>evidens</strong></span> <span class='ocrx_word' id='word_1_92' title='bbox 704 708 774 742; x_wconf 89' lang='lat' dir='ltr'><strong>alia</strong></span> <span class='ocrx_word' id='word_1_93' title='bbox 797 718 896 743; x_wconf 84' lang='lat' dir='ltr'><strong>mens</strong></span> <span class='ocrx_word' id='word_1_94' title='bbox 920 709 1135 753; x_wconf 87' lang='lat' dir='ltr'><strong>probaretur</strong></span> <span class='ocrx_word' id='word_1_95' title='bbox 1157 713 1230 744; x_wconf 91' lang='lat' dir='ltr'><strong>tes-</strong></span> 
     </span>
     <span class='ocr_line' id='line_1_14' title="bbox 138 753 1231 800; baseline 0 -11"><span class='ocrx_word' id='word_1_96' title='bbox 138 758 159 789; x_wconf 87' lang='lat'>4</span> <span class='ocrx_word' id='word_1_97' title='bbox 206 754 332 789; x_wconf 87' lang='lat' dir='ltr'><strong>tatoris</strong></span> <span class='ocrx_word' id='word_1_98' title='bbox 364 753 463 789; x_wconf 90' lang='lat' dir='ltr'><strong>aliud</strong></span> <span class='ocrx_word' id='word_1_99' title='bbox 495 753 680 788; x_wconf 88' lang='lat' dir='ltr'><strong>sentientis</strong></span> <span class='ocrx_word' id='word_1_100' title='bbox 694 754 716 787; x_wconf 95' lang='lat'><strong>¹.</strong></span> <span class='ocrx_word' id='word_1_101' title='bbox 784 753 821 788; x_wconf 90' lang='lat' dir='ltr'><strong>Si</strong></span> <span class='ocrx_word' id='word_1_102' title='bbox 855 753 948 789; x_wconf 88' lang='lat' dir='ltr'><strong>Titio</strong></span> <span class='ocrx_word' id='word_1_103' title='bbox 985 754 1107 790; x_wconf 88' lang='lat' dir='ltr'><strong>decem</strong></span> <span class='ocrx_word' id='word_1_104' title='bbox 1139 764 1231 800; x_wconf 89' lang='lat' dir='ltr'><strong>quae</strong></span> 
     </span>
     <span class='ocr_line' id='line_1_15' title="bbox 138 798 1229 845; baseline 0.001 -11"><span class='ocrx_word' id='word_1_105' title='bbox 138 810 202 845; x_wconf 87' lang='lat' dir='ltr'><strong>ego</strong></span> <span class='ocrx_word' id='word_1_106' title='bbox 227 799 339 834; x_wconf 89' lang='lat' dir='ltr'><strong>debeo</strong></span> <span class='ocrx_word' id='word_1_107' title='bbox 364 800 525 844; x_wconf 86' lang='lat' dir='ltr'><strong>legavero</strong></span> <span class='ocrx_word' id='word_1_108' title='bbox 552 802 587 833; x_wconf 93' lang='lat' dir='ltr'><strong>et</strong></span> <span class='ocrx_word' id='word_1_109' title='bbox 601 808 772 842; x_wconf 87' lang='lat' dir='ltr'><strong>rogavero</strong></span> <span class='ocrx_word' id='word_1_110' title='bbox 792 798 918 833; x_wconf 89' lang='lat' dir='ltr'><strong>eadem</strong></span> <span class='ocrx_word' id='word_1_111' title='bbox 936 800 1102 835; x_wconf 87' lang='lat' dir='ltr'><strong>creditori</strong></span> <span class='ocrx_word' id='word_1_112' title='bbox 1125 810 1229 845; x_wconf 88' lang='lat' dir='ltr'><strong>prae-</strong></span> 
     </span>
     <span class='ocr_line' id='line_1_16' title="bbox 139 843 1231 891; baseline 0 -11"><span class='ocrx_word' id='word_1_113' title='bbox 139 848 246 887; x_wconf 85' lang='lat' dir='ltr'><strong>stare,</strong></span> <span class='ocrx_word' id='word_1_114' title='bbox 278 843 590 879; x_wconf 87' lang='lat' dir='ltr'><strong>fideicommissum</strong></span> <span class='ocrx_word' id='word_1_115' title='bbox 613 843 756 888; x_wconf 89' lang='lat' dir='ltr'><strong>quidem</strong></span> <span class='ocrx_word' id='word_1_116' title='bbox 787 843 823 878; x_wconf 92' lang='lat' dir='ltr'><strong>in</strong></span> <span class='ocrx_word' id='word_1_117' title='bbox 858 844 1042 880; x_wconf 90' lang='lat' dir='ltr'><strong>creditoris</strong></span> <span class='ocrx_word' id='word_1_118' title='bbox 1075 855 1231 891; x_wconf 89' lang='lat' dir='ltr'><strong>persona</strong></span> 
     </span>
     <span class='ocr_line' id='line_1_17' title="bbox 138 888 1231 936; baseline -0.002 -10"><span class='ocrx_word' id='word_1_119' title='bbox 138 901 212 926; x_wconf 91' lang='lat' dir='ltr'><strong>non</strong></span> <span class='ocrx_word' id='word_1_120' title='bbox 235 890 339 932; x_wconf 80' lang='lat' dir='ltr'><strong>valet,</strong></span> <span class='ocrx_word' id='word_1_121' title='bbox 364 889 448 934; x_wconf 87' lang='lat' dir='ltr'><strong>quia</strong></span> <span class='ocrx_word' id='word_1_122' title='bbox 471 889 558 923; x_wconf 88' lang='lat' dir='ltr'><strong>nihil</strong></span> <span class='ocrx_word' id='word_1_123' title='bbox 582 888 657 924; x_wconf 90' lang='lat' dir='ltr'><strong>eius</strong></span> <span class='ocrx_word' id='word_1_124' title='bbox 680 889 841 931; x_wconf 90' lang='lat' dir='ltr'><strong>interest,</strong></span> <span class='ocrx_word' id='word_1_125' title='bbox 876 889 979 925; x_wconf 89' lang='lat' dir='ltr'><strong>heres</strong></span> <span class='ocrx_word' id='word_1_126' title='bbox 1002 900 1086 926; x_wconf 88' lang='lat' dir='ltr'><strong>vero</strong></span> <span class='ocrx_word' id='word_1_127' title='bbox 1111 893 1231 936; x_wconf 88' lang='lat' dir='ltr'><strong>potest</strong></span> 
     </span>
     <span class='ocr_line' id='line_1_18' title="bbox 139 934 1231 980; baseline -0.001 -9"><span class='ocrx_word' id='word_1_128' title='bbox 139 946 220 971; x_wconf 91' lang='lat' dir='ltr'><strong>cum</strong></span> <span class='ocrx_word' id='word_1_129' title='bbox 251 935 425 980; x_wconf 88' lang='lat' dir='ltr'><strong>legatario</strong></span> <span class='ocrx_word' id='word_1_130' title='bbox 458 943 580 978; x_wconf 88' lang='lat' dir='ltr'><strong>agere,</strong></span> <span class='ocrx_word' id='word_1_131' title='bbox 617 934 701 979; x_wconf 90' lang='lat' dir='ltr'><strong>quia</strong></span> <span class='ocrx_word' id='word_1_132' title='bbox 734 934 847 978; x_wconf 90' lang='lat' dir='ltr'><strong>ipsius</strong></span> <span class='ocrx_word' id='word_1_133' title='bbox 881 935 1029 970; x_wconf 88' lang='lat' dir='ltr'><strong>interest</strong></span> <span class='ocrx_word' id='word_1_134' title='bbox 1062 935 1231 971; x_wconf 88' lang='lat' dir='ltr'><strong>creditori</strong></span> 
     </span>
     <span class='ocr_line' id='line_1_19' title="bbox 137 978 1231 1024; baseline -0.002 -7"><span class='ocrx_word' id='word_1_135' title='bbox 137 981 245 1023; x_wconf 86' lang='lat' dir='ltr'><strong>solvi,</strong></span> <span class='ocrx_word' id='word_1_136' title='bbox 276 990 321 1015; x_wconf 88' lang='lat' dir='ltr'><strong>ne</strong></span> <span class='ocrx_word' id='word_1_137' title='bbox 354 990 434 1015; x_wconf 90' lang='lat' dir='ltr'><strong>eum</strong></span> <span class='ocrx_word' id='word_1_138' title='bbox 467 978 671 1015; x_wconf 86' lang='lat' dir='ltr'><strong>conveniat:</strong></span> <span class='ocrx_word' id='word_1_139' title='bbox 705 988 788 1024; x_wconf 89' lang='lat' dir='ltr'><strong>ergo</strong></span> <span class='ocrx_word' id='word_1_140' title='bbox 820 985 969 1024; x_wconf 89' lang='lat' dir='ltr'><strong>propter</strong></span> <span class='ocrx_word' id='word_1_141' title='bbox 999 981 1069 1017; x_wconf 92' lang='grc'>1100</span> <span class='ocrx_word' id='word_1_142' title='bbox 1099 981 1231 1016; x_wconf 84' lang='lat' dir='ltr'><strong>valebit</strong></span> 
     </span>
     <span class='ocr_line' id='line_1_20' title="bbox 138 1024 1229 1071; baseline 0.001 -10"><span class='ocrx_word' id='word_1_143' title='bbox 138 1029 157 1060; x_wconf 89' lang='lat'>5</span> <span class='ocrx_word' id='word_1_144' title='bbox 205 1026 362 1071; x_wconf 85' lang='lat' dir='ltr'><strong>legatum</strong></span> <span class='ocrx_word' id='word_1_145' title='bbox 372 1026 396 1058; x_wconf 78' lang='lat'><strong>2.</strong></span> <span class='ocrx_word' id='word_1_146' title='bbox 445 1024 516 1060; x_wconf 89' lang='lat' dir='ltr'><strong>Sed</strong></span> <span class='ocrx_word' id='word_1_147' title='bbox 539 1024 570 1060; x_wconf 90' lang='lat' dir='ltr'><strong>si</strong></span> <span class='ocrx_word' id='word_1_148' title='bbox 592 1028 746 1060; x_wconf 90' lang='lat' dir='ltr'><strong>testator</strong></span> <span class='ocrx_word' id='word_1_149' title='bbox 777 1024 898 1060; x_wconf 88' lang='lat' dir='ltr'><strong>decem</strong></span> <span class='ocrx_word' id='word_1_150' title='bbox 931 1026 1017 1061; x_wconf 92' lang='lat' dir='ltr'><strong>mihi</strong></span> <span class='ocrx_word' id='word_1_151' title='bbox 1040 1026 1107 1062; x_wconf 90' lang='lat' dir='ltr'><strong>sub</strong></span> <span class='ocrx_word' id='word_1_152' title='bbox 1142 1025 1229 1061; x_wconf 84' lang='lat' dir='ltr'><strong>fide-</strong></span> 
     </span>
     <span class='ocr_line' id='line_1_21' title="bbox 135 1069 1230 1114; baseline 0 -7"><span class='ocrx_word' id='word_1_153' title='bbox 135 1071 275 1107; x_wconf 87' lang='lat' dir='ltr'><strong>iussore</strong></span> <span class='ocrx_word' id='word_1_154' title='bbox 299 1070 431 1111; x_wconf 85' lang='lat' dir='ltr'><strong>debuit,</strong></span> <span class='ocrx_word' id='word_1_155' title='bbox 456 1069 720 1105; x_wconf 91' lang='lat' dir='ltr'><strong>fideicommissi</strong></span> <span class='ocrx_word' id='word_1_156' title='bbox 735 1070 858 1114; x_wconf 90' lang='lat' dir='ltr'><strong>petitio</strong></span> <span class='ocrx_word' id='word_1_157' title='bbox 879 1081 951 1105; x_wconf 90' lang='lat' dir='ltr'><strong>non</strong></span> <span class='ocrx_word' id='word_1_158' title='bbox 964 1071 1080 1107; x_wconf 93' lang='lat' dir='ltr'><strong>solum</strong></span> <span class='ocrx_word' id='word_1_159' title='bbox 1095 1071 1230 1114; x_wconf 89' lang='lat' dir='ltr'><strong>heredi,</strong></span> 
     </span>
     <span class='ocr_line' id='line_1_22' title="bbox 138 1115 1231 1160; baseline 0 -8"><span class='ocrx_word' id='word_1_160' title='bbox 138 1116 202 1153; x_wconf 84' lang='lat' dir='ltr'><strong>sed</strong></span> <span class='ocrx_word' id='word_1_161' title='bbox 226 1120 262 1151; x_wconf 91' lang='lat' dir='ltr'><strong>et</strong></span> <span class='ocrx_word' id='word_1_162' title='bbox 284 1115 484 1151; x_wconf 89' lang='lat' dir='ltr'><strong>fideiussori</strong></span> <span class='ocrx_word' id='word_1_163' title='bbox 509 1115 696 1160; x_wconf 88' lang='lat' dir='ltr'><strong>competit:</strong></span> <span class='ocrx_word' id='word_1_164' title='bbox 729 1116 878 1150; x_wconf 91' lang='lat' dir='ltr'><strong>interest</strong></span> <span class='ocrx_word' id='word_1_165' title='bbox 912 1117 1004 1151; x_wconf 89' lang='lat' dir='ltr'><strong>enim</strong></span> <span class='ocrx_word' id='word_1_166' title='bbox 1043 1117 1118 1152; x_wconf 90' lang='lat' dir='ltr'><strong>eius</strong></span> <span class='ocrx_word' id='word_1_167' title='bbox 1142 1117 1231 1152; x_wconf 88' lang='lat' dir='ltr'><strong>solvi</strong></span> 
     </span>
     <span class='ocr_line' id='line_1_23' title="bbox 137 1160 1229 1206; baseline 0 -9"><span class='ocrx_word' id='word_1_168' title='bbox 137 1162 234 1204; x_wconf 87' lang='lat' dir='ltr'><strong>mihi,</strong></span> <span class='ocrx_word' id='word_1_169' title='bbox 283 1171 366 1196; x_wconf 88' lang='lat' dir='ltr'><strong>uam</strong></span> <span class='ocrx_word' id='word_1_170' title='bbox 388 1161 506 1206; x_wconf 90' lang='lat' dir='ltr'><strong>ipsum</strong></span> <span class='ocrx_word' id='word_1_171' title='bbox 539 1165 751 1195; x_wconf 88' lang='lat' dir='ltr'><strong>conventum</strong></span> <span class='ocrx_word' id='word_1_172' title='bbox 781 1160 942 1196; x_wconf 90' lang='lat' dir='ltr'><strong>mandati</strong></span> <span class='ocrx_word' id='word_1_173' title='bbox 974 1163 1153 1198; x_wconf 86' lang='lat' dir='ltr'><strong>actionem</strong></span> <span class='ocrx_word' id='word_1_174' title='bbox 1175 1162 1229 1197; x_wconf 92' lang='lat' dir='ltr'><strong>in-</strong></span> 
     </span>
     <span class='ocr_line' id='line_1_24' title="bbox 139 1206 1229 1248; baseline 0 -5"><span class='ocrx_word' id='word_1_175' title='bbox 139 1211 159 1243; x_wconf 84' lang='lat'>6</span> <span class='ocrx_word' id='word_1_176' title='bbox 205 1210 267 1242; x_wconf 90' lang='lat' dir='ltr'><strong>ten</strong></span> <span class='ocrx_word' id='word_1_177' title='bbox 294 1215 370 1241; x_wconf 85' lang='lat' dir='ltr'><strong>ere:</strong></span> <span class='ocrx_word' id='word_1_178' title='bbox 397 1216 463 1242; x_wconf 90' lang='lat' dir='ltr'><strong>nec</strong></span> <span class='ocrx_word' id='word_1_179' title='bbox 486 1206 645 1248; x_wconf 89' lang='lat' dir='ltr'><strong>interest,</strong></span> <span class='ocrx_word' id='word_1_180' title='bbox 670 1206 839 1241; x_wconf 89' lang='lat' dir='ltr'><strong>solvendo</strong></span> <span class='ocrx_word' id='word_1_181' title='bbox 865 1207 912 1241; x_wconf 90' lang='lat' dir='ltr'><strong>sit</strong></span> <span class='ocrx_word' id='word_1_182' title='bbox 934 1218 1002 1242; x_wconf 90' lang='lat' dir='ltr'><strong>nec</strong></span> <span class='ocrx_word' id='word_1_183' title='bbox 1018 1218 1073 1243; x_wconf 88' lang='lat' dir='ltr'><strong>ne.</strong></span> <span class='ocrx_word' id='word_1_184' title='bbox 1121 1207 1229 1242; x_wconf 87' lang='lat' dir='ltr'><strong>Iulia-</strong></span> 
     </span>
     <span class='ocr_line' id='line_1_25' title="bbox 137 1251 1229 1296; baseline -0.001 -8"><span class='ocrx_word' id='word_1_185' title='bbox 137 1263 206 1288; x_wconf 87' lang='lat' dir='ltr'><strong>nus</strong></span> <span class='ocrx_word' id='word_1_186' title='bbox 229 1252 319 1287; x_wconf 91' lang='lat' dir='ltr'><strong>libro</strong></span> <span class='ocrx_word' id='word_1_187' title='bbox 344 1251 523 1296; x_wconf 85' lang='lat' dir='ltr'><strong>trigesimo</strong></span> <span class='ocrx_word' id='word_1_188' title='bbox 548 1261 643 1286; x_wconf 89' lang='lat' dir='ltr'><strong>nono</strong></span> <span class='ocrx_word' id='word_1_189' title='bbox 668 1251 886 1296; x_wconf 87' lang='lat' dir='ltr'><strong>digestorum</strong></span> <span class='ocrx_word' id='word_1_190' title='bbox 921 1252 1056 1295; x_wconf 87' lang='lat' dir='ltr'><strong>scribit,</strong></span> <span class='ocrx_word' id='word_1_191' title='bbox 1088 1253 1118 1288; x_wconf 90' lang='lat' dir='ltr'><strong>si</strong></span> <span class='ocrx_word' id='word_1_192' title='bbox 1141 1252 1229 1287; x_wconf 91' lang='lat' dir='ltr'><strong>fide-</strong></span> 
     </span>
     <span class='ocr_line' id='line_1_26' title="bbox 136 1296 1230 1343; baseline 0 -10"><span class='ocrx_word' id='word_1_193' title='bbox 136 1298 258 1333; x_wconf 89' lang='lat' dir='ltr'><strong>iussor</strong></span> <span class='ocrx_word' id='word_1_194' title='bbox 282 1296 449 1332; x_wconf 84' lang='lat' dir='ltr'><strong>creditori</strong></span> <span class='ocrx_word' id='word_1_195' title='bbox 472 1296 485 1331; x_wconf 96' lang='lat' dir='ltr'><strong>l</strong></span> <span class='ocrx_word' id='word_1_196' title='bbox 530 1300 626 1331; x_wconf 86' lang='lat' dir='ltr'><strong>asset</strong></span> <span class='ocrx_word' id='word_1_197' title='bbox 649 1296 747 1341; x_wconf 90' lang='lat' dir='ltr'><strong>quod</strong></span> <span class='ocrx_word' id='word_1_198' title='bbox 766 1296 798 1331; x_wconf 92' lang='lat' dir='ltr'><strong>ei</strong></span> <span class='ocrx_word' id='word_1_199' title='bbox 822 1297 978 1340; x_wconf 89' lang='lat' dir='ltr'><strong>deberet,</strong></span> <span class='ocrx_word' id='word_1_200' title='bbox 1003 1308 1050 1333; x_wconf 90' lang='lat' dir='ltr'><strong>an</strong></span> <span class='ocrx_word' id='word_1_201' title='bbox 1073 1298 1230 1343; x_wconf 87' lang='lat' dir='ltr'><strong>legatum</strong></span> 
     </span>
     <span class='ocr_line' id='line_1_27' title="bbox 136 1341 1231 1386; baseline 0.001 -8"><span class='ocrx_word' id='word_1_202' title='bbox 136 1343 282 1378; x_wconf 86' lang='lat' dir='ltr'><strong>valeret.</strong></span> <span class='ocrx_word' id='word_1_203' title='bbox 322 1345 357 1376; x_wconf 90' lang='lat' dir='ltr'><strong>et</strong></span> <span class='ocrx_word' id='word_1_204' title='bbox 372 1342 424 1376; x_wconf 89' lang='lat' dir='ltr'><strong>ait</strong></span> <span class='ocrx_word' id='word_1_205' title='bbox 441 1351 500 1377; x_wconf 90' lang='lat' dir='ltr'><strong>cre</strong></span> <span class='ocrx_word' id='word_1_206' title='bbox 528 1341 626 1377; x_wconf 86' lang='lat' dir='ltr'><strong>&#39;toris</strong></span> <span class='ocrx_word' id='word_1_207' title='bbox 645 1341 787 1386; x_wconf 91' lang='lat' dir='ltr'><strong>quidem</strong></span> <span class='ocrx_word' id='word_1_208' title='bbox 805 1342 891 1377; x_wconf 88' lang='lat' dir='ltr'><strong>nihil</strong></span> <span class='ocrx_word' id='word_1_209' title='bbox 908 1343 1090 1385; x_wconf 90' lang='lat' dir='ltr'><strong>interesse,</strong></span> <span class='ocrx_word' id='word_1_210' title='bbox 1108 1353 1231 1379; x_wconf 89' lang='lat' dir='ltr'><strong>verum</strong></span> 
     </span>
     <span class='ocr_line' id='line_1_28' title="bbox 137 1387 1231 1424; baseline 0.001 -1"><span class='ocrx_word' id='word_1_211' title='bbox 137 1388 333 1423; x_wconf 86' lang='lat' dir='ltr'><strong>debitorem</strong></span> <span class='ocrx_word' id='word_1_212' title='bbox 355 1387 490 1422; x_wconf 88' lang='lat' dir='ltr'><strong>habere</strong></span> <span class='ocrx_word' id='word_1_213' title='bbox 524 1397 568 1421; x_wconf 85' lang='lat' dir='ltr'><strong>ex</strong></span> <span class='ocrx_word' id='word_1_214' title='bbox 601 1390 816 1422; x_wconf 90' lang='lat' dir='ltr'><strong>testamento</strong></span> <span class='ocrx_word' id='word_1_215' title='bbox 850 1388 1045 1423; x_wconf 88' lang='lat' dir='ltr'><strong>actionem:</strong></span> <span class='ocrx_word' id='word_1_216' title='bbox 1082 1389 1231 1424; x_wconf 91' lang='lat' dir='ltr'><strong>interest</strong></span> 
     </span>
     <span class='ocr_line' id='line_1_29' title="bbox 137 1432 1230 1477; baseline 0 -8"><span class='ocrx_word' id='word_1_217' title='bbox 137 1433 231 1469; x_wconf 91' lang='lat' dir='ltr'><strong>enim</strong></span> <span class='ocrx_word' id='word_1_218' title='bbox 254 1432 367 1477; x_wconf 91' lang='lat' dir='ltr'><strong>ipsius</strong></span> <span class='ocrx_word' id='word_1_219' title='bbox 390 1432 552 1474; x_wconf 89' lang='lat' dir='ltr'><strong>liberari,</strong></span> <span class='ocrx_word' id='word_1_220' title='bbox 585 1432 647 1476; x_wconf 90' lang='lat' dir='ltr'><strong>qui</strong></span> <span class='ocrx_word' id='word_1_221' title='bbox 673 1442 718 1476; x_wconf 90' lang='lat' dir='ltr'><strong>pe</strong></span> <span class='ocrx_word' id='word_1_222' title='bbox 750 1433 929 1468; x_wconf 72' lang='lat' dir='ltr'><strong>conveniri</strong></span> <span class='ocrx_word' id='word_1_223' title='bbox 961 1443 983 1468; x_wconf 92' lang='grc'><strong>0</strong></span> <span class='ocrx_word' id='word_1_224' title='bbox 1006 1433 1230 1469; x_wconf 88' lang='lat' dir='ltr'><strong>fideiussoris</strong></span> 
     </span>
     <span class='ocr_line' id='line_1_30' title="bbox 138 1477 1229 1522; baseline 0.003 -10"><span class='ocrx_word' id='word_1_225' title='bbox 138 1481 155 1512; x_wconf 79' lang='grc' dir='ltr'><strong>ἵ</strong></span> <span class='ocrx_word' id='word_1_226' title='bbox 205 1477 336 1513; x_wconf 88' lang='lat' dir='ltr'><strong>herede</strong></span> <span class='ocrx_word' id='word_1_227' title='bbox 359 1487 433 1512; x_wconf 90' lang='lat' dir='ltr'><strong>non</strong></span> <span class='ocrx_word' id='word_1_228' title='bbox 455 1477 598 1522; x_wconf 89' lang='lat' dir='ltr'><strong>poterit.</strong></span> <span class='ocrx_word' id='word_1_229' title='bbox 678 1477 750 1512; x_wconf 91' lang='lat' dir='ltr'><strong>uod</strong></span> <span class='ocrx_word' id='word_1_230' title='bbox 768 1478 798 1512; x_wconf 90' lang='lat' dir='ltr'><strong>si</strong></span> <span class='ocrx_word' id='word_1_231' title='bbox 814 1477 907 1513; x_wconf 91' lang='lat' dir='ltr'><strong>idem</strong></span> <span class='ocrx_word' id='word_1_232' title='bbox 930 1478 1119 1515; x_wconf 91' lang='lat' dir='ltr'><strong>fideiussor</strong></span> <span class='ocrx_word' id='word_1_233' title='bbox 1135 1479 1229 1515; x_wconf 91' lang='lat' dir='ltr'><strong>Titio</strong></span> 
     </span>
     <span class='ocr_line' id='line_1_31' title="bbox 135 1521 1231 1568; baseline 0.002 -10"><span class='ocrx_word' id='word_1_234' title='bbox 135 1523 229 1568; x_wconf 84' lang='lat' dir='ltr'><strong>leget</strong></span> <span class='ocrx_word' id='word_1_235' title='bbox 252 1525 287 1558; x_wconf 92' lang='lat' dir='ltr'><strong>et</strong></span> <span class='ocrx_word' id='word_1_236' title='bbox 309 1522 393 1557; x_wconf 91' lang='lat' dir='ltr'><strong>fidei</strong></span> <span class='ocrx_word' id='word_1_237' title='bbox 416 1522 491 1557; x_wconf 90' lang='lat' dir='ltr'><strong>eius</strong></span> <span class='ocrx_word' id='word_1_238' title='bbox 517 1521 743 1564; x_wconf 84' lang='lat' dir='ltr'><strong>commiserit,</strong></span> <span class='ocrx_word' id='word_1_239' title='bbox 777 1526 818 1557; x_wconf 90' lang='lat' dir='ltr'><strong>ut</strong></span> <span class='ocrx_word' id='word_1_240' title='bbox 842 1523 1011 1559; x_wconf 88' lang='lat' dir='ltr'><strong>creditori</strong></span> <span class='ocrx_word' id='word_1_241' title='bbox 1035 1525 1162 1567; x_wconf 86' lang='lat' dir='ltr'><strong>solvat,</strong></span> <span class='ocrx_word' id='word_1_242' title='bbox 1195 1528 1231 1560; x_wconf 93' lang='lat' dir='ltr'><strong>et</strong></span> 
     </span>
     <span class='ocr_line' id='line_1_32' title="bbox 136 1567 1231 1612; baseline 0.002 -9"><span class='ocrx_word' id='word_1_243' title='bbox 136 1568 276 1604; x_wconf 90' lang='lat' dir='ltr'><strong>debitor</strong></span> <span class='ocrx_word' id='word_1_244' title='bbox 301 1571 336 1603; x_wconf 89' lang='lat' dir='ltr'><strong>et</strong></span> <span class='ocrx_word' id='word_1_245' title='bbox 358 1567 577 1603; x_wconf 90' lang='lat' dir='ltr'><strong>fideiussoris</strong></span> <span class='ocrx_word' id='word_1_246' title='bbox 593 1567 697 1602; x_wconf 90' lang='lat' dir='ltr'><strong>heres</strong></span> <span class='ocrx_word' id='word_1_247' title='bbox 718 1577 822 1612; x_wconf 90' lang='lat' dir='ltr'><strong>agere</strong></span> <span class='ocrx_word' id='word_1_248' title='bbox 840 1579 920 1603; x_wconf 89' lang='lat' dir='ltr'><strong>cum</strong></span> <span class='ocrx_word' id='word_1_249' title='bbox 938 1569 1033 1604; x_wconf 91' lang='lat' dir='ltr'><strong>Titio</strong></span> <span class='ocrx_word' id='word_1_250' title='bbox 1058 1579 1102 1605; x_wconf 87' lang='lat' dir='ltr'><strong>ex</strong></span> <span class='ocrx_word' id='word_1_251' title='bbox 1119 1580 1231 1605; x_wconf 85' lang='lat' dir='ltr'><strong>causa</strong></span> 
     </span>
     <span class='ocr_line' id='line_1_33' title="bbox 134 1613 1229 1660; baseline 0.001 -11"><span class='ocrx_word' id='word_1_252' title='bbox 134 1613 399 1649; x_wconf 86' lang='lat' dir='ltr'><strong>fideicommissi</strong></span> <span class='ocrx_word' id='word_1_253' title='bbox 421 1615 603 1657; x_wconf 88' lang='lat' dir='ltr'><strong>poterunt,</strong></span> <span class='ocrx_word' id='word_1_254' title='bbox 638 1613 722 1657; x_wconf 85' lang='lat' dir='ltr'><strong>quia</strong></span> <span class='ocrx_word' id='word_1_255' title='bbox 745 1613 931 1658; x_wconf 86' lang='lat' dir='ltr'><strong>utriusque</strong></span> <span class='ocrx_word' id='word_1_256' title='bbox 962 1614 1110 1650; x_wconf 88' lang='lat' dir='ltr'><strong>interest</strong></span> <span class='ocrx_word' id='word_1_257' title='bbox 1133 1615 1229 1660; x_wconf 88' lang='lat' dir='ltr'><strong>lega-</strong></span> 
     </span>
     <span class='ocr_line' id='line_1_34' title="bbox 137 1657 1230 1704; baseline 0.001 -10"><span class='ocrx_word' id='word_1_258' title='bbox 137 1662 156 1694; x_wconf 84' lang='grc'>8</span> <span class='ocrx_word' id='word_1_259' title='bbox 204 1658 336 1694; x_wconf 88' lang='lat' dir='ltr'><strong>tarium</strong></span> <span class='ocrx_word' id='word_1_260' title='bbox 367 1658 513 1693; x_wconf 88' lang='lat' dir='ltr'><strong>solvere.</strong></span> <span class='ocrx_word' id='word_1_261' title='bbox 569 1657 775 1693; x_wconf 88' lang='lat' dir='ltr'><strong>Meminisse</strong></span> <span class='ocrx_word' id='word_1_262' title='bbox 806 1662 925 1694; x_wconf 89' lang='lat' dir='ltr'><strong>autem</strong></span> <span class='ocrx_word' id='word_1_263' title='bbox 961 1664 1104 1704; x_wconf 91' lang='lat' dir='ltr'><strong>oportet</strong></span> <span class='ocrx_word' id='word_1_264' title='bbox 1138 1670 1230 1703; x_wconf 92' lang='lat' dir='ltr'><strong>eum,</strong></span> 
     </span>
     <span class='ocr_line' id='line_1_35' title="bbox 135 1702 1231 1784; baseline 0.002 -45"><span class='ocrx_word' id='word_1_265' title='bbox 135 1705 197 1784; x_wconf 59' lang='grc'>3111</span> <span class='ocrx_word' id='word_1_266' title='bbox 221 1704 413 1739; x_wconf 89' lang='lat' dir='ltr'><strong>damnatur</strong></span> <span class='ocrx_word' id='word_1_267' title='bbox 434 1703 505 1738; x_wconf 92' lang='lat' dir='ltr'><strong>hoc</strong></span> <span class='ocrx_word' id='word_1_268' title='bbox 520 1702 635 1738; x_wconf 88' lang='lat' dir='ltr'><strong>solum</strong></span> <span class='ocrx_word' id='word_1_269' title='bbox 654 1702 815 1738; x_wconf 83' lang='lat' dir='ltr'><strong>‘fundum</strong></span> <span class='ocrx_word' id='word_1_270' title='bbox 831 1704 1007 1748; x_wconf 89' lang='lat' dir='ltr'><strong>vendere&#39;‚</strong></span> <span class='ocrx_word' id='word_1_271' title='bbox 1032 1716 1105 1741; x_wconf 92' lang='lat' dir='ltr'><strong>non</strong></span> <span class='ocrx_word' id='word_1_272' title='bbox 1119 1706 1231 1750; x_wconf 87' lang='lat' dir='ltr'><strong>gratis</strong></span> 
     </span>
     <span class='ocr_line' id='line_1_36' title="bbox 161 1748 1230 1792; baseline 0.002 -8"><span class='ocrx_word' id='word_1_273' title='bbox 161 1749 298 1784; x_wconf 88' lang='lat' dir='ltr'><strong>amnari</strong></span> <span class='ocrx_word' id='word_1_274' title='bbox 321 1749 391 1784; x_wconf 91' lang='lat' dir='ltr'><strong>hoc</strong></span> <span class='ocrx_word' id='word_1_275' title='bbox 413 1748 545 1789; x_wconf 87' lang='lat' dir='ltr'><strong>facere,</strong></span> <span class='ocrx_word' id='word_1_276' title='bbox 577 1748 641 1783; x_wconf 89' lang='lat' dir='ltr'><strong>sed</strong></span> <span class='ocrx_word' id='word_1_277' title='bbox 663 1748 733 1783; x_wconf 92' lang='lat' dir='ltr'><strong>hoc</strong></span> <span class='ocrx_word' id='word_1_278' title='bbox 758 1749 892 1792; x_wconf 93' lang='lat' dir='ltr'><strong>solum,</strong></span> <span class='ocrx_word' id='word_1_279' title='bbox 930 1754 971 1785; x_wconf 95' lang='lat' dir='ltr'><strong>ut</strong></span> <span class='ocrx_word' id='word_1_280' title='bbox 993 1751 1125 1786; x_wconf 88' lang='lat' dir='ltr'><strong>vendat</strong></span> <span class='ocrx_word' id='word_1_281' title='bbox 1147 1761 1230 1786; x_wconf 91' lang='lat' dir='ltr'><strong>vero</strong></span> 
     </span>
     <span class='ocr_line' id='line_1_37' title="bbox 136 1793 1231 1839; baseline 0.002 -10"><span class='ocrx_word' id='word_1_282' title='bbox 136 1797 155 1829; x_wconf 87' lang='lat'>9</span> <span class='ocrx_word' id='word_1_283' title='bbox 204 1794 330 1839; x_wconf 90' lang='lat' dir='ltr'><strong>pretio.</strong></span> <span class='ocrx_word' id='word_1_284' title='bbox 380 1793 484 1838; x_wconf 81' lang='lat' dir='ltr'><strong>Quod</strong></span> <span class='ocrx_word' id='word_1_285' title='bbox 507 1793 539 1828; x_wconf 86' lang='lat' dir='ltr'><strong>si</strong></span> <span class='ocrx_word' id='word_1_286' title='bbox 563 1796 660 1829; x_wconf 91' lang='lat' dir='ltr'><strong>certo</strong></span> <span class='ocrx_word' id='word_1_287' title='bbox 680 1793 795 1838; x_wconf 87' lang='lat' dir='ltr'><strong>pretio</strong></span> <span class='ocrx_word' id='word_1_288' title='bbox 820 1794 867 1829; x_wconf 87' lang='lat' dir='ltr'><strong>sit</strong></span> <span class='ocrx_word' id='word_1_289' title='bbox 891 1794 1082 1831; x_wconf 87' lang='lat' dir='ltr'><strong>damnatus</strong></span> <span class='ocrx_word' id='word_1_290' title='bbox 1099 1795 1231 1839; x_wconf 85' lang='lat' dir='ltr'><strong>facere,</strong></span> 
     </span>
     <span class='ocr_line' id='line_1_38' title="bbox 136 1838 1229 1885; baseline 0 -10"><span class='ocrx_word' id='word_1_291' title='bbox 136 1850 283 1875; x_wconf 89' lang='lat' dir='ltr'><strong>necesse</strong></span> <span class='ocrx_word' id='word_1_292' title='bbox 306 1839 454 1874; x_wconf 90' lang='lat' dir='ltr'><strong>habebit</strong></span> <span class='ocrx_word' id='word_1_293' title='bbox 478 1838 569 1873; x_wconf 91' lang='lat' dir='ltr'><strong>tanti</strong></span> <span class='ocrx_word' id='word_1_294' title='bbox 593 1838 764 1882; x_wconf 89' lang='lat' dir='ltr'><strong>vendere,</strong></span> <span class='ocrx_word' id='word_1_295' title='bbox 802 1840 926 1885; x_wconf 87' lang='lat' dir='ltr'><strong>quanti</strong></span> <span class='ocrx_word' id='word_1_296' title='bbox 952 1841 1141 1876; x_wconf 89' lang='lat' dir='ltr'><strong>damnatus</strong></span> <span class='ocrx_word' id='word_1_297' title='bbox 1166 1845 1229 1877; x_wconf 88' lang='lat' dir='ltr'><strong>est.</strong></span> 
     </span>
    </p>

    <p class='ocr_par' dir='ltr' id='par_1_3' title="bbox 135 1884 1232 3152">
     <span class='ocr_line' id='line_1_39' title="bbox 183 1884 1231 1930; baseline 0 -8"><span class='ocrx_word' id='word_1_298' title='bbox 183 1884 235 1922; x_wconf 86' lang='lat'><strong>50</strong></span> <span class='ocrx_word' id='word_1_299' title='bbox 261 1884 369 1920; x_wconf 77' lang='lat' dir='ltr'><em>IDEM</em></span> <span class='ocrx_word' id='word_1_300' title='bbox 396 1884 487 1919; x_wconf 82' lang='lat' dir='ltr'><strong>libro</strong></span> <span class='ocrx_word' id='word_1_301' title='bbox 517 1885 683 1919; x_wconf 78' lang='lat' dir='ltr'><strong>vicesimo</strong></span> <span class='ocrx_word' id='word_1_302' title='bbox 718 1889 850 1930; x_wconf 83' lang='lat' dir='ltr'><strong>quarto</strong></span> <span class='ocrx_word' id='word_1_303' title='bbox 883 1885 933 1920; x_wconf 81' lang='lat' dir='ltr'><strong>ad</strong></span> <span class='ocrx_word' id='word_1_304' title='bbox 961 1885 1138 1921; x_wconf 72' lang='lat' dir='ltr'><strong>Sabinum</strong></span> <span class='ocrx_word' id='word_1_305' title='bbox 1195 1887 1231 1922; x_wconf 92' lang='lat' dir='ltr'><strong>Si</strong></span> 
     </span>
     <span class='ocr_line' id='line_1_40' title="bbox 136 1929 1232 1976; baseline 0.001 -10"><span class='ocrx_word' id='word_1_306' title='bbox 136 1941 259 1966; x_wconf 85' lang='lat' dir='ltr'><strong>servus</strong></span> <span class='ocrx_word' id='word_1_307' title='bbox 283 1929 438 1975; x_wconf 87' lang='lat' dir='ltr'><strong>plurium</strong></span> <span class='ocrx_word' id='word_1_308' title='bbox 462 1929 527 1971; x_wconf 89' lang='lat' dir='ltr'><strong>sit,</strong></span> <span class='ocrx_word' id='word_1_309' title='bbox 563 1939 628 1973; x_wconf 88' lang='lat' dir='ltr'><strong>pro</strong></span> <span class='ocrx_word' id='word_1_310' title='bbox 655 1929 800 1964; x_wconf 88' lang='lat' dir='ltr'><strong>dominii</strong></span> <span class='ocrx_word' id='word_1_311' title='bbox 832 1931 997 1974; x_wconf 88' lang='lat' dir='ltr'><strong>portione</strong></span> <span class='ocrx_word' id='word_1_312' title='bbox 1019 1931 1176 1976; x_wconf 87' lang='lat' dir='ltr'><strong>legatum</strong></span> <span class='ocrx_word' id='word_1_313' title='bbox 1201 1932 1232 1967; x_wconf 93' lang='lat' dir='ltr'><strong>ei</strong></span> 
     </span>
     <span class='ocr_line' id='line_1_41' title="bbox 139 1974 1232 2019; baseline 0.003 -10"><span class='ocrx_word' id='word_1_314' title='bbox 139 1979 151 2009; x_wconf 85' lang='lat'>1</span> <span class='ocrx_word' id='word_1_315' title='bbox 204 1975 369 2011; x_wconf 91' lang='lat' dir='ltr'><strong>relictum</strong></span> <span class='ocrx_word' id='word_1_316' title='bbox 400 1974 565 2019; x_wconf 89' lang='lat' dir='ltr'><strong>adquiret</strong></span> <span class='ocrx_word' id='word_1_317' title='bbox 575 1974 599 2008; x_wconf 86' lang='lat'><strong>³.</strong></span> <span class='ocrx_word' id='word_1_318' title='bbox 656 1974 694 2009; x_wconf 92' lang='lat' dir='ltr'><strong>Si</strong></span> <span class='ocrx_word' id='word_1_319' title='bbox 725 1974 933 2011; x_wconf 88' lang='lat' dir='ltr'><strong>hereditatis</strong></span> <span class='ocrx_word' id='word_1_320' title='bbox 965 1976 1074 2012; x_wconf 86' lang='lat' dir='ltr'><strong>iudex</strong></span> <span class='ocrx_word' id='word_1_321' title='bbox 1106 1980 1232 2012; x_wconf 91' lang='lat' dir='ltr'><strong>contra</strong></span> 
     </span>
     <span class='ocr_line' id='line_1_42' title="bbox 137 2019 1231 2065; baseline 0.003 -10"><span class='ocrx_word' id='word_1_322' title='bbox 137 2021 301 2056; x_wconf 88' lang='lat' dir='ltr'><strong>heredem</strong></span> <span class='ocrx_word' id='word_1_323' title='bbox 325 2019 609 2065; x_wconf 87' lang='lat' dir='ltr'><strong>pronuntiaverit</strong></span> <span class='ocrx_word' id='word_1_324' title='bbox 632 2030 704 2054; x_wconf 92' lang='lat' dir='ltr'><strong>non</strong></span> <span class='ocrx_word' id='word_1_325' title='bbox 739 2024 902 2064; x_wconf 86' lang='lat' dir='ltr'><strong>agentem</strong></span> <span class='ocrx_word' id='word_1_326' title='bbox 928 2031 1074 2057; x_wconf 88' lang='lat' dir='ltr'><strong>causam</strong></span> <span class='ocrx_word' id='word_1_327' title='bbox 1098 2022 1152 2057; x_wconf 89' lang='lat' dir='ltr'><strong>vel</strong></span> <span class='ocrx_word' id='word_1_328' title='bbox 1175 2022 1231 2058; x_wconf 92' lang='lat' dir='ltr'><strong>lu·</strong></span> 
     </span>
     <span class='ocr_line' id='line_1_43' title="bbox 136 2064 1231 2113; baseline 0.001 -11"><span class='ocrx_word' id='word_1_329' title='bbox 136 2066 230 2102; x_wconf 85' lang='grc'>30110</span> <span class='ocrx_word' id='word_1_330' title='bbox 246 2069 420 2110; x_wconf 87' lang='lat' dir='ltr'><strong>agentem,</strong></span> <span class='ocrx_word' id='word_1_331' title='bbox 445 2064 534 2099; x_wconf 88' lang='lat' dir='ltr'><strong>nihil</strong></span> <span class='ocrx_word' id='word_1_332' title='bbox 548 2065 618 2100; x_wconf 91' lang='lat' dir='ltr'><strong>hoc</strong></span> <span class='ocrx_word' id='word_1_333' title='bbox 635 2065 780 2100; x_wconf 88' lang='lat' dir='ltr'><strong>nocebit</strong></span> <span class='ocrx_word' id='word_1_334' title='bbox 797 2065 993 2110; x_wconf 87' lang='lat' dir='ltr'><strong>legatariis.</strong></span> <span class='ocrx_word' id='word_1_335' title='bbox 1033 2067 1118 2112; x_wconf 92' lang='lat' dir='ltr'><strong>quid</strong></span> <span class='ocrx_word' id='word_1_336' title='bbox 1135 2077 1231 2113; x_wconf 88' lang='lat' dir='ltr'><strong>ergo,</strong></span> 
     </span>
     <span class='ocr_line' id='line_1_44' title="bbox 137 2109 1229 2157; baseline 0.002 -11"><span class='ocrx_word' id='word_1_337' title='bbox 137 2111 166 2146; x_wconf 90' lang='lat' dir='ltr'><strong>si</strong></span> <span class='ocrx_word' id='word_1_338' title='bbox 189 2122 254 2156; x_wconf 89' lang='lat' dir='ltr'><strong>per</strong></span> <span class='ocrx_word' id='word_1_339' title='bbox 277 2110 442 2145; x_wconf 89' lang='lat' dir='ltr'><strong>iniuriam</strong></span> <span class='ocrx_word' id='word_1_340' title='bbox 465 2109 574 2145; x_wconf 89' lang='lat' dir='ltr'><strong>fuerit</strong></span> <span class='ocrx_word' id='word_1_341' title='bbox 595 2111 880 2154; x_wconf 90' lang='lat' dir='ltr'><strong>pronuntiatum,</strong></span> <span class='ocrx_word' id='word_1_342' title='bbox 905 2122 978 2147; x_wconf 89' lang='lat' dir='ltr'><strong>non</strong></span> <span class='ocrx_word' id='word_1_343' title='bbox 1001 2115 1122 2157; x_wconf 72' lang='lat' dir='ltr'><strong>tamen</strong></span> <span class='ocrx_word' id='word_1_344' title='bbox 1145 2124 1229 2157; x_wconf 87' lang='lat' dir='ltr'><strong>pro-</strong></span> 
     </span>
     <span class='ocr_line' id='line_1_45' title="bbox 137 2154 1232 2202; baseline 0.004 -13"><span class='ocrx_word' id='word_1_345' title='bbox 137 2156 301 2191; x_wconf 82' lang='lat' dir='ltr'><strong>vocavit?</strong></span> <span class='ocrx_word' id='word_1_346' title='bbox 324 2156 454 2190; x_wconf 89' lang='lat' dir='ltr'><strong>iniuria</strong></span> <span class='ocrx_word' id='word_1_347' title='bbox 477 2155 510 2190; x_wconf 88' lang='lat' dir='ltr'><strong>ei</strong></span> <span class='ocrx_word' id='word_1_348' title='bbox 532 2154 631 2190; x_wconf 87' lang='lat' dir='ltr'><strong>facta</strong></span> <span class='ocrx_word' id='word_1_349' title='bbox 653 2166 727 2191; x_wconf 92' lang='grc'>11011</span> <span class='ocrx_word' id='word_1_350' title='bbox 750 2156 894 2192; x_wconf 90' lang='lat' dir='ltr'><strong>nocebit</strong></span> <span class='ocrx_word' id='word_1_351' title='bbox 912 2157 1105 2202; x_wconf 85' lang='lat' dir='ltr'><strong>legatariis,</strong></span> <span class='ocrx_word' id='word_1_352' title='bbox 1130 2163 1172 2193; x_wconf 91' lang='lat' dir='ltr'><strong>ut</strong></span> <span class='ocrx_word' id='word_1_353' title='bbox 1195 2162 1232 2193; x_wconf 90' lang='lat' dir='ltr'><strong>et</strong></span> 
     </span>
     <span class='ocr_line' id='line_1_46' title="bbox 137 2200 1231 2246; baseline 0.002 -9"><span class='ocrx_word' id='word_1_354' title='bbox 137 2202 291 2239; x_wconf 87' lang='lat' dir='ltr'><strong>Sabinus</strong></span> <span class='ocrx_word' id='word_1_355' title='bbox 316 2200 502 2246; x_wconf 87' lang='lat' dir='ltr'><strong>significat.</strong></span> <span class='ocrx_word' id='word_1_356' title='bbox 560 2200 591 2235; x_wconf 89' lang='lat' dir='ltr'><strong>si</strong></span> <span class='ocrx_word' id='word_1_357' title='bbox 612 2204 733 2236; x_wconf 89' lang='lat' dir='ltr'><strong>tamen</strong></span> <span class='ocrx_word' id='word_1_358' title='bbox 765 2201 962 2237; x_wconf 90' lang='lat' dir='ltr'><strong>secundum</strong></span> <span class='ocrx_word' id='word_1_359' title='bbox 995 2203 1231 2239; x_wconf 85' lang='lat' dir='ltr'><strong>substitutum</strong></span> 
     </span>
     <span class='ocr_line' id='line_1_47' title="bbox 137 2246 1231 2292; baseline 0.003 -11"><span class='ocrx_word' id='word_1_360' title='bbox 137 2246 355 2292; x_wconf 89' lang='lat' dir='ltr'><strong>pronuntiet,</strong></span> <span class='ocrx_word' id='word_1_361' title='bbox 393 2256 440 2280; x_wconf 89' lang='grc'><strong>011</strong></span> <span class='ocrx_word' id='word_1_362' title='bbox 462 2246 521 2280; x_wconf 92' lang='lat' dir='ltr'><strong>ille</strong></span> <span class='ocrx_word' id='word_1_363' title='bbox 544 2246 724 2290; x_wconf 89' lang='lat' dir='ltr'><strong>legatariis</strong></span> <span class='ocrx_word' id='word_1_364' title='bbox 749 2250 926 2290; x_wconf 88' lang='lat' dir='ltr'><strong>teneatur,</strong></span> <span class='ocrx_word' id='word_1_365' title='bbox 958 2248 1160 2284; x_wconf 84' lang='lat' dir='ltr'><strong>videamus:</strong></span> <span class='ocrx_word' id='word_1_366' title='bbox 1195 2253 1231 2284; x_wconf 88' lang='lat' dir='ltr'><strong>et</strong></span> 
     </span>
     <span class='ocr_line' id='line_1_48' title="bbox 138 2291 1229 2371; baseline 0.002 -44"><span class='ocrx_word' id='word_1_367' title='bbox 138 2303 219 2327; x_wconf 91' lang='lat' dir='ltr'><strong>cum</strong></span> <span class='ocrx_word' id='word_1_368' title='bbox 231 2292 286 2327; x_wconf 91' lang='lat' dir='ltr'><strong>ius</strong></span> <span class='ocrx_word' id='word_1_369' title='bbox 299 2291 389 2326; x_wconf 91' lang='lat' dir='ltr'><strong>facit</strong></span> <span class='ocrx_word' id='word_1_370' title='bbox 411 2291 502 2326; x_wconf 90' lang='lat' dir='ltr'><strong>haec</strong></span> <span class='ocrx_word' id='word_1_371' title='bbox 511 2291 761 2371; x_wconf 59' lang='lat' dir='ltr'><strong>pronuntiatio</strong></span> <span class='ocrx_word' id='word_1_372' title='bbox 787 2292 882 2337; x_wconf 89' lang='lat' dir='ltr'><strong>quod</strong></span> <span class='ocrx_word' id='word_1_373' title='bbox 906 2293 1036 2329; x_wconf 86' lang='lat' dir='ltr'><strong>attinet</strong></span> <span class='ocrx_word' id='word_1_374' title='bbox 1053 2294 1100 2329; x_wconf 92' lang='lat' dir='ltr'><strong>ad</strong></span> <span class='ocrx_word' id='word_1_375' title='bbox 1116 2294 1229 2339; x_wconf 86' lang='lat' dir='ltr'><strong>ipsius</strong></span> 
     </span>
     <span class='ocr_line' id='line_1_49' title="bbox 136 2336 1230 2389; baseline 0.002 -17"><span class='ocrx_word' id='word_1_376' title='bbox 136 2347 337 2389; x_wconf 86' lang='lat' dir='ltr'><strong>personam,</strong></span> <span class='ocrx_word' id='word_1_377' title='bbox 362 2336 509 2388; x_wconf 71' lang='lat' dir='ltr'><strong>numqui</strong></span> <span class='ocrx_word' id='word_1_378' title='bbox 549 2336 730 2381; x_wconf 85' lang='lat' dir='ltr'><strong>legatariis</strong></span> <span class='ocrx_word' id='word_1_379' title='bbox 746 2339 937 2373; x_wconf 80' lang='lat' dir='ltr'><strong>teneatur?</strong></span> <span class='ocrx_word' id='word_1_380' title='bbox 960 2349 1028 2374; x_wconf 89' lang='lat' dir='ltr'><strong>nec</strong></span> <span class='ocrx_word' id='word_1_381' title='bbox 1048 2339 1141 2374; x_wconf 89' lang='lat' dir='ltr'><strong>enim</strong></span> <span class='ocrx_word' id='word_1_382' title='bbox 1156 2343 1230 2374; x_wconf 90' lang='lat' dir='ltr'><strong>tam</strong></span> 
     </span>
     <span class='ocr_line' id='line_1_50' title="bbox 136 2381 1231 2429; baseline 0.002 -11"><span class='ocrx_word' id='word_1_383' title='bbox 136 2382 297 2427; x_wconf 82' lang='lat' dir='ltr'><strong>improbe</strong></span> <span class='ocrx_word' id='word_1_384' title='bbox 322 2392 464 2417; x_wconf 85' lang='grc'>00113011</span> <span class='ocrx_word' id='word_1_385' title='bbox 521 2385 615 2416; x_wconf 89' lang='grc'>01031</span> <span class='ocrx_word' id='word_1_386' title='bbox 646 2381 843 2418; x_wconf 89' lang='lat' dir='ltr'><strong>secundum</strong></span> <span class='ocrx_word' id='word_1_387' title='bbox 875 2394 914 2419; x_wconf 90' lang='lat' dir='ltr'><strong>se</strong></span> <span class='ocrx_word' id='word_1_388' title='bbox 945 2383 1143 2420; x_wconf 87' lang='lat' dir='ltr'><strong>iudicatum</strong></span> <span class='ocrx_word' id='word_1_389' title='bbox 1166 2395 1231 2429; x_wconf 89' lang='lat' dir='ltr'><strong>per</strong></span> 
     </span>
     <span class='ocr_line' id='line_1_51' title="bbox 135 2427 1229 2472; baseline 0.003 -10"><span class='ocrx_word' id='word_1_390' title='bbox 135 2428 298 2472; x_wconf 83' lang='lat' dir='ltr'><strong>gratiam.</strong></span> <span class='ocrx_word' id='word_1_391' title='bbox 346 2437 477 2472; x_wconf 90' lang='lat' dir='ltr'><strong>respon</strong></span> <span class='ocrx_word' id='word_1_392' title='bbox 503 2427 577 2461; x_wconf 92' lang='lat' dir='ltr'><strong>ebit</strong></span> <span class='ocrx_word' id='word_1_393' title='bbox 598 2427 706 2471; x_wconf 87' lang='lat' dir='ltr'><strong>igitur</strong></span> <span class='ocrx_word' id='word_1_394' title='bbox 730 2431 766 2462; x_wconf 91' lang='lat' dir='ltr'><strong>et</strong></span> <span class='ocrx_word' id='word_1_395' title='bbox 789 2427 981 2472; x_wconf 88' lang='lat' dir='ltr'><strong>legatariis,</strong></span> <span class='ocrx_word' id='word_1_396' title='bbox 1010 2433 1051 2464; x_wconf 91' lang='lat' dir='ltr'><strong>ut</strong></span> <span class='ocrx_word' id='word_1_397' title='bbox 1075 2429 1229 2465; x_wconf 88' lang='lat' dir='ltr'><strong>credito-</strong></span> 
     </span>
     <span class='ocr_line' id='line_1_52' title="bbox 137 2472 1230 2517; baseline 0.003 -9"><span class='ocrx_word' id='word_1_398' title='bbox 137 2476 157 2508; x_wconf 87' lang='lat'>2</span> <span class='ocrx_word' id='word_1_399' title='bbox 203 2473 315 2508; x_wconf 89' lang='lat' dir='ltr'><strong>ribus.</strong></span> <span class='ocrx_word' id='word_1_400' title='bbox 363 2472 401 2507; x_wconf 90' lang='lat' dir='ltr'><strong>Si</strong></span> <span class='ocrx_word' id='word_1_401' title='bbox 424 2474 502 2517; x_wconf 88' lang='lat' dir='ltr'><strong>quis</strong></span> <span class='ocrx_word' id='word_1_402' title='bbox 527 2475 611 2507; x_wconf 85' lang='lat' dir='ltr'><strong>ante</strong></span> <span class='ocrx_word' id='word_1_403' title='bbox 634 2473 878 2517; x_wconf 89' lang='lat' dir='ltr'><strong>quaestionem</strong></span> <span class='ocrx_word' id='word_1_404' title='bbox 903 2474 946 2509; x_wconf 92' lang='lat' dir='ltr'><strong>de</strong></span> <span class='ocrx_word' id='word_1_405' title='bbox 969 2474 1105 2510; x_wconf 88' lang='lat' dir='ltr'><strong>familia</strong></span> <span class='ocrx_word' id='word_1_406' title='bbox 1128 2476 1230 2510; x_wconf 90' lang='lat' dir='ltr'><strong>habi-</strong></span> 
     </span>
     <span class='ocr_line' id='line_1_53' title="bbox 136 2517 1229 2556; baseline 0.004 -4"><span class='ocrx_word' id='word_1_407' title='bbox 136 2521 211 2553; x_wconf 90' lang='lat' dir='ltr'><strong>tam</strong></span> <span class='ocrx_word' id='word_1_408' title='bbox 235 2517 362 2553; x_wconf 80' lang='lat' dir='ltr'><strong>adierit</strong></span> <span class='ocrx_word' id='word_1_409' title='bbox 385 2517 618 2553; x_wconf 86' lang='lat' dir='ltr'><strong>hereditatem</strong></span> <span class='ocrx_word' id='word_1_410' title='bbox 641 2518 697 2553; x_wconf 92' lang='lat' dir='ltr'><strong>vel</strong></span> <span class='ocrx_word' id='word_1_411' title='bbox 720 2528 843 2553; x_wconf 90' lang='lat' dir='ltr'><strong>necem</strong></span> <span class='ocrx_word' id='word_1_412' title='bbox 867 2520 1051 2555; x_wconf 86' lang='lat' dir='ltr'><strong>testatoris</strong></span> <span class='ocrx_word' id='word_1_413' title='bbox 1071 2531 1144 2556; x_wconf 92' lang='lat' dir='ltr'><strong>non</strong></span> <span class='ocrx_word' id='word_1_414' title='bbox 1169 2520 1229 2555; x_wconf 90' lang='lat' dir='ltr'><strong>de-</strong></span> 
     </span>
     <span class='ocr_line' id='line_1_54' title="bbox 136 2562 1228 2608; baseline 0.003 -10"><span class='ocrx_word' id='word_1_415' title='bbox 136 2562 298 2604; x_wconf 83' lang='lat' dir='ltr'><strong>fenderit,</strong></span> <span class='ocrx_word' id='word_1_416' title='bbox 324 2563 523 2607; x_wconf 88' lang='lat' dir='ltr'><strong>legatorum</strong></span> <span class='ocrx_word' id='word_1_417' title='bbox 545 2564 746 2608; x_wconf 90' lang='lat' dir='ltr'><strong>persecutio</strong></span> <span class='ocrx_word' id='word_1_418' title='bbox 772 2563 941 2600; x_wconf 89' lang='lat' dir='ltr'><strong>adversus</strong></span> <span class='ocrx_word' id='word_1_419' title='bbox 960 2564 1089 2601; x_wconf 88' lang='lat' dir='ltr'><strong>fiscum</strong></span> <span class='ocrx_word' id='word_1_420' title='bbox 1112 2566 1228 2601; x_wconf 92' lang='lat' dir='ltr'><strong>locum</strong></span> 
     </span>
     <span class='ocr_line' id='line_1_55' title="bbox 136 2608 1230 2655; baseline 0.003 -12"><span class='ocrx_word' id='word_1_421' title='bbox 136 2608 255 2644; x_wconf 87' lang='lat' dir='ltr'><strong>habet.</strong></span> <span class='ocrx_word' id='word_1_422' title='bbox 304 2608 389 2654; x_wconf 88' lang='lat' dir='ltr'><strong>quid</strong></span> <span class='ocrx_word' id='word_1_423' title='bbox 412 2611 550 2650; x_wconf 89' lang='lat' dir='ltr'><strong>tamen,</strong></span> <span class='ocrx_word' id='word_1_424' title='bbox 583 2608 614 2643; x_wconf 84' lang='lat' dir='ltr'><strong>si</strong></span> <span class='ocrx_word' id='word_1_425' title='bbox 636 2608 746 2643; x_wconf 86' lang='lat' dir='ltr'><strong>fiscus</strong></span> <span class='ocrx_word' id='word_1_426' title='bbox 781 2608 878 2644; x_wconf 89' lang='lat' dir='ltr'><strong>bona</strong></span> <span class='ocrx_word' id='word_1_427' title='bbox 901 2620 974 2645; x_wconf 92' lang='lat' dir='ltr'><strong>non</strong></span> <span class='ocrx_word' id='word_1_428' title='bbox 1006 2610 1230 2655; x_wconf 80' lang='lat' dir='ltr'><strong>adgnoscat?</strong></span> 
     </span>
     <span class='ocr_line' id='line_1_56' title="bbox 137 2652 1228 2698; baseline 0.003 -9"><span class='ocrx_word' id='word_1_429' title='bbox 137 2664 182 2689; x_wconf 87' lang='lat' dir='ltr'><strong>ex</strong></span> <span class='ocrx_word' id='word_1_430' title='bbox 205 2653 420 2689; x_wconf 88' lang='lat' dir='ltr'><strong>necessitate</strong></span> <span class='ocrx_word' id='word_1_431' title='bbox 436 2652 652 2688; x_wconf 88' lang='lat' dir='ltr'><strong>redundabit</strong></span> <span class='ocrx_word' id='word_1_432' title='bbox 667 2664 759 2688; x_wconf 92' lang='lat' dir='ltr'><strong>onus</strong></span> <span class='ocrx_word' id='word_1_433' title='bbox 775 2653 972 2698; x_wconf 89' lang='lat' dir='ltr'><strong>legatorum</strong></span> <span class='ocrx_word' id='word_1_434' title='bbox 989 2655 1034 2690; x_wconf 89' lang='lat' dir='ltr'><strong>ad</strong></span> <span class='ocrx_word' id='word_1_435' title='bbox 1050 2655 1228 2692; x_wconf 88' lang='lat' dir='ltr'><strong>heredem.</strong></span> 
     </span>
     <span class='ocr_line' id='line_1_57' title="bbox 139 2698 1229 2741; baseline 0.002 -7"><span class='ocrx_word' id='word_1_436' title='bbox 139 2698 203 2734; x_wconf 86' lang='lat' dir='ltr'><strong>sed</strong></span> <span class='ocrx_word' id='word_1_437' title='bbox 226 2699 257 2734; x_wconf 87' lang='lat' dir='ltr'><strong>si</strong></span> <span class='ocrx_word' id='word_1_438' title='bbox 279 2698 431 2734; x_wconf 90' lang='lat' dir='ltr'><strong>subiecit</strong></span> <span class='ocrx_word' id='word_1_439' title='bbox 455 2698 651 2734; x_wconf 86' lang='lat' dir='ltr'><strong>delatorem</strong></span> <span class='ocrx_word' id='word_1_440' title='bbox 675 2699 762 2741; x_wconf 88' lang='lat' dir='ltr'><strong>sibi,</strong></span> <span class='ocrx_word' id='word_1_441' title='bbox 794 2703 836 2734; x_wconf 90' lang='lat' dir='ltr'><strong>ut</strong></span> <span class='ocrx_word' id='word_1_442' title='bbox 867 2699 900 2734; x_wconf 93' lang='lat' dir='ltr'><strong>ei</strong></span> <span class='ocrx_word' id='word_1_443' title='bbox 922 2700 1102 2736; x_wconf 87' lang='lat' dir='ltr'><strong>hereditas</strong></span> <span class='ocrx_word' id='word_1_444' title='bbox 1126 2701 1229 2736; x_wconf 91' lang='lat' dir='ltr'><strong>abiu-</strong></span> 
     </span>
     <span class='ocr_line' id='line_1_58' title="bbox 137 2744 1231 2790; baseline 0.003 -12"><span class='ocrx_word' id='word_1_445' title='bbox 137 2744 299 2779; x_wconf 74' lang='lat' dir='ltr'><strong>dicetur⁴</strong></span> <span class='ocrx_word' id='word_1_446' title='bbox 323 2748 359 2779; x_wconf 91' lang='lat' dir='ltr'><strong>et</strong></span> <span class='ocrx_word' id='word_1_447' title='bbox 375 2744 542 2779; x_wconf 86' lang='lat' dir='ltr'><strong>oneribus</strong></span> <span class='ocrx_word' id='word_1_448' title='bbox 568 2747 718 2786; x_wconf 88' lang='lat' dir='ltr'><strong>careret,</strong></span> <span class='ocrx_word' id='word_1_449' title='bbox 741 2745 797 2779; x_wconf 92' lang='lat' dir='ltr'><strong>vel</strong></span> <span class='ocrx_word' id='word_1_450' title='bbox 815 2744 932 2780; x_wconf 90' lang='lat' dir='ltr'><strong>minus</strong></span> <span class='ocrx_word' id='word_1_451' title='bbox 949 2745 1054 2790; x_wconf 91' lang='lat' dir='ltr'><strong>plene</strong></span> <span class='ocrx_word' id='word_1_452' title='bbox 1072 2746 1231 2781; x_wconf 87' lang='lat' dir='ltr'><strong>defendit</strong></span> 
     </span>
     <span class='ocr_line' id='line_1_59' title="bbox 139 2790 1230 2835; baseline 0.002 -10"><span class='ocrx_word' id='word_1_453' title='bbox 139 2800 295 2831; x_wconf 86' lang='lat' dir='ltr'><strong>causam,</strong></span> <span class='ocrx_word' id='word_1_454' title='bbox 319 2800 391 2825; x_wconf 90' lang='lat' dir='ltr'><strong>non</strong></span> <span class='ocrx_word' id='word_1_455' title='bbox 416 2799 455 2824; x_wconf 89' lang='lat' dir='ltr'><strong>se</strong></span> <span class='ocrx_word' id='word_1_456' title='bbox 479 2794 649 2824; x_wconf 85' lang='lat' dir='ltr'><strong>exonerat</strong></span> <span class='ocrx_word' id='word_1_457' title='bbox 673 2790 833 2835; x_wconf 87' lang='lat' dir='ltr'><strong>exemplo</strong></span> <span class='ocrx_word' id='word_1_458' title='bbox 852 2790 938 2833; x_wconf 90' lang='lat' dir='ltr'><strong>eius,</strong></span> <span class='ocrx_word' id='word_1_459' title='bbox 964 2791 1025 2835; x_wconf 90' lang='lat' dir='ltr'><strong>qui</strong></span> <span class='ocrx_word' id='word_1_460' title='bbox 1041 2791 1230 2827; x_wconf 89' lang='lat' dir='ltr'><strong>collusorie</strong></span> 
     </span>
     <span class='ocr_line' id='line_1_60' title="bbox 139 2834 1229 2878; baseline 0.003 -9"><span class='ocrx_word' id='word_1_461' title='bbox 139 2838 157 2869; x_wconf 91' lang='lat'><strong>3</strong></span> <span class='ocrx_word' id='word_1_462' title='bbox 207 2834 250 2869; x_wconf 89' lang='lat' dir='ltr'><strong>de</strong></span> <span class='ocrx_word' id='word_1_463' title='bbox 281 2834 477 2869; x_wconf 90' lang='lat' dir='ltr'><strong>hereditate</strong></span> <span class='ocrx_word' id='word_1_464' title='bbox 510 2834 671 2878; x_wconf 86' lang='lat' dir='ltr'><strong>litigavit.</strong></span> <span class='ocrx_word' id='word_1_465' title='bbox 727 2834 764 2870; x_wconf 90' lang='lat' dir='ltr'><strong>Si</strong></span> <span class='ocrx_word' id='word_1_466' title='bbox 800 2846 968 2871; x_wconf 91' lang='lat' dir='ltr'><strong>numerus</strong></span> <span class='ocrx_word' id='word_1_467' title='bbox 1004 2847 1229 2872; x_wconf 91' lang='lat' dir='ltr'><strong>nummorum</strong></span> 
     </span>
     <span class='ocr_line' id='line_1_61' title="bbox 137 2880 1229 2926; baseline 0.003 -12"><span class='ocrx_word' id='word_1_468' title='bbox 137 2880 276 2924; x_wconf 91' lang='lat' dir='ltr'><strong>legatus</strong></span> <span class='ocrx_word' id='word_1_469' title='bbox 309 2880 355 2915; x_wconf 89' lang='lat' dir='ltr'><strong>sit</strong></span> <span class='ocrx_word' id='word_1_470' title='bbox 386 2890 500 2924; x_wconf 91' lang='lat' dir='ltr'><strong>neque</strong></span> <span class='ocrx_word' id='word_1_471' title='bbox 531 2890 553 2914; x_wconf 87' lang='lat' dir='ltr'><strong>a</strong></span> <span class='ocrx_word' id='word_1_472' title='bbox 579 2883 682 2924; x_wconf 89' lang='lat' dir='ltr'><strong>paret</strong></span> <span class='ocrx_word' id='word_1_473' title='bbox 713 2880 837 2925; x_wconf 87' lang='lat' dir='ltr'><strong>quales</strong></span> <span class='ocrx_word' id='word_1_474' title='bbox 869 2884 953 2915; x_wconf 91' lang='lat' dir='ltr'><strong>sunt</strong></span> <span class='ocrx_word' id='word_1_475' title='bbox 983 2881 1110 2926; x_wconf 90' lang='lat' dir='ltr'><strong>legati,</strong></span> <span class='ocrx_word' id='word_1_476' title='bbox 1147 2887 1229 2918; x_wconf 89' lang='lat' dir='ltr'><strong>ante</strong></span> 
     </span>
     <span class='ocr_line' id='line_1_62' title="bbox 138 2924 1228 2972; baseline 0.002 -12"><span class='ocrx_word' id='word_1_477' title='bbox 138 2925 257 2961; x_wconf 90' lang='lat' dir='ltr'><strong>omnia</strong></span> <span class='ocrx_word' id='word_1_478' title='bbox 280 2925 390 2970; x_wconf 90' lang='lat' dir='ltr'><strong>ipsius</strong></span> <span class='ocrx_word' id='word_1_479' title='bbox 413 2924 526 2970; x_wconf 89' lang='lat' dir='ltr'><strong>patris</strong></span> <span class='ocrx_word' id='word_1_480' title='bbox 567 2925 703 2960; x_wconf 89' lang='lat' dir='ltr'><strong>amilias</strong></span> <span class='ocrx_word' id='word_1_481' title='bbox 729 2926 961 2968; x_wconf 89' lang='lat' dir='ltr'><strong>consuetudo,</strong></span> <span class='ocrx_word' id='word_1_482' title='bbox 987 2926 1114 2962; x_wconf 91' lang='lat' dir='ltr'><strong>deinde</strong></span> <span class='ocrx_word' id='word_1_483' title='bbox 1136 2928 1228 2972; x_wconf 87' lang='lat' dir='ltr'><strong>regi-</strong></span> 
     </span>
     <span class='ocr_line' id='line_1_63' title="bbox 138 2970 1230 3022; baseline 0.002 -18"><span class='ocrx_word' id='word_1_484' title='bbox 138 2970 235 3012; x_wconf 91' lang='lat' dir='ltr'><strong>onis,</strong></span> <span class='ocrx_word' id='word_1_485' title='bbox 267 2971 304 3005; x_wconf 91' lang='lat' dir='ltr'><strong>in</strong></span> <span class='ocrx_word' id='word_1_486' title='bbox 337 2980 408 3022; x_wconf 82' lang='lat' dir='ltr'><strong>qua</strong></span> <span class='ocrx_word' id='word_1_487' title='bbox 438 2974 600 3005; x_wconf 88' lang='lat' dir='ltr'><strong>versatus</strong></span> <span class='ocrx_word' id='word_1_488' title='bbox 634 2974 703 3013; x_wconf 89' lang='lat' dir='ltr'><strong>est,</strong></span> <span class='ocrx_word' id='word_1_489' title='bbox 735 2971 954 3015; x_wconf 82' lang='lat' dir='ltr'><strong>exquirenda</strong></span> <span class='ocrx_word' id='word_1_490' title='bbox 990 2975 1062 3006; x_wconf 85' lang='lat' dir='ltr'><strong>est:</strong></span> <span class='ocrx_word' id='word_1_491' title='bbox 1100 2972 1163 3007; x_wconf 90' lang='lat' dir='ltr'><strong>sed</strong></span> <span class='ocrx_word' id='word_1_492' title='bbox 1195 2976 1230 3008; x_wconf 86' lang='lat' dir='ltr'><strong>et</strong></span> 
     </span>
     <span class='ocr_line' id='line_1_64' title="bbox 141 3015 1229 3060; baseline 0.003 -11"><span class='ocrx_word' id='word_1_493' title='bbox 141 3025 239 3050; x_wconf 90' lang='lat' dir='ltr'><strong>mens</strong></span> <span class='ocrx_word' id='word_1_494' title='bbox 263 3018 377 3060; x_wconf 76' lang='lat' dir='ltr'><strong>patus</strong></span> <span class='ocrx_word' id='word_1_495' title='bbox 401 3015 557 3051; x_wconf 87' lang='lat' dir='ltr'><strong>familiae</strong></span> <span class='ocrx_word' id='word_1_496' title='bbox 581 3018 616 3050; x_wconf 91' lang='lat' dir='ltr'><strong>et</strong></span> <span class='ocrx_word' id='word_1_497' title='bbox 646 3016 807 3060; x_wconf 88' lang='lat' dir='ltr'><strong>legatarii</strong></span> <span class='ocrx_word' id='word_1_498' title='bbox 840 3016 993 3060; x_wconf 89' lang='lat' dir='ltr'><strong>dignitas</strong></span> <span class='ocrx_word' id='word_1_499' title='bbox 1017 3017 1073 3052; x_wconf 88' lang='lat' dir='ltr'><strong>vel</strong></span> <span class='ocrx_word' id='word_1_500' title='bbox 1097 3018 1229 3053; x_wconf 87' lang='lat' dir='ltr'><strong>caritas</strong></span> 
     </span>
     <span class='ocr_line' id='line_1_65' title="bbox 139 3060 1230 3107; baseline 0.003 -13"><span class='ocrx_word' id='word_1_501' title='bbox 139 3063 175 3094; x_wconf 89' lang='lat' dir='ltr'><strong>et</strong></span> <span class='ocrx_word' id='word_1_502' title='bbox 198 3060 433 3103; x_wconf 89' lang='lat' dir='ltr'><strong>necessitudo,</strong></span> <span class='ocrx_word' id='word_1_503' title='bbox 458 3061 542 3095; x_wconf 91' lang='lat' dir='ltr'><strong>item</strong></span> <span class='ocrx_word' id='word_1_504' title='bbox 567 3071 689 3095; x_wconf 90' lang='lat' dir='ltr'><strong>earum</strong></span> <span class='ocrx_word' id='word_1_505' title='bbox 714 3071 806 3106; x_wconf 85' lang='lat' dir='ltr'><strong>quae</strong></span> <span class='ocrx_word' id='word_1_506' title='bbox 821 3062 1044 3106; x_wconf 88' lang='lat' dir='ltr'><strong>praecedunt</strong></span> <span class='ocrx_word' id='word_1_507' title='bbox 1066 3062 1121 3097; x_wconf 91' lang='lat' dir='ltr'><strong>vel</strong></span> <span class='ocrx_word' id='word_1_508' title='bbox 1138 3073 1230 3107; x_wconf 86' lang='lat' dir='ltr'><strong>quae</strong></span> 
     </span>
     <span class='ocr_line' id='line_1_66' title="bbox 140 3106 1075 3152; baseline 0.004 -14"><span class='ocrx_word' id='word_1_509' title='bbox 140 3109 336 3148; x_wconf 87' lang='lat' dir='ltr'><strong>sequuntur</strong></span> <span class='ocrx_word' id='word_1_510' title='bbox 360 3116 577 3141; x_wconf 91' lang='lat' dir='ltr'><strong>summarum</strong></span> <span class='ocrx_word' id='word_1_511' title='bbox 601 3106 736 3151; x_wconf 87' lang='lat' dir='ltr'><strong>scripta</strong></span> <span class='ocrx_word' id='word_1_512' title='bbox 760 3111 843 3142; x_wconf 91' lang='lat' dir='ltr'><strong>sunt</strong></span> <span class='ocrx_word' id='word_1_513' title='bbox 867 3107 1075 3152; x_wconf 89' lang='lat' dir='ltr'><strong>spectanda.</strong></span> 
     </span>
    </p>

    <p class='ocr_par' dir='ltr' id='par_1_4' title="bbox 141 3148 1229 3417">
     <span class='ocr_line' id='line_1_67' title="bbox 187 3148 1229 3197; baseline 0.004 -13"><span class='ocrx_word' id='word_1_514' title='bbox 187 3148 235 3185; x_wconf 87' lang='lat'><strong>51</strong></span> <span class='ocrx_word' id='word_1_515' title='bbox 265 3149 510 3186; x_wconf 74' lang='lat' dir='ltr'><strong><em>PAPJNJANUS</em></strong></span> <span class='ocrx_word' id='word_1_516' title='bbox 531 3151 621 3186; x_wconf 75' lang='lat' dir='ltr'><strong>libro</strong></span> <span class='ocrx_word' id='word_1_517' title='bbox 647 3154 778 3196; x_wconf 79' lang='lat' dir='ltr'><strong>quarto</strong></span> <span class='ocrx_word' id='word_1_518' title='bbox 804 3154 1053 3197; x_wconf 78' lang='lat' dir='ltr'><strong>quaestionum</strong></span> <span class='ocrx_word' id='word_1_519' title='bbox 1106 3152 1175 3188; x_wconf 86' lang='lat' dir='ltr'><strong>Sed</strong></span> <span class='ocrx_word' id='word_1_520' title='bbox 1199 3153 1229 3188; x_wconf 90' lang='lat' dir='ltr'><strong>si</strong></span> 
     </span>
     <span class='ocr_line' id='line_1_68' title="bbox 142 3196 1227 3240; baseline 0.005 -12"><span class='ocrx_word' id='word_1_521' title='bbox 142 3199 257 3229; x_wconf 87' lang='lat' dir='ltr'><strong>certos</strong></span> <span class='ocrx_word' id='word_1_522' title='bbox 282 3206 443 3231; x_wconf 91' lang='lat' dir='ltr'><strong>nummos</strong></span> <span class='ocrx_word' id='word_1_523' title='bbox 468 3196 589 3238; x_wconf 88' lang='lat' dir='ltr'><strong>(veluti</strong></span> <span class='ocrx_word' id='word_1_524' title='bbox 614 3207 703 3240; x_wconf 91' lang='lat' dir='ltr'><strong>quos</strong></span> <span class='ocrx_word' id='word_1_525' title='bbox 727 3196 764 3230; x_wconf 90' lang='lat' dir='ltr'><strong>in</strong></span> <span class='ocrx_word' id='word_1_526' title='bbox 789 3207 874 3232; x_wconf 90' lang='lat' dir='ltr'><strong>arca</strong></span> <span class='ocrx_word' id='word_1_527' title='bbox 897 3197 1018 3239; x_wconf 89' lang='lat' dir='ltr'><strong>habet)</strong></span> <span class='ocrx_word' id='word_1_528' title='bbox 1055 3201 1119 3232; x_wconf 90' lang='lat' dir='ltr'><strong>aut</strong></span> <span class='ocrx_word' id='word_1_529' title='bbox 1152 3208 1227 3233; x_wconf 90' lang='lat' dir='ltr'><strong>cer-</strong></span> 
     </span>
     <span class='ocr_line' id='line_1_69' title="bbox 143 3239 1229 3287; baseline 0.006 -15"><span class='ocrx_word' id='word_1_530' title='bbox 143 3243 215 3273; x_wconf 89' lang='lat' dir='ltr'><strong>tam</strong></span> <span class='ocrx_word' id='word_1_531' title='bbox 240 3239 377 3275; x_wconf 89' lang='lat' dir='ltr'><strong>lancem</strong></span> <span class='ocrx_word' id='word_1_532' title='bbox 399 3241 539 3286; x_wconf 89' lang='lat' dir='ltr'><strong>legavit,</strong></span> <span class='ocrx_word' id='word_1_533' title='bbox 564 3252 637 3276; x_wconf 90' lang='lat' dir='ltr'><strong>non</strong></span> <span class='ocrx_word' id='word_1_534' title='bbox 660 3246 849 3278; x_wconf 84' lang='lat' dir='ltr'><strong>numerata</strong></span> <span class='ocrx_word' id='word_1_535' title='bbox 871 3242 1036 3287; x_wconf 85' lang='lat' dir='ltr'><strong>pecunia,</strong></span> <span class='ocrx_word' id='word_1_536' title='bbox 1062 3242 1126 3279; x_wconf 90' lang='lat' dir='ltr'><strong>sed</strong></span> <span class='ocrx_word' id='word_1_537' title='bbox 1149 3243 1229 3287; x_wconf 89' lang='lat' dir='ltr'><strong>ipsa</strong></span> 
     </span>
     <span class='ocr_line' id='line_1_70' title="bbox 142 3286 1227 3331; baseline 0.004 -12"><span class='ocrx_word' id='word_1_538' title='bbox 142 3294 296 3328; x_wconf 90' lang='lat' dir='ltr'><strong>corpora</strong></span> <span class='ocrx_word' id='word_1_539' title='bbox 318 3296 540 3321; x_wconf 91' lang='lat' dir='ltr'><strong>nummorum</strong></span> <span class='ocrx_word' id='word_1_540' title='bbox 563 3286 619 3321; x_wconf 93' lang='lat' dir='ltr'><strong>vel</strong></span> <span class='ocrx_word' id='word_1_541' title='bbox 642 3286 694 3321; x_wconf 89' lang='lat' dir='ltr'><strong>rei</strong></span> <span class='ocrx_word' id='word_1_542' title='bbox 716 3287 879 3331; x_wconf 74' lang='lat' dir='ltr'><strong>legatae-&#39;³</strong></span> <span class='ocrx_word' id='word_1_543' title='bbox 914 3288 1142 3323; x_wconf 86' lang='lat' dir='ltr'><strong>continentur</strong></span> <span class='ocrx_word' id='word_1_544' title='bbox 1166 3298 1227 3323; x_wconf 90' lang='grc'>110-</span> 
     </span>
     <span class='ocr_line' id='line_1_71' title="bbox 141 3330 1229 3377; baseline 0.006 -15"><span class='ocrx_word' id='word_1_545' title='bbox 141 3338 210 3374; x_wconf 90' lang='lat' dir='ltr'><strong>que</strong></span> <span class='ocrx_word' id='word_1_546' title='bbox 241 3330 535 3373; x_wconf 84' lang='lat' dir='ltr'><strong>permutationem</strong></span> <span class='ocrx_word' id='word_1_547' title='bbox 565 3331 744 3376; x_wconf 90' lang='lat' dir='ltr'><strong>recipiunt</strong></span> <span class='ocrx_word' id='word_1_548' title='bbox 776 3336 811 3367; x_wconf 89' lang='lat' dir='ltr'><strong>et</strong></span> <span class='ocrx_word' id='word_1_549' title='bbox 846 3333 1005 3377; x_wconf 85' lang='lat' dir='ltr'><strong>exemplo</strong></span> <span class='ocrx_word' id='word_1_550' title='bbox 1040 3333 1229 3369; x_wconf 90' lang='lat' dir='ltr'><strong>cuiuslibet</strong></span> 
     </span>
     <span class='ocr_line' id='line_1_72' title="bbox 142 3374 663 3417; baseline 0.002 -7"><span class='ocrx_word' id='word_1_551' title='bbox 142 3374 303 3417; x_wconf 86' lang='lat' dir='ltr'><strong>corporis</strong></span> <span class='ocrx_word' id='word_1_552' title='bbox 329 3375 547 3410; x_wconf 88' lang='lat' dir='ltr'><strong>aestimanda</strong></span> <span class='ocrx_word' id='word_1_553' title='bbox 571 3381 663 3411; x_wconf 90' lang='lat' dir='ltr'><strong>sunt.</strong></span> 
     </span>
    </p>

    <p class='ocr_par' dir='ltr' id='par_1_5' title="bbox 141 3417 1228 3554">
     <span class='ocr_line' id='line_1_73' title="bbox 187 3417 1228 3465; baseline 0.001 -9"><span class='ocrx_word' id='word_1_554' title='bbox 187 3417 240 3456; x_wconf 87' lang='lat'><strong>52</strong></span> <span class='ocrx_word' id='word_1_555' title='bbox 265 3418 424 3454; x_wconf 76' lang='lat' dir='ltr'><strong><em>PAULUS</em></strong></span> <span class='ocrx_word' id='word_1_556' title='bbox 444 3420 534 3455; x_wconf 78' lang='lat' dir='ltr'><strong>libro</strong></span> <span class='ocrx_word' id='word_1_557' title='bbox 559 3425 690 3465; x_wconf 82' lang='lat' dir='ltr'><strong>quarto</strong></span> <span class='ocrx_word' id='word_1_558' title='bbox 714 3422 764 3456; x_wconf 84' lang='lat' dir='ltr'><strong>ad</strong></span> <span class='ocrx_word' id='word_1_559' title='bbox 779 3420 952 3457; x_wconf 74' lang='lat' dir='ltr'><strong>Sabinum</strong></span> <span class='ocrx_word' id='word_1_560' title='bbox 1001 3422 1038 3457; x_wconf 85' lang='lat' dir='ltr'><strong>Si</strong></span> <span class='ocrx_word' id='word_1_561' title='bbox 1055 3423 1112 3457; x_wconf 91' lang='lat' dir='ltr'><strong>cui</strong></span> <span class='ocrx_word' id='word_1_562' title='bbox 1136 3423 1228 3458; x_wconf 89' lang='lat' dir='ltr'><strong>servi</strong></span> 
     </span>
     <span class='ocr_line' id='line_1_74' title="bbox 141 3465 1227 3510; baseline 0.003 -10"><span class='ocrx_word' id='word_1_563' title='bbox 141 3475 263 3500; x_wconf 86' lang='lat' dir='ltr'><strong>omnes</strong></span> <span class='ocrx_word' id='word_1_564' title='bbox 289 3474 368 3498; x_wconf 90' lang='lat' dir='ltr'><strong>cum</strong></span> <span class='ocrx_word' id='word_1_565' title='bbox 392 3465 530 3508; x_wconf 86' lang='lat' dir='ltr'><strong>peculio</strong></span> <span class='ocrx_word' id='word_1_566' title='bbox 554 3466 663 3510; x_wconf 90' lang='lat' dir='ltr'><strong>legati</strong></span> <span class='ocrx_word' id='word_1_567' title='bbox 687 3467 769 3509; x_wconf 92' lang='lat' dir='ltr'><strong>sint,</strong></span> <span class='ocrx_word' id='word_1_568' title='bbox 795 3467 900 3501; x_wconf 89' lang='lat' dir='ltr'><strong>etiam</strong></span> <span class='ocrx_word' id='word_1_569' title='bbox 923 3467 961 3502; x_wconf 90' lang='lat' dir='ltr'><strong>hi</strong></span> <span class='ocrx_word' id='word_1_570' title='bbox 984 3468 1076 3503; x_wconf 88' lang='lat' dir='ltr'><strong>servi</strong></span> <span class='ocrx_word' id='word_1_571' title='bbox 1095 3468 1227 3503; x_wconf 90' lang='lat' dir='ltr'><strong>deben-</strong></span> 
     </span>
     <span class='ocr_line' id='line_1_75' title="bbox 144 3509 1226 3554; baseline 0.005 -11"><span class='ocrx_word' id='word_1_572' title='bbox 144 3513 157 3543; x_wconf 90' lang='lat'>1</span> <span class='ocrx_word' id='word_1_573' title='bbox 209 3514 279 3550; x_wconf 87' lang='lat' dir='ltr'><strong>tur,</strong></span> <span class='ocrx_word' id='word_1_574' title='bbox 305 3509 365 3553; x_wconf 87' lang='lat' dir='ltr'><strong>qui</strong></span> <span class='ocrx_word' id='word_1_575' title='bbox 389 3509 524 3544; x_wconf 89' lang='lat' dir='ltr'><strong>nullum</strong></span> <span class='ocrx_word' id='word_1_576' title='bbox 555 3511 732 3554; x_wconf 89' lang='lat' dir='ltr'><strong>peculium</strong></span> <span class='ocrx_word' id='word_1_577' title='bbox 763 3512 906 3547; x_wconf 89' lang='lat' dir='ltr'><strong>habent.</strong></span> <span class='ocrx_word' id='word_1_578' title='bbox 962 3512 1000 3548; x_wconf 92' lang='lat' dir='ltr'><strong>Si</strong></span> <span class='ocrx_word' id='word_1_579' title='bbox 1023 3523 1045 3548; x_wconf 85' lang='lat' dir='ltr'><strong>a</strong></span> <span class='ocrx_word' id='word_1_580' title='bbox 1075 3512 1148 3548; x_wconf 91' lang='lat' dir='ltr'><strong>filio</strong></span> <span class='ocrx_word' id='word_1_581' title='bbox 1173 3513 1226 3548; x_wconf 91' lang='lat' dir='ltr'><strong>in-</strong></span> 
     </span>
    </p>
   </div>
   <div class='ocr_carea' id='block_1_3' title="bbox 241 3587 492 3591">
    <p class='ocr_par' dir='ltr' id='par_1_6' title="bbox 241 3587 492 3591">
     <span class='ocr_line' id='line_1_76' title="bbox 241 3587 492 3591; baseline 0 0"><span class='ocrx_word' id='word_1_582' title='bbox 241 3587 492 3591; x_wconf 95' lang='lat' dir='ltr'><strong> </strong></span> 
     </span>
    </p>
   </div>
   <div class='ocr_carea' id='block_1_4' title="bbox 142 3622 1223 3757">
    <p class='ocr_par' dir='ltr' id='par_1_7' title="bbox 142 3622 1223 3757">
     <span class='ocr_line' id='line_1_77' title="bbox 143 3622 1222 3669; baseline 0.002 -12"><span class='ocrx_word' id='word_1_583' title='bbox 143 3627 180 3664; x_wconf 77' lang='lat'><strong>(1)</strong></span> <span class='ocrx_word' id='word_1_584' title='bbox 206 3625 305 3657; x_wconf 85' lang='lat' dir='ltr'><strong>verba</strong></span> <span class='ocrx_word' id='word_1_585' title='bbox 320 3627 335 3662; x_wconf 84' lang='lat'><strong>§</strong></span> <span class='ocrx_word' id='word_1_586' title='bbox 351 3630 367 3656; x_wconf 80' lang='lat'><strong>3</strong></span> <span class='ocrx_word' id='word_1_587' title='bbox 380 3622 467 3664; x_wconf 89' lang='lat' dir='ltr'><strong>quod</strong></span> <span class='ocrx_word' id='word_1_588' title='bbox 481 3622 510 3654; x_wconf 80' lang='lat' dir='ltr'><strong>si</strong></span> <span class='ocrx_word' id='word_1_589' title='bbox 523 3648 531 3655; x_wconf 89' lang='lat'><strong>.</strong></span> <span class='ocrx_word' id='word_1_590' title='bbox 542 3646 549 3654; x_wconf 90' lang='lat'><strong>.</strong></span> <span class='ocrx_word' id='word_1_591' title='bbox 560 3646 567 3654; x_wconf 92' lang='lat'><strong>.</strong></span> <span class='ocrx_word' id='word_1_592' title='bbox 591 3624 768 3657; x_wconf 82' lang='lat' dir='ltr'><strong>sentientis</strong></span> <span class='ocrx_word' id='word_1_593' title='bbox 782 3625 974 3659; x_wconf 85' lang='lat' dir='ltr'><strong>collocanda</strong></span> <span class='ocrx_word' id='word_1_594' title='bbox 990 3634 1066 3659; x_wconf 76' lang='lat' dir='ltr'><strong>sunt</strong></span> <span class='ocrx_word' id='word_1_595' title='bbox 1072 3635 1150 3669; x_wconf 83' lang='lat' dir='ltr'><strong>post</strong></span> <span class='ocrx_word' id='word_1_596' title='bbox 1162 3637 1222 3658; x_wconf 88' lang='lat' dir='ltr'><strong>nu-</strong></span> 
     </span>
     <span class='ocr_line' id='line_1_78' title="bbox 142 3667 1223 3713; baseline 0.003 -13"><span class='ocrx_word' id='word_1_597' title='bbox 142 3668 343 3700; x_wconf 85' lang='lat' dir='ltr'><strong>merabimus</strong></span> <span class='ocrx_word' id='word_1_598' title='bbox 422 3673 462 3706; x_wconf 71' lang='grc'><strong>12)</strong></span> <span class='ocrx_word' id='word_1_599' title='bbox 489 3667 635 3708; x_wconf 88' lang='lat' dir='ltr'><strong>legatum</strong></span> <span class='ocrx_word' id='word_1_600' title='bbox 648 3669 710 3701; x_wconf 83' lang='lat' dir='ltr'><strong>del.</strong></span> <span class='ocrx_word' id='word_1_601' title='bbox 783 3672 823 3710; x_wconf 79' lang='lat'><strong>(3)</strong></span> <span class='ocrx_word' id='word_1_602' title='bbox 850 3670 979 3702; x_wconf 90' lang='lat' dir='ltr'><strong>domini</strong></span> <span class='ocrx_word' id='word_1_603' title='bbox 991 3681 1052 3713; x_wconf 87' lang='lat' dir='ltr'><strong>pro</strong></span> <span class='ocrx_word' id='word_1_604' title='bbox 1068 3672 1223 3712; x_wconf 87' lang='lat' dir='ltr'><strong>portione</strong></span> 
     </span>
     <span class='ocr_line' id='line_1_79' title="bbox 143 3711 1223 3757; baseline 0.004 -13"><span class='ocrx_word' id='word_1_605' title='bbox 143 3712 291 3755; x_wconf 88' lang='lat' dir='ltr'><strong>legatum</strong></span> <span class='ocrx_word' id='word_1_606' title='bbox 305 3714 335 3745; x_wconf 89' lang='lat' dir='ltr'><strong>ei</strong></span> <span class='ocrx_word' id='word_1_607' title='bbox 349 3712 504 3745; x_wconf 88' lang='lat' dir='ltr'><strong>relictum</strong></span> <span class='ocrx_word' id='word_1_608' title='bbox 517 3711 697 3753; x_wconf 68' lang='lat' dir='ltr'><strong>adquirant</strong></span> <span class='ocrx_word' id='word_1_609' title='bbox 709 3727 769 3747; x_wconf 75' lang='lat' dir='ltr'><strong>scr.</strong></span> <span class='ocrx_word' id='word_1_610' title='bbox 878 3719 919 3757; x_wconf 75' lang='lat'><strong>(4)</strong></span> <span class='ocrx_word' id='word_1_611' title='bbox 945 3715 1157 3748; x_wconf 72' lang='lat' dir='ltr'><strong>adiudicatur</strong></span> <span class='ocrx_word' id='word_1_612' title='bbox 1169 3715 1223 3749; x_wconf 82' lang='lat' dir='ltr'><strong>F2</strong></span> 
     </span>
    </p>
   </div>
   <div class='ocr_carea' id='block_1_5' title="bbox 1229 85 1308 132">
    <p class='ocr_par' dir='ltr' id='par_1_8' title="bbox 1229 85 1308 132">
     <span class='ocr_line' id='line_1_80' title="bbox 1229 85 1308 132; baseline -0.013 0"><span class='ocrx_word' id='word_1_613' title='bbox 1229 85 1308 132; x_wconf 82' lang='lat'><strong>421</strong></span> 
     </span>
    </p>
   </div>
   <div class='ocr_carea' id='block_1_6' title="bbox 1294 3670 1630 3759">
    <p class='ocr_par' dir='ltr' id='par_1_9' title="bbox 1294 3670 1630 3759">
     <span class='ocr_line' id='line_1_81' title="bbox 1294 3670 1622 3704; baseline 0.003 -3"><span class='ocrx_word' id='word_1_614' title='bbox 1294 3681 1361 3702; x_wconf 88' lang='lat' dir='ltr'><strong>non</strong></span> <span class='ocrx_word' id='word_1_615' title='bbox 1376 3670 1549 3703; x_wconf 86' lang='lat' dir='ltr'><strong>tenebitur</strong></span> <span class='ocrx_word' id='word_1_616' title='bbox 1561 3671 1622 3704; x_wconf 79' lang='lat' dir='ltr'><strong>del.</strong></span> 
     </span>
     <span class='ocr_line' id='line_1_82' title="bbox 1294 3715 1630 3759; baseline 0.006 -12"><span class='ocrx_word' id='word_1_617' title='bbox 1294 3715 1458 3748; x_wconf 72' lang='lat' dir='ltr'><strong>habeantz</strong></span> <span class='ocrx_word' id='word_1_618' title='bbox 1473 3717 1556 3759; x_wconf 87' lang='lat' dir='ltr'><strong>quin</strong></span> <span class='ocrx_word' id='word_1_619' title='bbox 1568 3728 1630 3750; x_wconf 73' lang='lat' dir='ltr'><strong>scr.</strong></span> 
     </span>
    </p>
   </div>
   <div class='ocr_carea' id='block_1_7' title="bbox 2266 86 2392 128">
    <p class='ocr_par' dir='ltr' id='par_1_10' title="bbox 2266 86 2392 128">
     <span class='ocr_line' id='line_1_83' title="bbox 2266 86 2392 128; baseline 0 0"><span class='ocrx_word' id='word_1_620' title='bbox 2266 86 2392 128; x_wconf 89' lang='lat' dir='ltr'><strong>XXX</strong></span> 
     </span>
    </p>
   </div>
   <div class='ocr_carea' id='block_1_8' title="bbox 1296 210 2398 3558">
    <p class='ocr_par' dir='ltr' id='par_1_11' title="bbox 1300 210 2393 427">
     <span class='ocr_line' id='line_1_84' title="bbox 1300 210 2392 255; baseline -0.001 -11"><span class='ocrx_word' id='word_1_621' title='bbox 1300 210 1436 255; x_wconf 84' lang='lat' dir='ltr'><strong>pubere</strong></span> <span class='ocrx_word' id='word_1_622' title='bbox 1460 211 1527 246; x_wconf 88' lang='lat' dir='ltr'><strong>sub</strong></span> <span class='ocrx_word' id='word_1_623' title='bbox 1552 210 1762 246; x_wconf 89' lang='lat' dir='ltr'><strong>condicione</strong></span> <span class='ocrx_word' id='word_1_624' title='bbox 1785 210 1941 254; x_wconf 87' lang='lat' dir='ltr'><strong>legatum</strong></span> <span class='ocrx_word' id='word_1_625' title='bbox 1965 210 2012 245; x_wconf 90' lang='lat' dir='ltr'><strong>sit</strong></span> <span class='ocrx_word' id='word_1_626' title='bbox 2037 213 2072 244; x_wconf 95' lang='lat' dir='ltr'><strong>et</strong></span> <span class='ocrx_word' id='word_1_627' title='bbox 2095 210 2188 244; x_wconf 82' lang='lat' dir='ltr'><strong>filius</strong></span> <span class='ocrx_word' id='word_1_628' title='bbox 2203 210 2306 244; x_wconf 89' lang='lat' dir='ltr'><strong>heres</strong></span> <span class='ocrx_word' id='word_1_629' title='bbox 2332 220 2392 244; x_wconf 84' lang='lat' dir='ltr'><strong>ex-</strong></span> 
     </span>
     <span class='ocr_line' id='line_1_85' title="bbox 1300 254 2391 300; baseline -0.003 -9"><span class='ocrx_word' id='word_1_630' title='bbox 1300 255 1400 293; x_wconf 79' lang='lat' dir='ltr'><strong>stitit.</strong></span> <span class='ocrx_word' id='word_1_631' title='bbox 1426 256 1552 291; x_wconf 91' lang='lat' dir='ltr'><strong>deinde</strong></span> <span class='ocrx_word' id='word_1_632' title='bbox 1575 258 1736 290; x_wconf 89' lang='lat' dir='ltr'><strong>mortuus</strong></span> <span class='ocrx_word' id='word_1_633' title='bbox 1755 259 1819 296; x_wconf 87' lang='lat' dir='ltr'><strong>est,</strong></span> <span class='ocrx_word' id='word_1_634' title='bbox 1844 258 1964 300; x_wconf 89' lang='lat' dir='ltr'><strong>potest</strong></span> <span class='ocrx_word' id='word_1_635' title='bbox 1984 255 2054 290; x_wconf 91' lang='lat' dir='ltr'><strong>dici</strong></span> <span class='ocrx_word' id='word_1_636' title='bbox 2070 259 2209 300; x_wconf 87' lang='lat' dir='ltr'><strong>patrem</strong></span> <span class='ocrx_word' id='word_1_637' title='bbox 2226 254 2391 296; x_wconf 86' lang='lat' dir='ltr'><strong>familias,</strong></span> 
     </span>
     <span class='ocr_line' id='line_1_86' title="bbox 1301 300 2393 345; baseline -0.001 -10"><span class='ocrx_word' id='word_1_638' title='bbox 1301 301 1362 345; x_wconf 91' lang='lat' dir='ltr'><strong>qui</strong></span> <span class='ocrx_word' id='word_1_639' title='bbox 1386 311 1408 336; x_wconf 87' lang='lat' dir='ltr'><strong>a</strong></span> <span class='ocrx_word' id='word_1_640' title='bbox 1431 300 1504 337; x_wconf 88' lang='lat' dir='ltr'><strong>filio</strong></span> <span class='ocrx_word' id='word_1_641' title='bbox 1529 301 1596 336; x_wconf 90' lang='lat' dir='ltr'><strong>sub</strong></span> <span class='ocrx_word' id='word_1_642' title='bbox 1621 300 1832 335; x_wconf 88' lang='lat' dir='ltr'><strong>condicione</strong></span> <span class='ocrx_word' id='word_1_643' title='bbox 1863 300 2002 344; x_wconf 88' lang='lat' dir='ltr'><strong>legavit,</strong></span> <span class='ocrx_word' id='word_1_644' title='bbox 2028 310 2050 335; x_wconf 87' lang='lat' dir='ltr'><strong>a</strong></span> <span class='ocrx_word' id='word_1_645' title='bbox 2074 300 2271 335; x_wconf 89' lang='lat' dir='ltr'><strong>substituto</strong></span> <span class='ocrx_word' id='word_1_646' title='bbox 2304 310 2393 345; x_wconf 89' lang='lat' dir='ltr'><strong>pure</strong></span> 
     </span>
     <span class='ocr_line' id='line_1_87' title="bbox 1300 344 2391 391; baseline -0.002 -10"><span class='ocrx_word' id='word_1_647' title='bbox 1300 346 1440 391; x_wconf 89' lang='lat' dir='ltr'><strong>repetit,</strong></span> <span class='ocrx_word' id='word_1_648' title='bbox 1466 347 1588 382; x_wconf 86' lang='lat' dir='ltr'><strong>statim</strong></span> <span class='ocrx_word' id='word_1_649' title='bbox 1604 345 1760 380; x_wconf 89' lang='lat' dir='ltr'><strong>voluisse</strong></span> <span class='ocrx_word' id='word_1_650' title='bbox 1777 355 1798 379; x_wconf 89' lang='lat' dir='ltr'><strong>a</strong></span> <span class='ocrx_word' id='word_1_651' title='bbox 1815 346 2008 380; x_wconf 87' lang='lat' dir='ltr'><strong>substituto</strong></span> <span class='ocrx_word' id='word_1_652' title='bbox 2028 345 2116 387; x_wconf 90' lang='lat' dir='ltr'><strong>dari,</strong></span> <span class='ocrx_word' id='word_1_653' title='bbox 2141 346 2173 380; x_wconf 86' lang='lat' dir='ltr'><strong>si</strong></span> <span class='ocrx_word' id='word_1_654' title='bbox 2188 344 2282 380; x_wconf 83' lang='lat' dir='ltr'><strong>filius</strong></span> <span class='ocrx_word' id='word_1_655' title='bbox 2306 354 2391 391; x_wconf 89' lang='lat' dir='ltr'><strong>pen-</strong></span> 
     </span>
     <span class='ocr_line' id='line_1_88' title="bbox 1301 389 1891 427; baseline -0.002 -2"><span class='ocrx_word' id='word_1_656' title='bbox 1301 391 1406 426; x_wconf 87' lang='lat' dir='ltr'><strong>dente</strong></span> <span class='ocrx_word' id='word_1_657' title='bbox 1432 391 1644 427; x_wconf 89' lang='lat' dir='ltr'><strong>condicione</strong></span> <span class='ocrx_word' id='word_1_658' title='bbox 1668 389 1891 425; x_wconf 86' lang='lat' dir='ltr'><strong>decessisset.</strong></span> 
     </span>
    </p>

    <p class='ocr_par' dir='ltr' id='par_1_12' title="bbox 1298 434 2398 2191">
     <span class='ocr_line' id='line_1_89' title="bbox 1347 434 2391 481; baseline -0.002 -9"><span class='ocrx_word' id='word_1_659' title='bbox 1347 434 1399 473; x_wconf 87' lang='lat'><strong>53</strong></span> <span class='ocrx_word' id='word_1_660' title='bbox 1433 436 1628 472; x_wconf 78' lang='lat' dir='ltr'><strong><em>ULPJANUS</em></strong></span> <span class='ocrx_word' id='word_1_661' title='bbox 1659 436 1749 471; x_wconf 80' lang='lat' dir='ltr'><strong>libro</strong></span> <span class='ocrx_word' id='word_1_662' title='bbox 1785 436 1950 470; x_wconf 73' lang='lat' dir='ltr'><strong>vicesimo</strong></span> <span class='ocrx_word' id='word_1_663' title='bbox 1984 438 2108 481; x_wconf 77' lang='lat' dir='ltr'><strong>quinto</strong></span> <span class='ocrx_word' id='word_1_664' title='bbox 2145 436 2195 472; x_wconf 87' lang='lat' dir='ltr'><strong>ad</strong></span> <span class='ocrx_word' id='word_1_665' title='bbox 2217 434 2391 472; x_wconf 77' lang='lat' dir='ltr'><strong>Sabinum</strong></span> 
     </span>
     <span class='ocr_line' id='line_1_90' title="bbox 1301 481 2392 526; baseline 0 -10"><span class='ocrx_word' id='word_1_666' title='bbox 1301 481 1395 526; x_wconf 80' lang='lat' dir='ltr'><strong>Quid</strong></span> <span class='ocrx_word' id='word_1_667' title='bbox 1419 492 1522 526; x_wconf 90' lang='lat' dir='ltr'><strong>ergo,</strong></span> <span class='ocrx_word' id='word_1_668' title='bbox 1556 482 1587 516; x_wconf 90' lang='lat' dir='ltr'><strong>si</strong></span> <span class='ocrx_word' id='word_1_669' title='bbox 1611 481 1779 515; x_wconf 90' lang='lat' dir='ltr'><strong>maiorem</strong></span> <span class='ocrx_word' id='word_1_670' title='bbox 1804 481 2039 525; x_wconf 85' lang='lat' dir='ltr'><strong>quantitatem</strong></span> <span class='ocrx_word' id='word_1_671' title='bbox 2071 492 2094 516; x_wconf 90' lang='lat' dir='ltr'><strong>a</strong></span> <span class='ocrx_word' id='word_1_672' title='bbox 2117 481 2311 517; x_wconf 89' lang='lat' dir='ltr'><strong>substituto</strong></span> <span class='ocrx_word' id='word_1_673' title='bbox 2336 491 2392 516; x_wconf 90' lang='lat' dir='ltr'><strong>re-</strong></span> 
     </span>
     <span class='ocr_line' id='line_1_91' title="bbox 1298 525 2393 572; baseline 0.001 -11"><span class='ocrx_word' id='word_1_674' title='bbox 1298 526 1428 571; x_wconf 82' lang='lat' dir='ltr'><strong>liquit?</strong></span> <span class='ocrx_word' id='word_1_675' title='bbox 1453 527 1549 572; x_wconf 92' lang='lat' dir='ltr'><strong>quod</strong></span> <span class='ocrx_word' id='word_1_676' title='bbox 1574 526 1724 568; x_wconf 86' lang='lat' dir='ltr'><strong>excedit,</strong></span> <span class='ocrx_word' id='word_1_677' title='bbox 1749 526 1818 560; x_wconf 92' lang='lat' dir='ltr'><strong>hoc</strong></span> <span class='ocrx_word' id='word_1_678' title='bbox 1844 525 1920 567; x_wconf 92' lang='lat' dir='ltr'><strong>erit,</strong></span> <span class='ocrx_word' id='word_1_679' title='bbox 1953 525 2049 570; x_wconf 92' lang='lat' dir='ltr'><strong>quod</strong></span> <span class='ocrx_word' id='word_1_680' title='bbox 2072 537 2095 561; x_wconf 88' lang='lat' dir='ltr'><strong>a</strong></span> <span class='ocrx_word' id='word_1_681' title='bbox 2118 527 2311 562; x_wconf 86' lang='lat' dir='ltr'><strong>substituto</strong></span> <span class='ocrx_word' id='word_1_682' title='bbox 2337 536 2393 562; x_wconf 88' lang='lat' dir='ltr'><strong>re-</strong></span> 
     </span>
     <span class='ocr_line' id='line_1_92' title="bbox 1298 571 2394 617; baseline 0.001 -11"><span class='ocrx_word' id='word_1_683' title='bbox 1298 572 1423 607; x_wconf 91' lang='lat' dir='ltr'><strong>lictum</strong></span> <span class='ocrx_word' id='word_1_684' title='bbox 1448 576 1520 607; x_wconf 89' lang='lat' dir='ltr'><strong>est:</strong></span> <span class='ocrx_word' id='word_1_685' title='bbox 1547 571 1643 617; x_wconf 91' lang='lat' dir='ltr'><strong>quod</strong></span> <span class='ocrx_word' id='word_1_686' title='bbox 1666 581 1749 606; x_wconf 88' lang='lat' dir='ltr'><strong>vero</strong></span> <span class='ocrx_word' id='word_1_687' title='bbox 1772 571 1955 606; x_wconf 88' lang='lat' dir='ltr'><strong>concurrit</strong></span> <span class='ocrx_word' id='word_1_688' title='bbox 1974 581 2055 606; x_wconf 93' lang='lat' dir='ltr'><strong>cum</strong></span> <span class='ocrx_word' id='word_1_689' title='bbox 2080 582 2218 607; x_wconf 89' lang='lat' dir='ltr'><strong>summa</strong></span> <span class='ocrx_word' id='word_1_690' title='bbox 2232 582 2274 607; x_wconf 92' lang='grc'><strong>311</strong></span> <span class='ocrx_word' id='word_1_691' title='bbox 2302 572 2394 607; x_wconf 90' lang='lat' dir='ltr'><strong>erio-</strong></span> 
     </span>
     <span class='ocr_line' id='line_1_93' title="bbox 1306 616 2394 661; baseline 0.001 -10"><span class='ocrx_word' id='word_1_692' title='bbox 1306 620 1316 651; x_wconf 86' lang='lat'><em>1</em></span> <span class='ocrx_word' id='word_1_693' title='bbox 1368 617 1468 653; x_wconf 91' lang='lat' dir='ltr'><strong>ribus</strong></span> <span class='ocrx_word' id='word_1_694' title='bbox 1501 617 1633 652; x_wconf 90' lang='lat' dir='ltr'><strong>tabulis</strong></span> <span class='ocrx_word' id='word_1_695' title='bbox 1665 616 1859 661; x_wconf 85' lang='lat' dir='ltr'><strong>inscripta,</strong></span> <span class='ocrx_word' id='word_1_696' title='bbox 1891 616 1975 651; x_wconf 93' lang='lat' dir='ltr'><strong>inde</strong></span> <span class='ocrx_word' id='word_1_697' title='bbox 2008 616 2203 652; x_wconf 89' lang='lat' dir='ltr'><strong>debebitur.</strong></span> <span class='ocrx_word' id='word_1_698' title='bbox 2286 616 2329 652; x_wconf 90' lang='lat' dir='ltr'><strong>ed</strong></span> <span class='ocrx_word' id='word_1_699' title='bbox 2364 616 2394 652; x_wconf 87' lang='lat' dir='ltr'><strong>si</strong></span> 
     </span>
     <span class='ocr_line' id='line_1_94' title="bbox 1298 661 2394 707; baseline 0 -10"><span class='ocrx_word' id='word_1_700' title='bbox 1298 662 1481 707; x_wconf 89' lang='lat' dir='ltr'><strong>repetierit</strong></span> <span class='ocrx_word' id='word_1_701' title='bbox 1504 663 1661 707; x_wconf 88' lang='lat' dir='ltr'><strong>legatum</strong></span> <span class='ocrx_word' id='word_1_702' title='bbox 1685 672 1766 697; x_wconf 89' lang='lat' dir='ltr'><strong>cum</strong></span> <span class='ocrx_word' id='word_1_703' title='bbox 1791 662 1872 704; x_wconf 90' lang='lat' dir='ltr'><strong>alio,</strong></span> <span class='ocrx_word' id='word_1_704' title='bbox 1897 661 1992 696; x_wconf 83' lang='lat' dir='ltr'><strong>forte</strong></span> <span class='ocrx_word' id='word_1_705' title='bbox 2015 661 2165 696; x_wconf 84' lang='lat' dir='ltr'><strong>fundum</strong></span> <span class='ocrx_word' id='word_1_706' title='bbox 2189 662 2275 697; x_wconf 93' lang='lat' dir='ltr'><strong>mihi</strong></span> <span class='ocrx_word' id='word_1_707' title='bbox 2298 662 2394 707; x_wconf 88' lang='lat' dir='ltr'><strong>lega-</strong></span> 
     </span>
     <span class='ocr_line' id='line_1_95' title="bbox 1298 707 2395 752; baseline 0.001 -10"><span class='ocrx_word' id='word_1_708' title='bbox 1298 711 1400 742; x_wconf 87' lang='lat' dir='ltr'><strong>verat</strong></span> <span class='ocrx_word' id='word_1_709' title='bbox 1423 707 1468 742; x_wconf 91' lang='lat' dir='ltr'><strong>ab</strong></span> <span class='ocrx_word' id='word_1_710' title='bbox 1493 707 1691 752; x_wconf 89' lang='lat' dir='ltr'><strong>impubere,</strong></span> <span class='ocrx_word' id='word_1_711' title='bbox 1715 708 1858 751; x_wconf 89' lang='lat' dir='ltr'><strong>repetiit</strong></span> <span class='ocrx_word' id='word_1_712' title='bbox 1877 707 1973 742; x_wconf 89' lang='lat' dir='ltr'><strong>hunc</strong></span> <span class='ocrx_word' id='word_1_713' title='bbox 1990 707 2035 742; x_wconf 87' lang='lat' dir='ltr'><strong>ab</strong></span> <span class='ocrx_word' id='word_1_714' title='bbox 2053 707 2247 752; x_wconf 88' lang='lat' dir='ltr'><strong>impuberis</strong></span> <span class='ocrx_word' id='word_1_715' title='bbox 2263 707 2395 743; x_wconf 88' lang='lat' dir='ltr'><strong>herede</strong></span> 
     </span>
     <span class='ocr_line' id='line_1_96' title="bbox 1300 751 2393 797; baseline 0.001 -10"><span class='ocrx_word' id='word_1_716' title='bbox 1300 753 1386 787; x_wconf 91' lang='lat' dir='ltr'><strong>mihi</strong></span> <span class='ocrx_word' id='word_1_717' title='bbox 1411 756 1446 788; x_wconf 94' lang='lat' dir='ltr'><strong>et</strong></span> <span class='ocrx_word' id='word_1_718' title='bbox 1470 753 1564 795; x_wconf 89' lang='lat' dir='ltr'><strong>Seio,</strong></span> <span class='ocrx_word' id='word_1_719' title='bbox 1588 753 1754 797; x_wconf 88' lang='lat' dir='ltr'><strong>repetitio</strong></span> <span class='ocrx_word' id='word_1_720' title='bbox 1779 753 1869 788; x_wconf 89' lang='lat' dir='ltr'><strong>haec</strong></span> <span class='ocrx_word' id='word_1_721' title='bbox 1890 751 2032 793; x_wconf 87' lang='lat' dir='ltr'><strong>efficiet,</strong></span> <span class='ocrx_word' id='word_1_722' title='bbox 2058 755 2098 786; x_wconf 94' lang='lat' dir='ltr'><strong>ut</strong></span> <span class='ocrx_word' id='word_1_723' title='bbox 2122 763 2206 796; x_wconf 89' lang='lat' dir='ltr'><strong>pars</strong></span> <span class='ocrx_word' id='word_1_724' title='bbox 2231 753 2317 787; x_wconf 84' lang='lat' dir='ltr'><strong>mihi</strong></span> <span class='ocrx_word' id='word_1_725' title='bbox 2333 753 2393 788; x_wconf 90' lang='lat' dir='ltr'><strong>de-</strong></span> 
     </span>
     <span class='ocr_line' id='line_1_97' title="bbox 1300 797 2394 842; baseline 0 -10"><span class='ocrx_word' id='word_1_726' title='bbox 1300 800 1320 832; x_wconf 84' lang='lat'>2</span> <span class='ocrx_word' id='word_1_727' title='bbox 1367 798 1508 833; x_wconf 87' lang='lat' dir='ltr'><strong>beatur.</strong></span> <span class='ocrx_word' id='word_1_728' title='bbox 1558 798 1595 832; x_wconf 93' lang='lat' dir='ltr'><strong>Si</strong></span> <span class='ocrx_word' id='word_1_729' title='bbox 1619 798 1699 842; x_wconf 90' lang='lat' dir='ltr'><strong>quis</strong></span> <span class='ocrx_word' id='word_1_730' title='bbox 1725 797 1814 832; x_wconf 89' lang='lat' dir='ltr'><strong>duos</strong></span> <span class='ocrx_word' id='word_1_731' title='bbox 1838 797 1988 832; x_wconf 90' lang='lat' dir='ltr'><strong>heredes</strong></span> <span class='ocrx_word' id='word_1_732' title='bbox 2014 798 2199 842; x_wconf 87' lang='lat' dir='ltr'><strong>scripserit</strong></span> <span class='ocrx_word' id='word_1_733' title='bbox 2235 802 2270 832; x_wconf 94' lang='lat' dir='ltr'><strong>et</strong></span> <span class='ocrx_word' id='word_1_734' title='bbox 2295 798 2394 832; x_wconf 90' lang='lat' dir='ltr'><strong>dam-</strong></span> 
     </span>
     <span class='ocr_line' id='line_1_98' title="bbox 1300 842 2394 888; baseline 0.001 -11"><span class='ocrx_word' id='word_1_735' title='bbox 1300 843 1438 878; x_wconf 87' lang='lat' dir='ltr'><strong>naverit</strong></span> <span class='ocrx_word' id='word_1_736' title='bbox 1459 853 1746 888; x_wconf 90' lang='lat' dir='ltr'><strong>unumquemque</strong></span> <span class='ocrx_word' id='word_1_737' title='bbox 1757 843 1908 878; x_wconf 92' lang='lat' dir='ltr'><strong>solidam</strong></span> <span class='ocrx_word' id='word_1_738' title='bbox 1927 854 2002 877; x_wconf 91' lang='lat' dir='ltr'><strong>rem</strong></span> <span class='ocrx_word' id='word_1_739' title='bbox 2014 842 2185 887; x_wconf 87' lang='lat' dir='ltr'><strong>legatario</strong></span> <span class='ocrx_word' id='word_1_740' title='bbox 2200 847 2394 887; x_wconf 89' lang='lat' dir='ltr'><strong>praestare,</strong></span> 
     </span>
     <span class='ocr_line' id='line_1_99' title="bbox 1299 887 2393 933; baseline 0.001 -11"><span class='ocrx_word' id='word_1_741' title='bbox 1299 887 1392 923; x_wconf 91' lang='lat' dir='ltr'><strong>idem</strong></span> <span class='ocrx_word' id='word_1_742' title='bbox 1416 892 1472 924; x_wconf 92' lang='lat' dir='ltr'><strong>est</strong></span> <span class='ocrx_word' id='word_1_743' title='bbox 1495 892 1603 933; x_wconf 90' lang='lat' dir='ltr'><strong>atque</strong></span> <span class='ocrx_word' id='word_1_744' title='bbox 1627 889 1658 923; x_wconf 92' lang='lat' dir='ltr'><strong>si</strong></span> <span class='ocrx_word' id='word_1_745' title='bbox 1682 888 1823 923; x_wconf 91' lang='lat' dir='ltr'><strong>duobus</strong></span> <span class='ocrx_word' id='word_1_746' title='bbox 1848 888 2069 923; x_wconf 88' lang='lat' dir='ltr'><strong>testamentis</strong></span> <span class='ocrx_word' id='word_1_747' title='bbox 2102 888 2258 933; x_wconf 89' lang='lat' dir='ltr'><strong>legatum</strong></span> <span class='ocrx_word' id='word_1_748' title='bbox 2282 892 2393 923; x_wconf 88' lang='lat' dir='ltr'><strong>esset:</strong></span> 
     </span>
     <span class='ocr_line' id='line_1_100' title="bbox 1299 933 2395 969; baseline 0 -1"><span class='ocrx_word' id='word_1_749' title='bbox 1299 943 1384 968; x_wconf 87' lang='lat' dir='ltr'><strong>nam</strong></span> <span class='ocrx_word' id='word_1_750' title='bbox 1415 937 1451 969; x_wconf 90' lang='lat' dir='ltr'><strong>et</strong></span> <span class='ocrx_word' id='word_1_751' title='bbox 1480 934 1510 969; x_wconf 93' lang='lat' dir='ltr'><strong>si</strong></span> <span class='ocrx_word' id='word_1_752' title='bbox 1534 933 1620 968; x_wconf 92' lang='lat' dir='ltr'><strong>mihi</strong></span> <span class='ocrx_word' id='word_1_753' title='bbox 1652 937 1688 968; x_wconf 89' lang='lat' dir='ltr'><strong>et</strong></span> <span class='ocrx_word' id='word_1_754' title='bbox 1711 933 1783 968; x_wconf 93' lang='lat' dir='ltr'><strong>filio</strong></span> <span class='ocrx_word' id='word_1_755' title='bbox 1816 933 1871 968; x_wconf 91' lang='lat' dir='ltr'><strong>vel</strong></span> <span class='ocrx_word' id='word_1_756' title='bbox 1903 944 2005 968; x_wconf 92' lang='lat' dir='ltr'><strong>servo</strong></span> <span class='ocrx_word' id='word_1_757' title='bbox 2038 944 2114 968; x_wconf 92' lang='lat' dir='ltr'><strong>meo</strong></span> <span class='ocrx_word' id='word_1_758' title='bbox 2149 936 2243 969; x_wconf 87' lang='lat' dir='ltr'><strong>esset</strong></span> <span class='ocrx_word' id='word_1_759' title='bbox 2273 934 2395 969; x_wconf 91' lang='lat' dir='ltr'><strong>eodem</strong></span> 
     </span>
     <span class='ocr_line' id='line_1_101' title="bbox 1299 978 2394 1024; baseline 0 -11"><span class='ocrx_word' id='word_1_760' title='bbox 1299 982 1516 1014; x_wconf 90' lang='lat' dir='ltr'><strong>testamento</strong></span> <span class='ocrx_word' id='word_1_761' title='bbox 1534 979 1702 1024; x_wconf 88' lang='lat' dir='ltr'><strong>legatum,</strong></span> <span class='ocrx_word' id='word_1_762' title='bbox 1719 979 1796 1014; x_wconf 92' lang='lat' dir='ltr'><strong>sine</strong></span> <span class='ocrx_word' id='word_1_763' title='bbox 1813 978 1920 1014; x_wconf 90' lang='lat' dir='ltr'><strong>dubio</strong></span> <span class='ocrx_word' id='word_1_764' title='bbox 1938 979 2073 1014; x_wconf 89' lang='lat' dir='ltr'><strong>valeret</strong></span> <span class='ocrx_word' id='word_1_765' title='bbox 2088 978 2245 1023; x_wconf 89' lang='lat' dir='ltr'><strong>legatum</strong></span> <span class='ocrx_word' id='word_1_766' title='bbox 2262 979 2394 1013; x_wconf 92' lang='lat' dir='ltr'><strong>utrius-</strong></span> 
     </span>
     <span class='ocr_line' id='line_1_102' title="bbox 1300 1023 2396 1069; baseline -0.001 -10"><span class='ocrx_word' id='word_1_767' title='bbox 1300 1027 1321 1060; x_wconf 85' lang='lat'><strong>3</strong></span> <span class='ocrx_word' id='word_1_768' title='bbox 1368 1033 1448 1069; x_wconf 83' lang='lat' dir='ltr'><strong>que,</strong></span> <span class='ocrx_word' id='word_1_769' title='bbox 1486 1027 1528 1059; x_wconf 90' lang='lat' dir='ltr'><strong>ut</strong></span> <span class='ocrx_word' id='word_1_770' title='bbox 1562 1028 1598 1059; x_wconf 91' lang='lat' dir='ltr'><strong>et</strong></span> <span class='ocrx_word' id='word_1_771' title='bbox 1628 1024 1819 1059; x_wconf 91' lang='lat' dir='ltr'><strong>Marcellus</strong></span> <span class='ocrx_word' id='word_1_772' title='bbox 1851 1024 1948 1069; x_wconf 89' lang='lat' dir='ltr'><strong>apud</strong></span> <span class='ocrx_word' id='word_1_773' title='bbox 1979 1024 2158 1059; x_wconf 91' lang='lat' dir='ltr'><strong>Iulianum</strong></span> <span class='ocrx_word' id='word_1_774' title='bbox 2190 1024 2311 1059; x_wconf 89' lang='lat' dir='ltr'><strong>adicit.</strong></span> <span class='ocrx_word' id='word_1_775' title='bbox 2359 1023 2396 1059; x_wconf 89' lang='lat' dir='ltr'><strong>Si</strong></span> 
     </span>
     <span class='ocr_line' id='line_1_103' title="bbox 1299 1069 2396 1113; baseline -0.002 -8"><span class='ocrx_word' id='word_1_776' title='bbox 1299 1069 1403 1105; x_wconf 87' lang='lat' dir='ltr'><strong>heres</strong></span> <span class='ocrx_word' id='word_1_777' title='bbox 1427 1069 1606 1104; x_wconf 90' lang='lat' dir='ltr'><strong>hominem</strong></span> <span class='ocrx_word' id='word_1_778' title='bbox 1630 1070 1786 1113; x_wconf 88' lang='lat' dir='ltr'><strong>legatum</strong></span> <span class='ocrx_word' id='word_1_779' title='bbox 1811 1069 1943 1104; x_wconf 90' lang='lat' dir='ltr'><strong>occidit</strong></span> <span class='ocrx_word' id='word_1_780' title='bbox 1974 1070 2021 1105; x_wconf 90' lang='lat' dir='ltr'><strong>ob</strong></span> <span class='ocrx_word' id='word_1_781' title='bbox 2047 1069 2207 1112; x_wconf 83' lang='lat' dir='ltr'><strong>facinus,</strong></span> <span class='ocrx_word' id='word_1_782' title='bbox 2239 1069 2310 1105; x_wconf 91' lang='lat' dir='ltr'><strong>hoc</strong></span> <span class='ocrx_word' id='word_1_783' title='bbox 2341 1072 2396 1104; x_wconf 89' lang='lat' dir='ltr'><strong>est</strong></span> 
     </span>
     <span class='ocr_line' id='line_1_104' title="bbox 1299 1114 2396 1157; baseline -0.001 -8"><span class='ocrx_word' id='word_1_784' title='bbox 1299 1117 1514 1157; x_wconf 89' lang='lat' dir='ltr'><strong>merentem,</strong></span> <span class='ocrx_word' id='word_1_785' title='bbox 1548 1115 1624 1150; x_wconf 91' lang='lat' dir='ltr'><strong>sine</strong></span> <span class='ocrx_word' id='word_1_786' title='bbox 1658 1115 1766 1150; x_wconf 89' lang='lat' dir='ltr'><strong>dubio</strong></span> <span class='ocrx_word' id='word_1_787' title='bbox 1792 1114 1981 1150; x_wconf 89' lang='lat' dir='ltr'><strong>dicendum</strong></span> <span class='ocrx_word' id='word_1_788' title='bbox 2013 1115 2081 1149; x_wconf 86' lang='lat' dir='ltr'><strong>erit</strong></span> <span class='ocrx_word' id='word_1_789' title='bbox 2112 1125 2193 1150; x_wconf 93' lang='lat' dir='ltr'><strong>eum</strong></span> <span class='ocrx_word' id='word_1_790' title='bbox 2218 1125 2262 1149; x_wconf 85' lang='lat' dir='ltr'><strong>ex</strong></span> <span class='ocrx_word' id='word_1_791' title='bbox 2285 1117 2396 1150; x_wconf 89' lang='lat' dir='ltr'><strong>testa-</strong></span> 
     </span>
     <span class='ocr_line' id='line_1_105' title="bbox 1300 1159 2396 1202; baseline 0 -8"><span class='ocrx_word' id='word_1_792' title='bbox 1300 1164 1321 1195; x_wconf 85' lang='lat'>4</span> <span class='ocrx_word' id='word_1_793' title='bbox 1368 1163 1487 1195; x_wconf 93' lang='lat' dir='ltr'><strong>mento</strong></span> <span class='ocrx_word' id='word_1_794' title='bbox 1513 1171 1585 1195; x_wconf 88' lang='lat' dir='ltr'><strong>non</strong></span> <span class='ocrx_word' id='word_1_795' title='bbox 1609 1161 1734 1195; x_wconf 89' lang='lat' dir='ltr'><strong>teneri.</strong></span> <span class='ocrx_word' id='word_1_796' title='bbox 1783 1159 1854 1195; x_wconf 89' lang='lat' dir='ltr'><strong>Sed</strong></span> <span class='ocrx_word' id='word_1_797' title='bbox 1878 1160 1908 1195; x_wconf 93' lang='lat' dir='ltr'><strong>si</strong></span> <span class='ocrx_word' id='word_1_798' title='bbox 1932 1170 2049 1195; x_wconf 85' lang='lat' dir='ltr'><strong>noxae</strong></span> <span class='ocrx_word' id='word_1_799' title='bbox 2073 1160 2180 1202; x_wconf 89' lang='lat' dir='ltr'><strong>dedit,</strong></span> <span class='ocrx_word' id='word_1_800' title='bbox 2206 1170 2253 1194; x_wconf 91' lang='lat' dir='ltr'><strong>an</strong></span> <span class='ocrx_word' id='word_1_801' title='bbox 2273 1162 2396 1195; x_wconf 89' lang='lat' dir='ltr'><strong>tenea-</strong></span> 
     </span>
     <span class='ocr_line' id='line_1_106' title="bbox 1301 1204 2398 1250; baseline -0.001 -10"><span class='ocrx_word' id='word_1_802' title='bbox 1301 1209 1320 1240; x_wconf 89' lang='lat'>5</span> <span class='ocrx_word' id='word_1_803' title='bbox 1368 1209 1440 1247; x_wconf 86' lang='lat' dir='ltr'><strong>tur,</strong></span> <span class='ocrx_word' id='word_1_804' title='bbox 1464 1206 1548 1250; x_wconf 86' lang='lat' dir='ltr'><strong>quia</strong></span> <span class='ocrx_word' id='word_1_805' title='bbox 1571 1209 1691 1250; x_wconf 87' lang='lat' dir='ltr'><strong>potest</strong></span> <span class='ocrx_word' id='word_1_806' title='bbox 1714 1205 1914 1240; x_wconf 79' lang='lat' dir='ltr'><strong>redimere?</strong></span> <span class='ocrx_word' id='word_1_807' title='bbox 1938 1209 1975 1240; x_wconf 93' lang='lat' dir='ltr'><strong>et</strong></span> <span class='ocrx_word' id='word_1_808' title='bbox 1988 1208 2077 1250; x_wconf 89' lang='lat' dir='ltr'><strong>puto</strong></span> <span class='ocrx_word' id='word_1_809' title='bbox 2102 1205 2228 1241; x_wconf 87' lang='lat' dir='ltr'><strong>teneri.</strong></span> <span class='ocrx_word' id='word_1_810' title='bbox 2277 1204 2348 1240; x_wconf 89' lang='lat' dir='ltr'><strong>Sed</strong></span> <span class='ocrx_word' id='word_1_811' title='bbox 2366 1205 2398 1241; x_wconf 92' lang='lat' dir='ltr'><strong>si</strong></span> 
     </span>
     <span class='ocr_line' id='line_1_107' title="bbox 1300 1250 2398 1296; baseline -0.001 -10"><span class='ocrx_word' id='word_1_812' title='bbox 1300 1250 1433 1286; x_wconf 88' lang='lat' dir='ltr'><strong>animal</strong></span> <span class='ocrx_word' id='word_1_813' title='bbox 1456 1251 1613 1295; x_wconf 88' lang='lat' dir='ltr'><strong>legatum</strong></span> <span class='ocrx_word' id='word_1_814' title='bbox 1637 1251 1819 1293; x_wconf 89' lang='lat' dir='ltr'><strong>occiderit,</strong></span> <span class='ocrx_word' id='word_1_815' title='bbox 1843 1255 1931 1296; x_wconf 91' lang='lat' dir='ltr'><strong>puto</strong></span> <span class='ocrx_word' id='word_1_816' title='bbox 1949 1251 2076 1293; x_wconf 91' lang='lat' dir='ltr'><strong>teneri,</strong></span> <span class='ocrx_word' id='word_1_817' title='bbox 2100 1261 2173 1286; x_wconf 93' lang='lat' dir='ltr'><strong>non</strong></span> <span class='ocrx_word' id='word_1_818' title='bbox 2196 1254 2238 1285; x_wconf 91' lang='lat' dir='ltr'><strong>ut</strong></span> <span class='ocrx_word' id='word_1_819' title='bbox 2254 1260 2398 1286; x_wconf 90' lang='lat' dir='ltr'><strong>carnem</strong></span> 
     </span>
     <span class='ocr_line' id='line_1_108' title="bbox 1299 1295 2396 1342; baseline -0.001 -11"><span class='ocrx_word' id='word_1_820' title='bbox 1299 1300 1461 1342; x_wconf 90' lang='lat' dir='ltr'><strong>praestet</strong></span> <span class='ocrx_word' id='word_1_821' title='bbox 1483 1296 1540 1331; x_wconf 91' lang='lat' dir='ltr'><strong>vel</strong></span> <span class='ocrx_word' id='word_1_822' title='bbox 1552 1299 1673 1332; x_wconf 86' lang='lat' dir='ltr'><strong>cetera</strong></span> <span class='ocrx_word' id='word_1_823' title='bbox 1696 1295 1851 1342; x_wconf 76' lang='grc' dir='ltr'><em>λείψανα</em></span> <span class='ocrx_word' id='word_1_824' title='bbox 1860 1298 1897 1339; x_wconf 78' lang='lat'><strong>⁵²,</strong></span> <span class='ocrx_word' id='word_1_825' title='bbox 1922 1296 1986 1331; x_wconf 91' lang='lat' dir='ltr'><strong>sed</strong></span> <span class='ocrx_word' id='word_1_826' title='bbox 2000 1299 2041 1331; x_wconf 90' lang='lat' dir='ltr'><strong>ut</strong></span> <span class='ocrx_word' id='word_1_827' title='bbox 2052 1300 2212 1341; x_wconf 87' lang='lat' dir='ltr'><strong>praestet</strong></span> <span class='ocrx_word' id='word_1_828' title='bbox 2231 1295 2396 1341; x_wconf 87' lang='lat' dir='ltr'><strong>pretium,</strong></span> 
     </span>
     <span class='ocr_line' id='line_1_109' title="bbox 1301 1341 2396 1387; baseline 0 -11"><span class='ocrx_word' id='word_1_829' title='bbox 1301 1345 1322 1377; x_wconf 87' lang='grc'><strong>6</strong></span> <span class='ocrx_word' id='word_1_830' title='bbox 1370 1342 1495 1387; x_wconf 85' lang='lat' dir='ltr'><strong>quanti</strong></span> <span class='ocrx_word' id='word_1_831' title='bbox 1519 1345 1622 1383; x_wconf 90' lang='lat' dir='ltr'><strong>esset,</strong></span> <span class='ocrx_word' id='word_1_832' title='bbox 1647 1342 1679 1377; x_wconf 92' lang='lat' dir='ltr'><strong>si</strong></span> <span class='ocrx_word' id='word_1_833' title='bbox 1701 1341 1845 1377; x_wconf 89' lang='lat' dir='ltr'><strong>viveret.</strong></span> <span class='ocrx_word' id='word_1_834' title='bbox 1893 1342 1983 1377; x_wconf 88' lang='lat' dir='ltr'><strong>Item</strong></span> <span class='ocrx_word' id='word_1_835' title='bbox 2007 1342 2038 1376; x_wconf 91' lang='lat' dir='ltr'><strong>si</strong></span> <span class='ocrx_word' id='word_1_836' title='bbox 2062 1341 2169 1376; x_wconf 91' lang='lat' dir='ltr'><strong>aedes</strong></span> <span class='ocrx_word' id='word_1_837' title='bbox 2193 1341 2330 1386; x_wconf 89' lang='lat' dir='ltr'><strong>legatas</strong></span> <span class='ocrx_word' id='word_1_838' title='bbox 2350 1342 2396 1376; x_wconf 95' lang='lat' dir='ltr'><strong>ob</strong></span> 
     </span>
     <span class='ocr_line' id='line_1_110' title="bbox 1300 1386 2396 1432; baseline -0.001 -10"><span class='ocrx_word' id='word_1_839' title='bbox 1300 1386 1470 1422; x_wconf 87' lang='lat' dir='ltr'><strong>damnum</strong></span> <span class='ocrx_word' id='word_1_840' title='bbox 1493 1386 1666 1422; x_wconf 91' lang='lat' dir='ltr'><strong>infectum</strong></span> <span class='ocrx_word' id='word_1_841' title='bbox 1689 1386 1867 1432; x_wconf 88' lang='lat' dir='ltr'><strong>possideri</strong></span> <span class='ocrx_word' id='word_1_842' title='bbox 1891 1397 2019 1432; x_wconf 89' lang='lat' dir='ltr'><strong>passus</strong></span> <span class='ocrx_word' id='word_1_843' title='bbox 2045 1390 2109 1428; x_wconf 90' lang='lat' dir='ltr'><strong>est,</strong></span> <span class='ocrx_word' id='word_1_844' title='bbox 2135 1390 2223 1432; x_wconf 91' lang='lat' dir='ltr'><strong>puto</strong></span> <span class='ocrx_word' id='word_1_845' title='bbox 2240 1397 2321 1422; x_wconf 91' lang='lat' dir='ltr'><strong>eum</strong></span> <span class='ocrx_word' id='word_1_846' title='bbox 2344 1390 2396 1421; x_wconf 89' lang='grc'><strong>10-</strong></span> 
     </span>
     <span class='ocr_line' id='line_1_111' title="bbox 1301 1431 2398 1477; baseline 0 -10"><span class='ocrx_word' id='word_1_847' title='bbox 1301 1434 1320 1467; x_wconf 81' lang='lat'>7</span> <span class='ocrx_word' id='word_1_848' title='bbox 1368 1433 1465 1467; x_wconf 87' lang='lat' dir='ltr'><strong>neri:</strong></span> <span class='ocrx_word' id='word_1_849' title='bbox 1492 1432 1616 1467; x_wconf 90' lang='lat' dir='ltr'><strong>debuit</strong></span> <span class='ocrx_word' id='word_1_850' title='bbox 1640 1433 1734 1467; x_wconf 91' lang='lat' dir='ltr'><strong>enim</strong></span> <span class='ocrx_word' id='word_1_851' title='bbox 1757 1433 2018 1477; x_wconf 88' lang='lat' dir='ltr'><strong>repromittere.</strong></span> <span class='ocrx_word' id='word_1_852' title='bbox 2067 1431 2140 1467; x_wconf 86' lang='lat' dir='ltr'><strong>Sed</strong></span> <span class='ocrx_word' id='word_1_853' title='bbox 2164 1432 2196 1467; x_wconf 90' lang='lat' dir='ltr'><strong>si</strong></span> <span class='ocrx_word' id='word_1_854' title='bbox 2218 1435 2398 1468; x_wconf 90' lang='lat' dir='ltr'><strong>mortuum</strong></span> 
     </span>
     <span class='ocr_line' id='line_1_112' title="bbox 1299 1477 2398 1530; baseline 0 -18"><span class='ocrx_word' id='word_1_855' title='bbox 1299 1477 1422 1512; x_wconf 91' lang='lat' dir='ltr'><strong>intulit</strong></span> <span class='ocrx_word' id='word_1_856' title='bbox 1443 1477 1601 1530; x_wconf 77' lang='lat' dir='ltr'><strong>fecitque</strong></span> <span class='ocrx_word' id='word_1_857' title='bbox 1624 1477 1829 1522; x_wconf 82' lang='lat' dir='ltr'><strong>religiosum</strong></span> <span class='ocrx_word' id='word_1_858' title='bbox 1853 1477 1972 1513; x_wconf 92' lang='lat' dir='ltr'><strong>locum</strong></span> <span class='ocrx_word' id='word_1_859' title='bbox 1996 1478 2171 1522; x_wconf 88' lang='lat' dir='ltr'><strong>legatum,</strong></span> <span class='ocrx_word' id='word_1_860' title='bbox 2204 1477 2234 1513; x_wconf 91' lang='lat' dir='ltr'><strong>si</strong></span> <span class='ocrx_word' id='word_1_861' title='bbox 2258 1477 2398 1522; x_wconf 90' lang='lat' dir='ltr'><strong>quidem</strong></span> 
     </span>
     <span class='ocr_line' id='line_1_113' title="bbox 1300 1522 2398 1568; baseline 0.001 -11"><span class='ocrx_word' id='word_1_862' title='bbox 1300 1526 1441 1568; x_wconf 90' lang='lat' dir='ltr'><strong>patrem</strong></span> <span class='ocrx_word' id='word_1_863' title='bbox 1464 1522 1618 1558; x_wconf 81' lang='lat' dir='ltr'><strong>famssias</strong></span> <span class='ocrx_word' id='word_1_864' title='bbox 1642 1523 1781 1565; x_wconf 91' lang='lat' dir='ltr'><strong>intulit,</strong></span> <span class='ocrx_word' id='word_1_865' title='bbox 1815 1533 1896 1558; x_wconf 92' lang='lat' dir='ltr'><strong>cum</strong></span> <span class='ocrx_word' id='word_1_866' title='bbox 1928 1523 1998 1558; x_wconf 91' lang='lat' dir='ltr'><strong>alio</strong></span> <span class='ocrx_word' id='word_1_867' title='bbox 2022 1522 2157 1558; x_wconf 87' lang='lat' dir='ltr'><strong>inferre</strong></span> <span class='ocrx_word' id='word_1_868' title='bbox 2180 1533 2252 1558; x_wconf 91' lang='lat' dir='ltr'><strong>non</strong></span> <span class='ocrx_word' id='word_1_869' title='bbox 2275 1526 2398 1567; x_wconf 87' lang='lat' dir='ltr'><strong>posset</strong></span> 
     </span>
     <span class='ocr_line' id='line_1_114' title="bbox 1299 1568 2397 1613; baseline -0.001 -10"><span class='ocrx_word' id='word_1_870' title='bbox 1299 1568 1356 1603; x_wconf 89' lang='lat' dir='ltr'><strong>vel</strong></span> <span class='ocrx_word' id='word_1_871' title='bbox 1378 1571 1453 1602; x_wconf 91' lang='lat' dir='ltr'><strong>tam</strong></span> <span class='ocrx_word' id='word_1_872' title='bbox 1486 1572 1663 1613; x_wconf 89' lang='lat' dir='ltr'><strong>oportune</strong></span> <span class='ocrx_word' id='word_1_873' title='bbox 1694 1578 1766 1603; x_wconf 91' lang='lat' dir='ltr'><strong>non</strong></span> <span class='ocrx_word' id='word_1_874' title='bbox 1797 1569 1964 1611; x_wconf 89' lang='lat' dir='ltr'><strong>haberet,</strong></span> <span class='ocrx_word' id='word_1_875' title='bbox 2003 1578 2047 1604; x_wconf 85' lang='lat' dir='ltr'><strong>ex</strong></span> <span class='ocrx_word' id='word_1_876' title='bbox 2078 1571 2292 1603; x_wconf 90' lang='lat' dir='ltr'><strong>testamento</strong></span> <span class='ocrx_word' id='word_1_877' title='bbox 2325 1578 2397 1602; x_wconf 91' lang='lat' dir='ltr'><strong>non</strong></span> 
     </span>
     <span class='ocr_line' id='line_1_115' title="bbox 1300 1613 2396 1658; baseline 0.001 -11"><span class='ocrx_word' id='word_1_878' title='bbox 1300 1613 1523 1648; x_wconf 76' lang='lat' dir='ltr'><strong>tenebitur⁶:</strong></span> <span class='ocrx_word' id='word_1_879' title='bbox 1550 1623 1596 1648; x_wconf 92' lang='lat' dir='ltr'><strong>an</strong></span> <span class='ocrx_word' id='word_1_880' title='bbox 1620 1615 1727 1648; x_wconf 77' lang='grc' dir='ltr'><strong>νο1ο7</strong></span> <span class='ocrx_word' id='word_1_881' title='bbox 1747 1617 1912 1649; x_wconf 88' lang='grc'>1011001111</span> <span class='ocrx_word' id='word_1_882' title='bbox 1925 1640 1934 1656; x_wconf 94' lang='grc'>,</span> <span class='ocrx_word' id='word_1_883' title='bbox 1960 1617 2001 1648; x_wconf 89' lang='grc'><strong>111</strong></span> <span class='ocrx_word' id='word_1_884' title='bbox 2020 1614 2174 1658; x_wconf 87' lang='lat' dir='ltr'><strong>pretium</strong></span> <span class='ocrx_word' id='word_1_885' title='bbox 2197 1613 2270 1648; x_wconf 91' lang='lat' dir='ltr'><strong>loci</strong></span> <span class='ocrx_word' id='word_1_886' title='bbox 2292 1623 2396 1658; x_wconf 88' lang='lat' dir='ltr'><strong>prae-</strong></span> 
     </span>
     <span class='ocr_line' id='line_1_116' title="bbox 1301 1658 2395 1704; baseline -0.001 -11"><span class='ocrx_word' id='word_1_887' title='bbox 1301 1659 1397 1694; x_wconf 82' lang='lat' dir='ltr'><strong>stet?</strong></span> <span class='ocrx_word' id='word_1_888' title='bbox 1423 1662 1458 1693; x_wconf 92' lang='lat' dir='ltr'><strong>et</strong></span> <span class='ocrx_word' id='word_1_889' title='bbox 1481 1658 1512 1693; x_wconf 93' lang='lat' dir='ltr'><strong>si</strong></span> <span class='ocrx_word' id='word_1_890' title='bbox 1535 1658 1677 1703; x_wconf 87' lang='lat' dir='ltr'><strong>quidem</strong></span> <span class='ocrx_word' id='word_1_891' title='bbox 1701 1659 1778 1704; x_wconf 93' lang='lat' dir='ltr'><strong>ipse</strong></span> <span class='ocrx_word' id='word_1_892' title='bbox 1801 1662 1905 1704; x_wconf 88' lang='lat' dir='ltr'><strong>pater</strong></span> <span class='ocrx_word' id='word_1_893' title='bbox 1928 1658 2082 1694; x_wconf 88' lang='lat' dir='ltr'><strong>familias</strong></span> <span class='ocrx_word' id='word_1_894' title='bbox 2106 1659 2166 1694; x_wconf 92' lang='lat' dir='ltr'><strong>illo</strong></span> <span class='ocrx_word' id='word_1_895' title='bbox 2187 1658 2311 1693; x_wconf 86' lang='lat' dir='ltr'><strong>inferri</strong></span> <span class='ocrx_word' id='word_1_896' title='bbox 2335 1669 2395 1693; x_wconf 91' lang='lat' dir='ltr'><strong>vo-</strong></span> 
     </span>
     <span class='ocr_line' id='line_1_117' title="bbox 1300 1703 2396 1749; baseline 0 -11"><span class='ocrx_word' id='word_1_897' title='bbox 1300 1703 1376 1746; x_wconf 91' lang='lat' dir='ltr'><strong>luit,</strong></span> <span class='ocrx_word' id='word_1_898' title='bbox 1402 1713 1447 1739; x_wconf 84' lang='lat' dir='ltr'><strong>ex</strong></span> <span class='ocrx_word' id='word_1_899' title='bbox 1470 1707 1683 1739; x_wconf 89' lang='lat' dir='ltr'><strong>testamento</strong></span> <span class='ocrx_word' id='word_1_900' title='bbox 1709 1714 1782 1739; x_wconf 92' lang='lat' dir='ltr'><strong>non</strong></span> <span class='ocrx_word' id='word_1_901' title='bbox 1805 1704 2004 1739; x_wconf 89' lang='lat' dir='ltr'><strong>tenebitur:</strong></span> <span class='ocrx_word' id='word_1_902' title='bbox 2041 1703 2138 1749; x_wconf 90' lang='lat' dir='ltr'><strong>quod</strong></span> <span class='ocrx_word' id='word_1_903' title='bbox 2162 1704 2193 1739; x_wconf 91' lang='lat' dir='ltr'><strong>si</strong></span> <span class='ocrx_word' id='word_1_904' title='bbox 2216 1704 2319 1739; x_wconf 90' lang='lat' dir='ltr'><strong>heres</strong></span> <span class='ocrx_word' id='word_1_905' title='bbox 2343 1704 2396 1738; x_wconf 89' lang='lat' dir='ltr'><strong>in-</strong></span> 
     </span>
     <span class='ocr_line' id='line_1_118' title="bbox 1301 1749 2396 1794; baseline 0 -11"><span class='ocrx_word' id='word_1_906' title='bbox 1301 1749 1383 1783; x_wconf 92' lang='lat' dir='ltr'><strong>tulit</strong></span> <span class='ocrx_word' id='word_1_907' title='bbox 1408 1759 1472 1784; x_wconf 92' lang='lat' dir='ltr'><strong>suo</strong></span> <span class='ocrx_word' id='word_1_908' title='bbox 1499 1749 1668 1790; x_wconf 86' lang='lat' dir='ltr'><strong>arbitrio,</strong></span> <span class='ocrx_word' id='word_1_909' title='bbox 1703 1749 1847 1785; x_wconf 91' lang='lat' dir='ltr'><strong>debebit</strong></span> <span class='ocrx_word' id='word_1_910' title='bbox 1870 1752 2075 1794; x_wconf 91' lang='lat' dir='ltr'><strong>praestare,</strong></span> <span class='ocrx_word' id='word_1_911' title='bbox 2109 1749 2139 1783; x_wconf 90' lang='lat' dir='ltr'><strong>si</strong></span> <span class='ocrx_word' id='word_1_912' title='bbox 2164 1749 2211 1784; x_wconf 89' lang='lat' dir='ltr'><strong>sit</strong></span> <span class='ocrx_word' id='word_1_913' title='bbox 2233 1749 2271 1784; x_wconf 91' lang='lat' dir='ltr'><strong>in</strong></span> <span class='ocrx_word' id='word_1_914' title='bbox 2294 1749 2396 1784; x_wconf 91' lang='lat' dir='ltr'><strong>here-</strong></span> 
     </span>
     <span class='ocr_line' id='line_1_119' title="bbox 1302 1793 2396 1840; baseline 0 -12"><span class='ocrx_word' id='word_1_915' title='bbox 1302 1794 1432 1836; x_wconf 88' lang='lat' dir='ltr'><strong>ditate,</strong></span> <span class='ocrx_word' id='word_1_916' title='bbox 1468 1793 1563 1829; x_wconf 89' lang='lat' dir='ltr'><strong>unde</strong></span> <span class='ocrx_word' id='word_1_917' title='bbox 1594 1795 1749 1840; x_wconf 91' lang='lat' dir='ltr'><strong>pretium</strong></span> <span class='ocrx_word' id='word_1_918' title='bbox 1772 1798 1995 1840; x_wconf 87' lang='lat' dir='ltr'><strong>praestetur:</strong></span> <span class='ocrx_word' id='word_1_919' title='bbox 2032 1798 2186 1829; x_wconf 90' lang='lat' dir='ltr'><strong>testator</strong></span> <span class='ocrx_word' id='word_1_920' title='bbox 2219 1795 2311 1829; x_wconf 91' lang='lat' dir='ltr'><strong>enim</strong></span> <span class='ocrx_word' id='word_1_921' title='bbox 2336 1795 2396 1839; x_wconf 91' lang='lat' dir='ltr'><strong>qui</strong></span> 
     </span>
     <span class='ocr_line' id='line_1_120' title="bbox 1300 1839 2396 1884; baseline 0 -10"><span class='ocrx_word' id='word_1_922' title='bbox 1300 1839 1430 1884; x_wconf 87' lang='lat' dir='ltr'><strong>legavit</strong></span> <span class='ocrx_word' id='word_1_923' title='bbox 1454 1839 1510 1875; x_wconf 85' lang='lat' dir='ltr'><strong>vel</strong></span> <span class='ocrx_word' id='word_1_924' title='bbox 1533 1839 1603 1874; x_wconf 91' lang='lat' dir='ltr'><strong>alio</strong></span> <span class='ocrx_word' id='word_1_925' title='bbox 1621 1839 1744 1875; x_wconf 84' lang='lat' dir='ltr'><strong>inferri</strong></span> <span class='ocrx_word' id='word_1_926' title='bbox 1760 1839 1872 1875; x_wconf 83' lang='lat' dir='ltr'><strong>voluit</strong></span> <span class='ocrx_word' id='word_1_927' title='bbox 1887 1840 1943 1875; x_wconf 92' lang='lat' dir='ltr'><strong>vel</strong></span> <span class='ocrx_word' id='word_1_928' title='bbox 1966 1840 2121 1884; x_wconf 88' lang='lat' dir='ltr'><strong>pretium</strong></span> <span class='ocrx_word' id='word_1_929' title='bbox 2136 1839 2208 1875; x_wconf 89' lang='lat' dir='ltr'><strong>loci</strong></span> <span class='ocrx_word' id='word_1_930' title='bbox 2222 1840 2256 1875; x_wconf 95' lang='lat' dir='ltr'><strong>le</strong></span> <span class='ocrx_word' id='word_1_931' title='bbox 2281 1839 2396 1874; x_wconf 88' lang='lat' dir='ltr'><strong>atario</strong></span> 
     </span>
     <span class='ocr_line' id='line_1_121' title="bbox 1302 1884 2396 1929; baseline 0.001 -10"><span class='ocrx_word' id='word_1_932' title='bbox 1302 1887 1321 1919; x_wconf 91' lang='lat'><em>8</em></span> <span class='ocrx_word' id='word_1_933' title='bbox 1369 1884 1500 1920; x_wconf 84' lang='lat' dir='ltr'><strong>offerri.</strong></span> <span class='ocrx_word' id='word_1_934' title='bbox 1549 1885 1639 1920; x_wconf 91' lang='lat' dir='ltr'><strong>Item</strong></span> <span class='ocrx_word' id='word_1_935' title='bbox 1655 1885 1684 1920; x_wconf 89' lang='lat' dir='ltr'><strong>si</strong></span> <span class='ocrx_word' id='word_1_936' title='bbox 1705 1896 1846 1920; x_wconf 89' lang='lat' dir='ltr'><strong>servum</strong></span> <span class='ocrx_word' id='word_1_937' title='bbox 1863 1896 1936 1920; x_wconf 90' lang='lat' dir='ltr'><strong>non</strong></span> <span class='ocrx_word' id='word_1_938' title='bbox 1958 1885 2035 1929; x_wconf 90' lang='lat' dir='ltr'><strong>ipse</strong></span> <span class='ocrx_word' id='word_1_939' title='bbox 2052 1884 2194 1927; x_wconf 84' lang='lat' dir='ltr'><strong>occidit,</strong></span> <span class='ocrx_word' id='word_1_940' title='bbox 2220 1895 2258 1920; x_wconf 90' lang='lat' dir='ltr'><strong>se</strong></span> <span class='ocrx_word' id='word_1_941' title='bbox 2300 1895 2396 1920; x_wconf 90' lang='lat' dir='ltr'><strong>com—</strong></span> 
     </span>
     <span class='ocr_line' id='line_1_122' title="bbox 1300 1929 2396 1975; baseline 0 -11"><span class='ocrx_word' id='word_1_942' title='bbox 1300 1930 1392 1975; x_wconf 92' lang='lat' dir='ltr'><strong>pulit</strong></span> <span class='ocrx_word' id='word_1_943' title='bbox 1415 1929 1463 1965; x_wconf 90' lang='lat' dir='ltr'><strong>ad</strong></span> <span class='ocrx_word' id='word_1_944' title='bbox 1486 1930 1712 1973; x_wconf 89' lang='lat' dir='ltr'><strong>maleficium,</strong></span> <span class='ocrx_word' id='word_1_945' title='bbox 1745 1934 1787 1965; x_wconf 93' lang='lat' dir='ltr'><strong>ut</strong></span> <span class='ocrx_word' id='word_1_946' title='bbox 1810 1931 1856 1965; x_wconf 91' lang='lat' dir='ltr'><strong>ab</strong></span> <span class='ocrx_word' id='word_1_947' title='bbox 1881 1930 1950 1965; x_wconf 90' lang='lat' dir='ltr'><strong>alio</strong></span> <span class='ocrx_word' id='word_1_948' title='bbox 1976 1930 2201 1965; x_wconf 89' lang='lat' dir='ltr'><strong>occideretur</strong></span> <span class='ocrx_word' id='word_1_949' title='bbox 2232 1930 2288 1967; x_wconf 88' lang='lat' dir='ltr'><strong>vel</strong></span> <span class='ocrx_word' id='word_1_950' title='bbox 2311 1941 2396 1975; x_wconf 89' lang='lat' dir='ltr'><strong>sup-</strong></span> 
     </span>
     <span class='ocr_line' id='line_1_123' title="bbox 1299 1974 2396 2021; baseline 0.001 -12"><span class='ocrx_word' id='word_1_951' title='bbox 1299 1975 1408 2021; x_wconf 91' lang='lat' dir='ltr'><strong>plicio</strong></span> <span class='ocrx_word' id='word_1_952' title='bbox 1424 1974 1651 2018; x_wconf 87' lang='lat' dir='ltr'><strong>adficeretur,</strong></span> <span class='ocrx_word' id='word_1_953' title='bbox 1669 1976 1922 2021; x_wconf 89' lang='lat' dir='ltr'><strong>aequissimum</strong></span> <span class='ocrx_word' id='word_1_954' title='bbox 1938 1976 2005 2011; x_wconf 87' lang='lat' dir='ltr'><strong>erit</strong></span> <span class='ocrx_word' id='word_1_955' title='bbox 2021 1975 2177 2020; x_wconf 91' lang='lat' dir='ltr'><strong>pretium</strong></span> <span class='ocrx_word' id='word_1_956' title='bbox 2193 1986 2275 2011; x_wconf 89' lang='lat' dir='ltr'><strong>eum</strong></span> <span class='ocrx_word' id='word_1_957' title='bbox 2292 1984 2396 2021; x_wconf 90' lang='lat' dir='ltr'><strong>prae-</strong></span> 
     </span>
     <span class='ocr_line' id='line_1_124' title="bbox 1301 2020 2396 2066; baseline 0 -11"><span class='ocrx_word' id='word_1_958' title='bbox 1301 2024 1416 2056; x_wconf 89' lang='lat' dir='ltr'><strong>stare:</strong></span> <span class='ocrx_word' id='word_1_959' title='bbox 1453 2020 1550 2065; x_wconf 89' lang='lat' dir='ltr'><strong>quod</strong></span> <span class='ocrx_word' id='word_1_960' title='bbox 1585 2020 1616 2056; x_wconf 90' lang='lat' dir='ltr'><strong>si</strong></span> <span class='ocrx_word' id='word_1_961' title='bbox 1647 2031 1714 2056; x_wconf 87' lang='lat' dir='ltr'><strong>sua</strong></span> <span class='ocrx_word' id='word_1_962' title='bbox 1746 2021 1840 2056; x_wconf 89' lang='lat' dir='ltr'><strong>mala</strong></span> <span class='ocrx_word' id='word_1_963' title='bbox 1872 2024 1990 2056; x_wconf 91' lang='lat' dir='ltr'><strong>mente</strong></span> <span class='ocrx_word' id='word_1_964' title='bbox 2023 2022 2068 2056; x_wconf 91' lang='lat' dir='ltr'><strong>ad</strong></span> <span class='ocrx_word' id='word_1_965' title='bbox 2103 2021 2174 2056; x_wconf 90' lang='lat' dir='ltr'><strong>hoc</strong></span> <span class='ocrx_word' id='word_1_966' title='bbox 2208 2020 2396 2066; x_wconf 81' lang='lat' dir='ltr'><strong>processit,</strong></span> 
     </span>
     <span class='ocr_line' id='line_1_125' title="bbox 1301 2065 2396 2111; baseline 0.001 -11"><span class='ocrx_word' id='word_1_967' title='bbox 1301 2068 1321 2100; x_wconf 88' lang='lat'>9</span> <span class='ocrx_word' id='word_1_968' title='bbox 1370 2065 1529 2101; x_wconf 89' lang='lat' dir='ltr'><strong>cessabit</strong></span> <span class='ocrx_word' id='word_1_969' title='bbox 1546 2066 1761 2102; x_wconf 77' lang='lat' dir='ltr'><strong>aestimatio.</strong></span> <span class='ocrx_word' id='word_1_970' title='bbox 1808 2066 1940 2102; x_wconf 86' lang='lat' dir='ltr'><strong>Servus</strong></span> <span class='ocrx_word' id='word_1_971' title='bbox 1958 2067 2097 2111; x_wconf 91' lang='lat' dir='ltr'><strong>legatus</strong></span> <span class='ocrx_word' id='word_1_972' title='bbox 2122 2066 2153 2101; x_wconf 93' lang='lat' dir='ltr'><strong>si</strong></span> <span class='ocrx_word' id='word_1_973' title='bbox 2169 2066 2215 2102; x_wconf 89' lang='lat' dir='ltr'><strong>ab</strong></span> <span class='ocrx_word' id='word_1_974' title='bbox 2232 2066 2396 2102; x_wconf 86' lang='lat' dir='ltr'><strong>hostibus</strong></span> 
     </span>
     <span class='ocr_line' id='line_1_126' title="bbox 1301 2111 2396 2191; baseline 0.002 -46"><span class='ocrx_word' id='word_1_975' title='bbox 1301 2114 1428 2156; x_wconf 86' lang='lat' dir='ltr'><strong>captus</strong></span> <span class='ocrx_word' id='word_1_976' title='bbox 1447 2111 1589 2191; x_wconf 61' lang='grc'><strong>131131110</strong></span> <span class='ocrx_word' id='word_1_977' title='bbox 1610 2112 1692 2147; x_wconf 93' lang='lat' dir='ltr'><strong>dolo</strong></span> <span class='ocrx_word' id='word_1_978' title='bbox 1712 2111 1867 2154; x_wconf 86' lang='lat' dir='ltr'><strong>heredis,</strong></span> <span class='ocrx_word' id='word_1_979' title='bbox 1891 2122 1963 2147; x_wconf 91' lang='lat' dir='ltr'><strong>non</strong></span> <span class='ocrx_word' id='word_1_980' title='bbox 1976 2111 2229 2157; x_wconf 87' lang='lat' dir='ltr'><strong>praestabitur,</strong></span> <span class='ocrx_word' id='word_1_981' title='bbox 2255 2112 2286 2146; x_wconf 89' lang='lat' dir='ltr'><strong>si</strong></span> <span class='ocrx_word' id='word_1_982' title='bbox 2303 2111 2396 2154; x_wconf 90' lang='lat' dir='ltr'><strong>dolo,</strong></span> 
     </span>
    </p>

    <p class='ocr_par' dir='ltr' id='par_1_13' title="bbox 1325 2156 1557 2191">
     <span class='ocr_line' id='line_1_127' title="bbox 1325 2156 1557 2191; baseline 0 0"><span class='ocrx_word' id='word_1_983' title='bbox 1325 2160 1446 2191; x_wconf 87' lang='lat' dir='ltr'><strong>raesta</strong></span> <span class='ocrx_word' id='word_1_984' title='bbox 1472 2156 1557 2191; x_wconf 92' lang='lat' dir='ltr'><strong>itur.</strong></span> 
     </span>
    </p>

    <p class='ocr_par' dir='ltr' id='par_1_14' title="bbox 1297 2168 2398 2736">
     <span class='ocr_line' id='line_1_128' title="bbox 1299 2168 2398 2246; baseline -0.002 -8"><span class='ocrx_word' id='word_1_985' title='bbox 1299 2168 1323 2202; x_wconf 76' lang='lat' dir='ltr'><strong>p</strong></span> <span class='ocrx_word' id='word_1_986' title='bbox 1346 2199 1401 2238; x_wconf 87' lang='lat'><strong>54</strong></span> <span class='ocrx_word' id='word_1_987' title='bbox 1425 2201 1658 2237; x_wconf 75' lang='lat' dir='ltr'><em>POMPONIUS</em></span> <span class='ocrx_word' id='word_1_988' title='bbox 1686 2202 1779 2238; x_wconf 77' lang='lat' dir='ltr'><strong>libro</strong></span> <span class='ocrx_word' id='word_1_989' title='bbox 1815 2206 1941 2238; x_wconf 78' lang='lat' dir='ltr'><strong>octavo</strong></span> <span class='ocrx_word' id='word_1_990' title='bbox 1966 2202 2016 2237; x_wconf 83' lang='lat' dir='ltr'><strong>ad</strong></span> <span class='ocrx_word' id='word_1_991' title='bbox 2038 2201 2213 2237; x_wconf 80' lang='lat' dir='ltr'><strong>Sabinum</strong></span> <span class='ocrx_word' id='word_1_992' title='bbox 2261 2201 2398 2246; x_wconf 87' lang='lat' dir='ltr'><strong>Turpia</strong></span> 
     </span>
     <span class='ocr_line' id='line_1_129' title="bbox 1299 2246 2395 2292; baseline 0 -10"><span class='ocrx_word' id='word_1_993' title='bbox 1299 2246 1440 2291; x_wconf 85' lang='lat' dir='ltr'><strong>legata,</strong></span> <span class='ocrx_word' id='word_1_994' title='bbox 1472 2257 1565 2292; x_wconf 91' lang='lat' dir='ltr'><strong>quae</strong></span> <span class='ocrx_word' id='word_1_995' title='bbox 1597 2247 1792 2282; x_wconf 91' lang='lat' dir='ltr'><strong>denotandi</strong></span> <span class='ocrx_word' id='word_1_996' title='bbox 1821 2247 1935 2292; x_wconf 89' lang='lat' dir='ltr'><strong>magis</strong></span> <span class='ocrx_word' id='word_1_997' title='bbox 1967 2247 2130 2292; x_wconf 89' lang='lat' dir='ltr'><strong>legatarii</strong></span> <span class='ocrx_word' id='word_1_998' title='bbox 2159 2247 2276 2291; x_wconf 88' lang='lat' dir='ltr'><strong>gratia</strong></span> <span class='ocrx_word' id='word_1_999' title='bbox 2307 2248 2395 2282; x_wconf 87' lang='lat' dir='ltr'><strong>scri-</strong></span> 
     </span>
     <span class='ocr_line' id='line_1_130' title="bbox 1299 2292 2395 2344; baseline 0 -17"><span class='ocrx_word' id='word_1_1000' title='bbox 1299 2292 1445 2334; x_wconf 86' lang='lat' dir='ltr'><strong>buntur,</strong></span> <span class='ocrx_word' id='word_1_1001' title='bbox 1479 2292 1561 2327; x_wconf 84' lang='lat' dir='ltr'><strong>odio</strong></span> <span class='ocrx_word' id='word_1_1002' title='bbox 1599 2292 1788 2328; x_wconf 88' lang='lat' dir='ltr'><strong>scribentis</strong></span> <span class='ocrx_word' id='word_1_1003' title='bbox 1819 2303 1887 2344; x_wconf 85' lang='lat' dir='ltr'><strong>pro</strong></span> <span class='ocrx_word' id='word_1_1004' title='bbox 1924 2304 1997 2328; x_wconf 91' lang='lat' dir='ltr'><strong>non</strong></span> <span class='ocrx_word' id='word_1_1005' title='bbox 2030 2292 2173 2337; x_wconf 92' lang='lat' dir='ltr'><strong>scriptis</strong></span> <span class='ocrx_word' id='word_1_1006' title='bbox 2204 2292 2395 2327; x_wconf 90' lang='lat' dir='ltr'><strong>habentur.</strong></span> 
     </span>
     <span class='ocr_line' id='line_1_131' title="bbox 1302 2337 2395 2382; baseline 0 -10"><span class='ocrx_word' id='word_1_1007' title='bbox 1302 2340 1317 2372; x_wconf 88' lang='lat'>1</span> <span class='ocrx_word' id='word_1_1008' title='bbox 1369 2337 1406 2372; x_wconf 90' lang='lat' dir='ltr'><strong>Si</strong></span> <span class='ocrx_word' id='word_1_1009' title='bbox 1431 2337 1549 2373; x_wconf 87' lang='lat' dir='ltr'><strong>Titiae</strong></span> <span class='ocrx_word' id='word_1_1010' title='bbox 1572 2337 1729 2382; x_wconf 86' lang='lat' dir='ltr'><strong>legatum</strong></span> <span class='ocrx_word' id='word_1_1011' title='bbox 1763 2338 1929 2373; x_wconf 88' lang='lat' dir='ltr'><strong>rehctum</strong></span> <span class='ocrx_word' id='word_1_1012' title='bbox 1954 2343 2026 2380; x_wconf 90' lang='lat' dir='ltr'><strong>est,</strong></span> <span class='ocrx_word' id='word_1_1013' title='bbox 2059 2338 2090 2372; x_wconf 92' lang='lat' dir='ltr'><strong>si</strong></span> <span class='ocrx_word' id='word_1_1014' title='bbox 2121 2337 2299 2372; x_wconf 89' lang='lat' dir='ltr'><strong>arbitratu</strong></span> <span class='ocrx_word' id='word_1_1015' title='bbox 2324 2337 2395 2372; x_wconf 85' lang='lat' dir='ltr'><strong>Seii</strong></span> 
     </span>
     <span class='ocr_line' id='line_1_132' title="bbox 1299 2383 2394 2428; baseline -0.001 -10"><span class='ocrx_word' id='word_1_1016' title='bbox 1299 2383 1500 2428; x_wconf 91' lang='lat' dir='ltr'><strong>nupsisset,</strong></span> <span class='ocrx_word' id='word_1_1017' title='bbox 1534 2386 1571 2418; x_wconf 93' lang='lat' dir='ltr'><strong>et</strong></span> <span class='ocrx_word' id='word_1_1018' title='bbox 1601 2383 1679 2418; x_wconf 90' lang='lat' dir='ltr'><strong>vivo</strong></span> <span class='ocrx_word' id='word_1_1019' title='bbox 1712 2387 1887 2419; x_wconf 90' lang='lat' dir='ltr'><strong>testatore</strong></span> <span class='ocrx_word' id='word_1_1020' title='bbox 1911 2383 2013 2419; x_wconf 90' lang='lat' dir='ltr'><strong>Seius</strong></span> <span class='ocrx_word' id='word_1_1021' title='bbox 2048 2383 2260 2417; x_wconf 89' lang='lat' dir='ltr'><strong>decessisset</strong></span> <span class='ocrx_word' id='word_1_1022' title='bbox 2291 2385 2328 2417; x_wconf 92' lang='lat' dir='ltr'><strong>et</strong></span> <span class='ocrx_word' id='word_1_1023' title='bbox 2351 2392 2394 2418; x_wconf 87' lang='lat' dir='ltr'><strong>ea</strong></span> 
     </span>
     <span class='ocr_line' id='line_1_133' title="bbox 1300 2428 2396 2473; baseline 0.001 -11"><span class='ocrx_word' id='word_1_1024' title='bbox 1300 2430 1320 2462; x_wconf 88' lang='lat'>2</span> <span class='ocrx_word' id='word_1_1025' title='bbox 1367 2428 1560 2473; x_wconf 88' lang='lat' dir='ltr'><strong>nupsisset,</strong></span> <span class='ocrx_word' id='word_1_1026' title='bbox 1584 2428 1742 2473; x_wconf 88' lang='lat' dir='ltr'><strong>legatum</strong></span> <span class='ocrx_word' id='word_1_1027' title='bbox 1758 2428 1792 2464; x_wconf 93' lang='lat' dir='ltr'><strong>ei</strong></span> <span class='ocrx_word' id='word_1_1028' title='bbox 1816 2428 1949 2464; x_wconf 90' lang='lat' dir='ltr'><strong>deberi.</strong></span> <span class='ocrx_word' id='word_1_1029' title='bbox 1997 2428 2068 2463; x_wconf 90' lang='lat' dir='ltr'><strong>Sed</strong></span> <span class='ocrx_word' id='word_1_1030' title='bbox 2085 2432 2119 2463; x_wconf 90' lang='lat' dir='ltr'><strong>et</strong></span> <span class='ocrx_word' id='word_1_1031' title='bbox 2142 2429 2173 2462; x_wconf 92' lang='lat' dir='ltr'><strong>si</strong></span> <span class='ocrx_word' id='word_1_1032' title='bbox 2192 2428 2284 2463; x_wconf 89' lang='lat' dir='ltr'><strong>servi</strong></span> <span class='ocrx_word' id='word_1_1033' title='bbox 2299 2437 2396 2463; x_wconf 86' lang='lat' dir='ltr'><strong>mors</strong></span> 
     </span>
     <span class='ocr_line' id='line_1_134' title="bbox 1298 2472 2395 2518; baseline 0 -10"><span class='ocrx_word' id='word_1_1034' title='bbox 1298 2472 1507 2518; x_wconf 88' lang='lat' dir='ltr'><strong>impedisset</strong></span> <span class='ocrx_word' id='word_1_1035' title='bbox 1529 2474 1862 2515; x_wconf 87' lang='lat' dir='ltr'><strong>manumissionem,</strong></span> <span class='ocrx_word' id='word_1_1036' title='bbox 1901 2485 1981 2509; x_wconf 91' lang='lat' dir='ltr'><strong>cum</strong></span> <span class='ocrx_word' id='word_1_1037' title='bbox 2013 2473 2078 2508; x_wconf 90' lang='lat' dir='ltr'><strong>tibi</strong></span> <span class='ocrx_word' id='word_1_1038' title='bbox 2108 2474 2265 2517; x_wconf 88' lang='lat' dir='ltr'><strong>legatum</strong></span> <span class='ocrx_word' id='word_1_1039' title='bbox 2289 2476 2395 2515; x_wconf 88' lang='lat' dir='ltr'><strong>esset,</strong></span> 
     </span>
     <span class='ocr_line' id='line_1_135' title="bbox 1299 2518 2395 2563; baseline 0 -9"><span class='ocrx_word' id='word_1_1040' title='bbox 1299 2518 1331 2554; x_wconf 86' lang='lat' dir='ltr'><strong>si</strong></span> <span class='ocrx_word' id='word_1_1041' title='bbox 1354 2529 1435 2554; x_wconf 91' lang='lat' dir='ltr'><strong>eum</strong></span> <span class='ocrx_word' id='word_1_1042' title='bbox 1458 2518 1735 2561; x_wconf 89' lang='lat' dir='ltr'><strong>manumisisses,</strong></span> <span class='ocrx_word' id='word_1_1043' title='bbox 1761 2519 1870 2554; x_wconf 92' lang='lat' dir='ltr'><strong>nihilo</strong></span> <span class='ocrx_word' id='word_1_1044' title='bbox 1894 2519 2011 2553; x_wconf 91' lang='lat' dir='ltr'><strong>minus</strong></span> <span class='ocrx_word' id='word_1_1045' title='bbox 2036 2518 2186 2554; x_wconf 90' lang='lat' dir='ltr'><strong>debetur</strong></span> <span class='ocrx_word' id='word_1_1046' title='bbox 2209 2518 2275 2553; x_wconf 91' lang='lat' dir='ltr'><strong>tibi</strong></span> <span class='ocrx_word' id='word_1_1047' title='bbox 2298 2518 2395 2563; x_wconf 87' lang='lat' dir='ltr'><strong>lega—</strong></span> 
     </span>
     <span class='ocr_line' id='line_1_136' title="bbox 1298 2563 2396 2609; baseline 0.001 -11"><span class='ocrx_word' id='word_1_1048' title='bbox 1298 2567 1386 2606; x_wconf 94' lang='lat' dir='ltr'><strong>tum,</strong></span> <span class='ocrx_word' id='word_1_1049' title='bbox 1413 2565 1498 2609; x_wconf 87' lang='lat' dir='ltr'><strong>quia</strong></span> <span class='ocrx_word' id='word_1_1050' title='bbox 1520 2575 1586 2609; x_wconf 91' lang='lat' dir='ltr'><strong>per</strong></span> <span class='ocrx_word' id='word_1_1051' title='bbox 1608 2568 1645 2600; x_wconf 87' lang='lat' dir='ltr'><strong>te</strong></span> <span class='ocrx_word' id='word_1_1052' title='bbox 1669 2575 1741 2599; x_wconf 89' lang='lat' dir='ltr'><strong>non</strong></span> <span class='ocrx_word' id='word_1_1053' title='bbox 1767 2565 1876 2606; x_wconf 89' lang='lat' dir='ltr'><strong>stetit,</strong></span> <span class='ocrx_word' id='word_1_1054' title='bbox 1901 2575 1971 2609; x_wconf 88' lang='lat' dir='ltr'><strong>quo</strong></span> <span class='ocrx_word' id='word_1_1055' title='bbox 1997 2564 2113 2598; x_wconf 89' lang='lat' dir='ltr'><strong>minus</strong></span> <span class='ocrx_word' id='word_1_1056' title='bbox 2140 2564 2326 2608; x_wconf 88' lang='lat' dir='ltr'><strong>perveniat</strong></span> <span class='ocrx_word' id='word_1_1057' title='bbox 2349 2563 2396 2599; x_wconf 93' lang='lat' dir='ltr'><strong>ad</strong></span> 
     </span>
     <span class='ocr_line' id='line_1_137' title="bbox 1299 2608 2395 2655; baseline 0 -10"><span class='ocrx_word' id='word_1_1058' title='bbox 1299 2612 1319 2644; x_wconf 89' lang='grc'><strong>3</strong></span> <span class='ocrx_word' id='word_1_1059' title='bbox 1366 2609 1580 2645; x_wconf 85' lang='grc'>1111011010111.</span> <span class='ocrx_word' id='word_1_1060' title='bbox 1627 2609 1666 2645; x_wconf 92' lang='lat' dir='ltr'><strong>Si</strong></span> <span class='ocrx_word' id='word_1_1061' title='bbox 1688 2620 1773 2655; x_wconf 90' lang='lat' dir='ltr'><strong>pars</strong></span> <span class='ocrx_word' id='word_1_1062' title='bbox 1797 2609 1969 2644; x_wconf 90' lang='lat' dir='ltr'><strong>heredum</strong></span> <span class='ocrx_word' id='word_1_1063' title='bbox 2001 2609 2184 2644; x_wconf 88' lang='lat' dir='ltr'><strong>nominata</strong></span> <span class='ocrx_word' id='word_1_1064' title='bbox 2214 2608 2262 2644; x_wconf 90' lang='lat' dir='ltr'><strong>sit</strong></span> <span class='ocrx_word' id='word_1_1065' title='bbox 2283 2609 2321 2643; x_wconf 91' lang='lat' dir='ltr'><strong>in</strong></span> <span class='ocrx_word' id='word_1_1066' title='bbox 2344 2609 2395 2645; x_wconf 88' lang='lat' dir='ltr'><strong>le-</strong></span> 
     </span>
     <span class='ocr_line' id='line_1_138' title="bbox 1297 2653 2394 2735; baseline 0 -45"><span class='ocrx_word' id='word_1_1067' title='bbox 1297 2654 1428 2735; x_wconf 47' lang='lat' dir='ltr'><strong>fiandd),</strong></span> <span class='ocrx_word' id='word_1_1068' title='bbox 1460 2655 1580 2691; x_wconf 89' lang='lat' dir='ltr'><strong>viriles</strong></span> <span class='ocrx_word' id='word_1_1069' title='bbox 1604 2658 1727 2700; x_wconf 89' lang='lat' dir='ltr'><strong>partes</strong></span> <span class='ocrx_word' id='word_1_1070' title='bbox 1750 2655 1899 2690; x_wconf 90' lang='lat' dir='ltr'><strong>heredes</strong></span> <span class='ocrx_word' id='word_1_1071' title='bbox 1924 2653 2064 2698; x_wconf 90' lang='lat' dir='ltr'><strong>debent,</strong></span> <span class='ocrx_word' id='word_1_1072' title='bbox 2096 2654 2126 2689; x_wconf 90' lang='lat' dir='ltr'><strong>si</strong></span> <span class='ocrx_word' id='word_1_1073' title='bbox 2150 2664 2232 2689; x_wconf 91' lang='lat' dir='ltr'><strong>vero</strong></span> <span class='ocrx_word' id='word_1_1074' title='bbox 2259 2664 2394 2697; x_wconf 91' lang='lat' dir='ltr'><strong>omnes,</strong></span> 
     </span>
     <span class='ocr_line' id='line_1_139' title="bbox 1325 2700 1547 2736; baseline 0 -1"><span class='ocrx_word' id='word_1_1075' title='bbox 1325 2710 1384 2735; x_wconf 92' lang='lat' dir='ltr'><strong>ere</strong></span> <span class='ocrx_word' id='word_1_1076' title='bbox 1410 2700 1547 2736; x_wconf 90' lang='lat' dir='ltr'><strong>itarias.</strong></span> 
     </span>
    </p>

    <p class='ocr_par' dir='ltr' id='par_1_15' title="bbox 1298 2743 2395 2926">
     <span class='ocr_line' id='line_1_140' title="bbox 1345 2743 2395 2789; baseline -0.003 -7"><span class='ocrx_word' id='word_1_1077' title='bbox 1345 2743 1398 2782; x_wconf 91' lang='lat'><strong>55</strong></span> <span class='ocrx_word' id='word_1_1078' title='bbox 1423 2745 1532 2780; x_wconf 76' lang='lat' dir='ltr'><em>IDEM</em></span> <span class='ocrx_word' id='word_1_1079' title='bbox 1552 2746 1643 2782; x_wconf 81' lang='lat' dir='ltr'><strong>libro</strong></span> <span class='ocrx_word' id='word_1_1080' title='bbox 1669 2757 1764 2780; x_wconf 82' lang='lat' dir='ltr'><strong>nono</strong></span> <span class='ocrx_word' id='word_1_1081' title='bbox 1790 2745 1839 2780; x_wconf 88' lang='lat' dir='ltr'><strong>ad</strong></span> <span class='ocrx_word' id='word_1_1082' title='bbox 1855 2744 2028 2780; x_wconf 77' lang='lat' dir='ltr'><strong>Sabinum</strong></span> <span class='ocrx_word' id='word_1_1083' title='bbox 2075 2743 2190 2779; x_wconf 87' lang='lat' dir='ltr'><strong>Nemo</strong></span> <span class='ocrx_word' id='word_1_1084' title='bbox 2214 2747 2335 2789; x_wconf 88' lang='lat' dir='ltr'><strong>potest</strong></span> <span class='ocrx_word' id='word_1_1085' title='bbox 2358 2744 2395 2779; x_wconf 91' lang='grc'><strong>111</strong></span> 
     </span>
     <span class='ocr_line' id='line_1_141' title="bbox 1298 2789 2392 2835; baseline 0 -10"><span class='ocrx_word' id='word_1_1086' title='bbox 1298 2794 1512 2826; x_wconf 90' lang='lat' dir='ltr'><strong>testamento</strong></span> <span class='ocrx_word' id='word_1_1087' title='bbox 1546 2802 1611 2826; x_wconf 94' lang='lat' dir='ltr'><strong>suo</strong></span> <span class='ocrx_word' id='word_1_1088' title='bbox 1647 2800 1792 2833; x_wconf 88' lang='lat' dir='ltr'><strong>cavere,</strong></span> <span class='ocrx_word' id='word_1_1089' title='bbox 1825 2800 1870 2825; x_wconf 90' lang='lat' dir='ltr'><strong>ne</strong></span> <span class='ocrx_word' id='word_1_1090' title='bbox 1901 2790 1995 2835; x_wconf 87' lang='lat' dir='ltr'><strong>leges</strong></span> <span class='ocrx_word' id='word_1_1091' title='bbox 2027 2789 2064 2824; x_wconf 91' lang='lat' dir='ltr'><strong>in</strong></span> <span class='ocrx_word' id='word_1_1092' title='bbox 2089 2800 2154 2824; x_wconf 90' lang='lat' dir='ltr'><strong>suo</strong></span> <span class='ocrx_word' id='word_1_1093' title='bbox 2179 2793 2392 2825; x_wconf 88' lang='lat' dir='ltr'><strong>testamento</strong></span> 
     </span>
     <span class='ocr_line' id='line_1_142' title="bbox 1298 2835 2393 2880; baseline 0 -11"><span class='ocrx_word' id='word_1_1094' title='bbox 1298 2835 1417 2870; x_wconf 93' lang='lat' dir='ltr'><strong>locum</strong></span> <span class='ocrx_word' id='word_1_1095' title='bbox 1440 2836 1610 2878; x_wconf 88' lang='lat' dir='ltr'><strong>habeant,</strong></span> <span class='ocrx_word' id='word_1_1096' title='bbox 1636 2837 1744 2880; x_wconf 83' lang='lat' dir='ltr'><strong>quia⁸</strong></span> <span class='ocrx_word' id='word_1_1097' title='bbox 1768 2846 1833 2870; x_wconf 91' lang='lat' dir='ltr'><strong>nec</strong></span> <span class='ocrx_word' id='word_1_1098' title='bbox 1849 2839 1921 2870; x_wconf 92' lang='lat' dir='ltr'><strong>tem</strong></span> <span class='ocrx_word' id='word_1_1099' title='bbox 1949 2845 2011 2870; x_wconf 90' lang='lat' dir='ltr'><strong>ore</strong></span> <span class='ocrx_word' id='word_1_1100' title='bbox 2035 2838 2098 2869; x_wconf 87' lang='lat' dir='ltr'><strong>aut</strong></span> <span class='ocrx_word' id='word_1_1101' title='bbox 2122 2835 2202 2870; x_wconf 92' lang='lat' dir='ltr'><strong>loco</strong></span> <span class='ocrx_word' id='word_1_1102' title='bbox 2221 2838 2284 2870; x_wconf 88' lang='lat' dir='ltr'><strong>aut</strong></span> <span class='ocrx_word' id='word_1_1103' title='bbox 2308 2845 2393 2870; x_wconf 93' lang='lat' dir='ltr'><strong>con-</strong></span> 
     </span>
     <span class='ocr_line' id='line_1_143' title="bbox 1298 2880 2395 2926; baseline -0.001 -11"><span class='ocrx_word' id='word_1_1104' title='bbox 1298 2880 1439 2916; x_wconf 89' lang='lat' dir='ltr'><strong>dicione</strong></span> <span class='ocrx_word' id='word_1_1105' title='bbox 1479 2881 1574 2915; x_wconf 91' lang='lat' dir='ltr'><strong>finiri</strong></span> <span class='ocrx_word' id='word_1_1106' title='bbox 1617 2881 1786 2926; x_wconf 88' lang='lat' dir='ltr'><strong>obligatio</strong></span> <span class='ocrx_word' id='word_1_1107' title='bbox 1828 2881 1914 2916; x_wconf 89' lang='lat' dir='ltr'><strong>here</strong></span> <span class='ocrx_word' id='word_1_1108' title='bbox 1939 2881 1969 2915; x_wconf 93' lang='lat' dir='ltr'><strong>is</strong></span> <span class='ocrx_word' id='word_1_1109' title='bbox 2013 2880 2210 2925; x_wconf 85' lang='lat' dir='ltr'><strong>legatorum</strong></span> <span class='ocrx_word' id='word_1_1110' title='bbox 2252 2880 2395 2915; x_wconf 91' lang='lat' dir='ltr'><strong>nomine</strong></span> 
     </span>
    </p>

    <p class='ocr_par' dir='ltr' id='par_1_16' title="bbox 1297 2928 2393 3196">
     <span class='ocr_line' id='line_1_144' title="bbox 1324 2928 1430 2961; baseline -0.009 0"><span class='ocrx_word' id='word_1_1111' title='bbox 1324 2928 1430 2961; x_wconf 90' lang='lat' dir='ltr'><strong>otest.</strong></span> 
     </span>
     <span class='ocr_line' id='line_1_145' title="bbox 1297 2937 2391 3016; baseline -0.001 -9"><span class='ocrx_word' id='word_1_1112' title='bbox 1297 2937 1321 2970; x_wconf 75' lang='lat' dir='ltr'><strong>p</strong></span> <span class='ocrx_word' id='word_1_1113' title='bbox 1345 2968 1398 3008; x_wconf 85' lang='lat'><strong>56</strong></span> <span class='ocrx_word' id='word_1_1114' title='bbox 1423 2969 1532 3005; x_wconf 74' lang='lat' dir='ltr'><em>IDEM</em></span> <span class='ocrx_word' id='word_1_1115' title='bbox 1552 2971 1642 3006; x_wconf 75' lang='lat' dir='ltr'><strong>libro</strong></span> <span class='ocrx_word' id='word_1_1116' title='bbox 1667 2975 1799 3016; x_wconf 79' lang='lat' dir='ltr'><strong>quarto</strong></span> <span class='ocrx_word' id='word_1_1117' title='bbox 1825 2970 1961 3006; x_wconf 76' lang='lat' dir='ltr'><strong>decimo</strong></span> <span class='ocrx_word' id='word_1_1118' title='bbox 1986 2971 2036 3005; x_wconf 86' lang='lat' dir='ltr'><strong>ad</strong></span> <span class='ocrx_word' id='word_1_1119' title='bbox 2059 2969 2234 3007; x_wconf 80' lang='lat' dir='ltr'><strong>Sabinum</strong></span> <span class='ocrx_word' id='word_1_1120' title='bbox 2282 2970 2319 3006; x_wconf 88' lang='lat' dir='ltr'><strong>Si</strong></span> <span class='ocrx_word' id='word_1_1121' title='bbox 2342 2971 2391 3006; x_wconf 91' lang='lat' dir='ltr'><strong>le-</strong></span> 
     </span>
     <span class='ocr_line' id='line_1_146' title="bbox 1297 3015 2393 3068; baseline 0 -18"><span class='ocrx_word' id='word_1_1122' title='bbox 1297 3015 1372 3061; x_wconf 89' lang='lat' dir='ltr'><strong>gati</strong></span> <span class='ocrx_word' id='word_1_1123' title='bbox 1396 3015 1489 3051; x_wconf 91' lang='lat' dir='ltr'><strong>servi</strong></span> <span class='ocrx_word' id='word_1_1124' title='bbox 1512 3015 1655 3051; x_wconf 90' lang='lat' dir='ltr'><strong>nomine</strong></span> <span class='ocrx_word' id='word_1_1125' title='bbox 1678 3015 1869 3060; x_wconf 89' lang='lat' dir='ltr'><strong>stipuletur</strong></span> <span class='ocrx_word' id='word_1_1126' title='bbox 1884 3016 2079 3061; x_wconf 88' lang='lat' dir='ltr'><strong>legatarius</strong></span> <span class='ocrx_word' id='word_1_1127' title='bbox 2104 3015 2289 3068; x_wconf 82' lang='lat' dir='ltr'><strong>fugitivum</strong></span> <span class='ocrx_word' id='word_1_1128' title='bbox 2314 3026 2393 3050; x_wconf 92' lang='lat' dir='ltr'><strong>eum</strong></span> 
     </span>
     <span class='ocr_line' id='line_1_147' title="bbox 1298 3061 2390 3106; baseline 0 -11"><span class='ocrx_word' id='word_1_1129' title='bbox 1298 3072 1370 3096; x_wconf 92' lang='lat' dir='ltr'><strong>non</strong></span> <span class='ocrx_word' id='word_1_1130' title='bbox 1395 3071 1473 3096; x_wconf 90' lang='lat' dir='ltr'><strong>esse</strong></span> <span class='ocrx_word' id='word_1_1131' title='bbox 1496 3061 1684 3105; x_wconf 90' lang='lat' dir='ltr'><strong>praestari,</strong></span> <span class='ocrx_word' id='word_1_1132' title='bbox 1709 3061 1797 3096; x_wconf 91' lang='lat' dir='ltr'><strong>nihil</strong></span> <span class='ocrx_word' id='word_1_1133' title='bbox 1819 3061 1936 3097; x_wconf 91' lang='lat' dir='ltr'><strong>veniet</strong></span> <span class='ocrx_word' id='word_1_1134' title='bbox 1959 3062 1996 3096; x_wconf 89' lang='lat' dir='ltr'><strong>in</strong></span> <span class='ocrx_word' id='word_1_1135' title='bbox 2021 3072 2099 3096; x_wconf 90' lang='lat' dir='ltr'><strong>eam</strong></span> <span class='ocrx_word' id='word_1_1136' title='bbox 2115 3061 2390 3106; x_wconf 88' lang='lat' dir='ltr'><strong>st1pulationem‚</strong></span> 
     </span>
     <span class='ocr_line' id='line_1_148' title="bbox 1298 3106 2391 3152; baseline 0 -12"><span class='ocrx_word' id='word_1_1137' title='bbox 1298 3106 1381 3151; x_wconf 90' lang='lat' dir='ltr'><strong>quia</strong></span> <span class='ocrx_word' id='word_1_1138' title='bbox 1405 3106 1518 3151; x_wconf 89' lang='lat' dir='ltr'><strong>qualis</strong></span> <span class='ocrx_word' id='word_1_1139' title='bbox 1535 3106 1592 3148; x_wconf 88' lang='lat' dir='ltr'><strong>sit,</strong></span> <span class='ocrx_word' id='word_1_1140' title='bbox 1617 3106 1699 3141; x_wconf 85' lang='lat' dir='ltr'><strong>talis</strong></span> <span class='ocrx_word' id='word_1_1141' title='bbox 1718 3116 1763 3142; x_wconf 81' lang='lat' dir='ltr'><strong>ex</strong></span> <span class='ocrx_word' id='word_1_1142' title='bbox 1778 3109 1992 3142; x_wconf 89' lang='lat' dir='ltr'><strong>testamento</strong></span> <span class='ocrx_word' id='word_1_1143' title='bbox 2009 3106 2188 3152; x_wconf 86' lang='lat' dir='ltr'><strong>praestari</strong></span> <span class='ocrx_word' id='word_1_1144' title='bbox 2205 3106 2310 3141; x_wconf 91' lang='lat' dir='ltr'><strong>debet</strong></span> <span class='ocrx_word' id='word_1_1145' title='bbox 2324 3115 2391 3140; x_wconf 91' lang='lat' dir='ltr'><strong>nec</strong></span> 
     </span>
     <span class='ocr_line' id='line_1_149' title="bbox 1298 3151 2246 3196; baseline -0.001 -10"><span class='ocrx_word' id='word_1_1146' title='bbox 1298 3151 1409 3186; x_wconf 91' lang='lat' dir='ltr'><strong>ullum</strong></span> <span class='ocrx_word' id='word_1_1147' title='bbox 1432 3151 1469 3186; x_wconf 88' lang='lat' dir='ltr'><strong>in</strong></span> <span class='ocrx_word' id='word_1_1148' title='bbox 1493 3151 1611 3195; x_wconf 89' lang='lat' dir='ltr'><strong>legato</strong></span> <span class='ocrx_word' id='word_1_1149' title='bbox 1636 3151 1804 3187; x_wconf 90' lang='lat' dir='ltr'><strong>damnum</strong></span> <span class='ocrx_word' id='word_1_1150' title='bbox 1827 3151 1948 3187; x_wconf 85' lang='lat' dir='ltr'><strong>facere</strong></span> <span class='ocrx_word' id='word_1_1151' title='bbox 1971 3153 2246 3196; x_wconf 87' lang='lat' dir='ltr'><strong>intellegeretur.</strong></span> 
     </span>
    </p>

    <p class='ocr_par' dir='ltr' id='par_1_17' title="bbox 1296 3194 2391 3558">
     <span class='ocr_line' id='line_1_150' title="bbox 1344 3194 2390 3243; baseline -0.005 -10"><span class='ocrx_word' id='word_1_1152' title='bbox 1344 3194 1396 3233; x_wconf 89' lang='lat'><strong>57</strong></span> <span class='ocrx_word' id='word_1_1153' title='bbox 1429 3196 1625 3232; x_wconf 72' lang='lat' dir='ltr'><strong><em>ULPIANUS</em></strong></span> <span class='ocrx_word' id='word_1_1154' title='bbox 1652 3197 1743 3232; x_wconf 78' lang='lat' dir='ltr'><strong>libro</strong></span> <span class='ocrx_word' id='word_1_1155' title='bbox 1777 3198 1960 3243; x_wconf 76' lang='lat' dir='ltr'><strong>triqesz&#39;mo</strong></span> <span class='ocrx_word' id='word_1_1156' title='bbox 2002 3198 2106 3232; x_wconf 75' lang='lat' dir='ltr'><strong>tertio</strong></span> <span class='ocrx_word' id='word_1_1157' title='bbox 2136 3196 2186 3231; x_wconf 84' lang='lat' dir='ltr'><strong>ad</strong></span> <span class='ocrx_word' id='word_1_1158' title='bbox 2218 3195 2390 3230; x_wconf 75' lang='lat' dir='ltr'><strong>Sabinum</strong></span> 
     </span>
     <span class='ocr_line' id='line_1_151' title="bbox 1299 3241 2391 3286; baseline -0.003 -9"><span class='ocrx_word' id='word_1_1159' title='bbox 1299 3242 1336 3277; x_wconf 89' lang='lat' dir='ltr'><strong>Si</strong></span> <span class='ocrx_word' id='word_1_1160' title='bbox 1359 3252 1417 3277; x_wconf 91' lang='lat' dir='ltr'><strong>res</strong></span> <span class='ocrx_word' id='word_1_1161' title='bbox 1442 3241 1600 3286; x_wconf 87' lang='lat' dir='ltr'><strong>obligata</strong></span> <span class='ocrx_word' id='word_1_1162' title='bbox 1622 3252 1688 3286; x_wconf 91' lang='lat' dir='ltr'><strong>per</strong></span> <span class='ocrx_word' id='word_1_1163' title='bbox 1711 3241 2025 3278; x_wconf 89' lang='lat' dir='ltr'><strong>fideicommissum</strong></span> <span class='ocrx_word' id='word_1_1164' title='bbox 2048 3241 2158 3276; x_wconf 90' lang='lat' dir='ltr'><strong>fuerit</strong></span> <span class='ocrx_word' id='word_1_1165' title='bbox 2180 3241 2323 3282; x_wconf 89' lang='lat' dir='ltr'><strong>relicta,</strong></span> <span class='ocrx_word' id='word_1_1166' title='bbox 2360 3241 2391 3274; x_wconf 90' lang='lat' dir='ltr'><strong>si</strong></span> 
     </span>
     <span class='ocr_line' id='line_1_152' title="bbox 1298 3285 2391 3332; baseline -0.002 -11"><span class='ocrx_word' id='word_1_1167' title='bbox 1298 3286 1440 3331; x_wconf 88' lang='lat' dir='ltr'><strong>quidem</strong></span> <span class='ocrx_word' id='word_1_1168' title='bbox 1464 3287 1533 3321; x_wconf 90' lang='lat' dir='ltr'><strong>scit</strong></span> <span class='ocrx_word' id='word_1_1169' title='bbox 1548 3296 1627 3322; x_wconf 89' lang='lat' dir='ltr'><strong>eam</strong></span> <span class='ocrx_word' id='word_1_1170' title='bbox 1645 3289 1800 3322; x_wconf 89' lang='lat' dir='ltr'><strong>testator</strong></span> <span class='ocrx_word' id='word_1_1171' title='bbox 1823 3288 2026 3332; x_wconf 88' lang='lat' dir='ltr'><strong>obligatam,</strong></span> <span class='ocrx_word' id='word_1_1172' title='bbox 2051 3287 2097 3321; x_wconf 90' lang='lat' dir='ltr'><strong>ab</strong></span> <span class='ocrx_word' id='word_1_1173' title='bbox 2114 3285 2245 3321; x_wconf 91' lang='lat' dir='ltr'><strong>herede</strong></span> <span class='ocrx_word' id='word_1_1174' title='bbox 2260 3285 2391 3320; x_wconf 90' lang='lat' dir='ltr'><strong>luenda</strong></span> 
     </span>
     <span class='ocr_line' id='line_1_153' title="bbox 1298 3329 2388 3374; baseline -0.004 -7"><span class='ocrx_word' id='word_1_1175' title='bbox 1298 3336 1363 3374; x_wconf 91' lang='lat' dir='ltr'><strong>est,</strong></span> <span class='ocrx_word' id='word_1_1176' title='bbox 1388 3331 1457 3366; x_wconf 91' lang='lat' dir='ltr'><strong>nisi</strong></span> <span class='ocrx_word' id='word_1_1177' title='bbox 1481 3332 1511 3366; x_wconf 90' lang='lat' dir='ltr'><strong>si</strong></span> <span class='ocrx_word' id='word_1_1178' title='bbox 1535 3332 1653 3367; x_wconf 90' lang='lat' dir='ltr'><strong>animo</strong></span> <span class='ocrx_word' id='word_1_1179' title='bbox 1679 3333 1749 3368; x_wconf 90' lang='lat' dir='ltr'><strong>alio</strong></span> <span class='ocrx_word' id='word_1_1180' title='bbox 1773 3331 1899 3368; x_wconf 87' lang='lat' dir='ltr'><strong>fuerit:</strong></span> <span class='ocrx_word' id='word_1_1181' title='bbox 1937 3333 1967 3367; x_wconf 89' lang='lat' dir='ltr'><strong>si</strong></span> <span class='ocrx_word' id='word_1_1182' title='bbox 1990 3332 2137 3372; x_wconf 88' lang='lat' dir='ltr'><strong>nesciat,</strong></span> <span class='ocrx_word' id='word_1_1183' title='bbox 2163 3341 2185 3364; x_wconf 90' lang='lat' dir='ltr'><strong>a</strong></span> <span class='ocrx_word' id='word_1_1184' title='bbox 2208 3329 2388 3365; x_wconf 90' lang='lat' dir='ltr'><strong>fideicom-</strong></span> 
     </span>
     <span class='ocr_line' id='line_1_154' title="bbox 1297 3375 2389 3418; baseline -0.002 -7"><span class='ocrx_word' id='word_1_1185' title='bbox 1297 3377 1462 3412; x_wconf 90' lang='lat' dir='ltr'><strong>missario</strong></span> <span class='ocrx_word' id='word_1_1186' title='bbox 1495 3376 1578 3418; x_wconf 88' lang='lat' dir='ltr'><strong>(nisi</strong></span> <span class='ocrx_word' id='word_1_1187' title='bbox 1608 3377 1639 3412; x_wconf 87' lang='lat' dir='ltr'><strong>si</strong></span> <span class='ocrx_word' id='word_1_1188' title='bbox 1669 3378 1725 3413; x_wconf 89' lang='lat' dir='ltr'><strong>vel</strong></span> <span class='ocrx_word' id='word_1_1189' title='bbox 1755 3378 1850 3412; x_wconf 89' lang='grc'>110110</span> <span class='ocrx_word' id='word_1_1190' title='bbox 1882 3378 1936 3412; x_wconf 90' lang='lat' dir='ltr'><strong>vel</strong></span> <span class='ocrx_word' id='word_1_1191' title='bbox 1972 3378 2078 3411; x_wconf 88' lang='lat' dir='ltr'><strong>aliam</strong></span> <span class='ocrx_word' id='word_1_1192' title='bbox 2100 3386 2175 3410; x_wconf 89' lang='lat' dir='ltr'><strong>rem</strong></span> <span class='ocrx_word' id='word_1_1193' title='bbox 2199 3375 2389 3409; x_wconf 90' lang='lat' dir='ltr'><strong>relicturus</strong></span> 
     </span>
     <span class='ocr_line' id='line_1_155' title="bbox 1296 3419 2390 3467; baseline -0.003 -11"><span class='ocrx_word' id='word_1_1194' title='bbox 1296 3422 1435 3462; x_wconf 89' lang='lat' dir='ltr'><strong>fuisset,</strong></span> <span class='ocrx_word' id='word_1_1195' title='bbox 1461 3421 1492 3456; x_wconf 89' lang='lat' dir='ltr'><strong>si</strong></span> <span class='ocrx_word' id='word_1_1196' title='bbox 1515 3421 1643 3457; x_wconf 88' lang='lat' dir='ltr'><strong>scisset</strong></span> <span class='ocrx_word' id='word_1_1197' title='bbox 1666 3422 1885 3467; x_wconf 88' lang='lat' dir='ltr'><strong>obligatam),</strong></span> <span class='ocrx_word' id='word_1_1198' title='bbox 1910 3422 1988 3456; x_wconf 77' lang='lat' dir='ltr'><strong>vel⁹</strong></span> <span class='ocrx_word' id='word_1_1199' title='bbox 2012 3424 2131 3466; x_wconf 88' lang='lat' dir='ltr'><strong>potest</strong></span> <span class='ocrx_word' id='word_1_1200' title='bbox 2154 3419 2289 3463; x_wconf 89' lang='lat' dir='ltr'><strong>aliquid</strong></span> <span class='ocrx_word' id='word_1_1201' title='bbox 2312 3429 2390 3454; x_wconf 90' lang='lat' dir='ltr'><strong>esse</strong></span> 
     </span>
     <span class='ocr_line' id='line_1_156' title="bbox 1298 3465 2390 3511; baseline -0.004 -10"><span class='ocrx_word' id='word_1_1202' title='bbox 1298 3466 1519 3511; x_wconf 81' lang='lat' dir='ltr'><strong>superfluum</strong></span> <span class='ocrx_word' id='word_1_1203' title='bbox 1544 3467 1707 3503; x_wconf 84' lang='lat' dir='ltr'><strong>exsoluto</strong></span> <span class='ocrx_word' id='word_1_1204' title='bbox 1731 3478 1814 3503; x_wconf 87' lang='grc'>0010</span> <span class='ocrx_word' id='word_1_1205' title='bbox 1828 3469 1854 3488; x_wconf 88' lang='lat'><strong>¹0</strong></span> <span class='ocrx_word' id='word_1_1206' title='bbox 1888 3467 2015 3501; x_wconf 90' lang='lat' dir='ltr'><strong>alieno.</strong></span> <span class='ocrx_word' id='word_1_1207' title='bbox 2065 3465 2159 3510; x_wconf 91' lang='lat' dir='ltr'><strong>quod</strong></span> <span class='ocrx_word' id='word_1_1208' title='bbox 2183 3465 2213 3499; x_wconf 90' lang='lat' dir='ltr'><strong>si</strong></span> <span class='ocrx_word' id='word_1_1209' title='bbox 2237 3467 2390 3498; x_wconf 88' lang='lat' dir='ltr'><strong>testator</strong></span> 
     </span>
     <span class='ocr_line' id='line_1_157' title="bbox 1299 3509 2387 3558; baseline -0.005 -10"><span class='ocrx_word' id='word_1_1210' title='bbox 1299 3522 1340 3548; x_wconf 93' lang='lat' dir='ltr'><strong>eo</strong></span> <span class='ocrx_word' id='word_1_1211' title='bbox 1365 3512 1482 3547; x_wconf 88' lang='lat' dir='ltr'><strong>animo</strong></span> <span class='ocrx_word' id='word_1_1212' title='bbox 1507 3511 1587 3555; x_wconf 88' lang='lat' dir='ltr'><strong>fuit,</strong></span> <span class='ocrx_word' id='word_1_1213' title='bbox 1611 3515 1663 3555; x_wconf 90' lang='lat' dir='ltr'><strong>ut,</strong></span> <span class='ocrx_word' id='word_1_1214' title='bbox 1687 3522 1902 3558; x_wconf 86' lang='lat' dir='ltr'><strong>quamquam</strong></span> <span class='ocrx_word' id='word_1_1215' title='bbox 1934 3510 2198 3547; x_wconf 87' lang='lat' dir='ltr'><strong>liberandorum</strong></span> <span class='ocrx_word' id='word_1_1216' title='bbox 2222 3509 2387 3553; x_wconf 89' lang='lat' dir='ltr'><strong>praedio-</strong></span> 
     </span>
    </p>
   </div>
   <div class='ocr_carea' id='block_1_9' title="bbox 1553 3586 2192 3594">
    <p class='ocr_par' dir='ltr' id='par_1_18' title="bbox 1553 3586 2192 3594">
     <span class='ocr_line' id='line_1_158' title="bbox 1553 3586 2192 3594; baseline 0 0"><span class='ocrx_word' id='word_1_1217' title='bbox 1553 3586 2192 3594; x_wconf 95' lang='lat' dir='ltr'><strong> </strong></span> 
     </span>
    </p>
   </div>
   <div class='ocr_carea' id='block_1_10' title="bbox 1641 3623 2387 3756">
    <p class='ocr_par' dir='ltr' id='par_1_19' title="bbox 1641 3623 2387 3756">
     <span class='ocr_line' id='line_1_159' title="bbox 1641 3623 2387 3668; baseline -0.007 -8"><span class='ocrx_word' id='word_1_1218' title='bbox 1641 3627 1696 3668; x_wconf 84' lang='lat'><strong>(5¹)</strong></span> <span class='ocrx_word' id='word_1_1219' title='bbox 1722 3627 1759 3659; x_wconf 80' lang='lat' dir='ltr'><strong>id</strong></span> <span class='ocrx_word' id='word_1_1220' title='bbox 1770 3631 1835 3658; x_wconf 79' lang='lat' dir='ltr'><strong>est:</strong></span> <span class='ocrx_word' id='word_1_1221' title='bbox 1848 3623 2005 3665; x_wconf 74' lang='lat' dir='ltr'><strong>reliquias</strong></span> <span class='ocrx_word' id='word_1_1222' title='bbox 2065 3626 2108 3664; x_wconf 80' lang='lat'><strong>(6)</strong></span> <span class='ocrx_word' id='word_1_1223' title='bbox 2135 3634 2174 3655; x_wconf 87' lang='lat' dir='ltr'><strong>ex</strong></span> <span class='ocrx_word' id='word_1_1224' title='bbox 2187 3626 2387 3656; x_wconf 81' lang='lat' dir='ltr'><strong>testamento</strong></span> 
     </span>
     <span class='ocr_line' id='line_1_160' title="bbox 1729 3669 2385 3712; baseline -0.006 -8"><span class='ocrx_word' id='word_1_1225' title='bbox 1729 3672 1772 3710; x_wconf 79' lang='lat'><strong>(7)</strong></span> <span class='ocrx_word' id='word_1_1226' title='bbox 1797 3680 1873 3702; x_wconf 87' lang='lat' dir='ltr'><strong>vero</strong></span> <span class='ocrx_word' id='word_1_1227' title='bbox 1888 3670 1950 3702; x_wconf 87' lang='lat' dir='ltr'><strong>del.</strong></span> <span class='ocrx_word' id='word_1_1228' title='bbox 2054 3670 2097 3709; x_wconf 90' lang='lat'><strong>(8)</strong></span> <span class='ocrx_word' id='word_1_1229' title='bbox 2123 3669 2278 3709; x_wconf 85' lang='lat' dir='ltr'><strong>habeant,</strong></span> <span class='ocrx_word' id='word_1_1230' title='bbox 2293 3669 2385 3712; x_wconf 87' lang='lat' dir='ltr'><strong>quia]</strong></span> 
     </span>
     <span class='ocr_line' id='line_1_161' title="bbox 1726 3713 2247 3756; baseline -0.002 -8"><span class='ocrx_word' id='word_1_1231' title='bbox 1726 3716 1770 3756; x_wconf 87' lang='grc'><strong>(9)</strong></span> <span class='ocrx_word' id='word_1_1232' title='bbox 1795 3713 1854 3746; x_wconf 87' lang='lat' dir='ltr'><strong>ubi</strong></span> <span class='ocrx_word' id='word_1_1233' title='bbox 1867 3727 1928 3747; x_wconf 75' lang='lat' dir='ltr'><strong>scr.</strong></span> <span class='ocrx_word' id='word_1_1234' title='bbox 2024 3715 2082 3754; x_wconf 71' lang='lat'>(10)</span> <span class='ocrx_word' id='word_1_1235' title='bbox 2103 3723 2198 3745; x_wconf 79' lang='lat' dir='ltr'><strong>aerea</strong></span> <span class='ocrx_word' id='word_1_1236' title='bbox 2212 3715 2247 3747; x_wconf 88' lang='lat' dir='ltr'><em>F</em></span> 
     </span>
    </p>
   </div>
   <div class='ocr_carea' id='block_1_11' title="bbox 1297 3625 1551 3667">
    <p class='ocr_par' dir='ltr' id='par_1_20' title="bbox 1297 3625 1551 3667">
     <span class='ocr_line' id='line_1_162' title="bbox 1297 3625 1551 3667; baseline 0.004 -8"><span class='ocrx_word' id='word_1_1237' title='bbox 1297 3630 1338 3663; x_wconf 78' lang='lat'><strong>(5)</strong></span> <span class='ocrx_word' id='word_1_1238' title='bbox 1364 3625 1475 3667; x_wconf 80' lang='lat' dir='ltr'><strong>legato</strong></span> <span class='ocrx_word' id='word_1_1239' title='bbox 1487 3638 1551 3660; x_wconf 79' lang='lat' dir='ltr'><strong>scr.</strong></span> 
     </span>
    </p>
   </div>
  </div>
 </body>
</html>
