2528 3918
213 108 449 151 mnas

211 242 296 268 num
318 233 479 267 secutum
504 231 560 265 est
581 239 629 264 an
650 237 734 264 vero
758 227 831 264 alia
852 237 897 264 ex
920 238 1049 271 causa,
1073 227 1182 263 veluti
1205 227 1300 272 quod

211 276 344 314 alicubi
377 275 543 311 iacebant
577 283 714 309 merces
748 272 787 309 in
821 273 951 354 angulo
984 274 1102 318 aliquo
1136 276 1171 307 et
1202 272 1298 307 unda

209 320 420 369 penetravit.
456 323 543 355 tunc
567 318 661 355 enim
684 317 848 355 conferre
890 318 1026 354 ebebit:
1051 328 1098 353 an
1118 327 1162 352 ex
1181 317 1300 370 priore

211 376 323 403 causa
346 364 548 401 collationis
579 373 671 400 onus
700 362 779 410 pati
808 374 881 400 non
912 363 1035 406 debet,
1068 362 1153 408 quia
1181 365 1299 398 lactus

211 412 317 448 etiam
348 410 445 446 hunc
467 409 597 445 laesit?
632 408 752 445 adhuc
780 408 953 454 numquid
984 412 1020 443 et
1049 408 1080 443 si
1111 406 1299 453 aspargine

210 459 356 503 propter
385 454 520 490 iactum
550 464 608 490 res
630 453 823 490 deteriores
847 453 967 489 factae
990 452 1098 489 sunt?
1133 451 1197 488 sed
1226 451 1297 488 dis-

209 500 334 537 tinctio
370 499 535 545 suptilior
568 499 770 535 adhibenda
803 503 875 542 est,
920 498 1004 543 quid
1038 498 1119 543 plus
1154 497 1219 540 sit,
1260 497 1299 532 in

209 546 338 582 damno
362 555 410 580 an
432 545 470 580 in
493 544 700 581 collatione:
733 544 763 580 si
793 544 891 579 verbi
921 543 1036 596 gratia
1065 543 1134 578 hae
1167 552 1224 578 res
1247 542 1297 577 vi-

208 590 297 637 ginti
319 589 466 626 fuerunt
489 593 524 625 et
543 589 686 626 collatio
707 588 847 634 quidem
866 588 954 623 fac1t
974 588 1106 630 decem,
1131 586 1298 622 damnum

210 640 328 672 autem
353 635 444 678 duo,
469 634 621 671 deducto
646 635 735 676 hoc,
767 633 864 679 quod
887 633 1055 668 damnum
1078 642 1207 678 passus
1231 636 1298 674 est,

208 681 382 727 reliquum
393 679 557 716 conferre
569 679 709 715 debeat.
742 678 827 724 quid
847 689 941 723 ergo,
963 678 993 713 si
1012 678 1092 723 plus
1111 677 1149 713 in
1169 678 1297 713 damno

210 726 277 762 erit
307 736 415 779 quam
444 725 483 761 in
514 725 731 761 collatione?
764 727 805 759 ut
835 728 923 769 puta
954 723 1077 759 decem
1100 722 1216 758 aureis
1239 732 1297 758 res

210 771 403 807 deteriores
426 770 547 806 factae
578 774 681 813 sunt,
715 769 785 804 duo
818 772 937 804 autem
970 767 1169 804 collationis
1201 771 1296 803 sunt.

209 816 409 852 indubitate
433 819 623 861 utrumque
654 825 744 850 onus
802 814 852 849 ati
883 824 956 849 non
987 813 1110 848 debet:
1146 813 1208 848 sed
1239 812 1298 848 hic

210 861 410 904 videamus,
442 871 527 896 num
551 865 586 896 et
608 860 677 906 ipsi
701 870 743 895 co
786 869 862 894 erre
885 862 1059 911 oporteat.
1097 858 1183 903 quid
1205 858 1298 894 enim

209 907 356 942 interest
385 905 538 942 iactatas
551 906 562 927 ²
585 915 643 941 res
666 914 762 939 meas
787 904 963 939 amisenm
987 913 1034 939 an
1058 903 1211 939 nudatas
1235 903 1296 939 de-

208 951 355 987 teriores
378 951 512 987 habere
535 950 728 1003 coeperim:
754 959 837 984 nam
861 948 955 984 sicut
973 949 1005 984 ei
1024 948 1085 994 qui
1130 948 1298 984 erdiderit

208 996 427 1039 subvenitur,
451 996 503 1031 ita
527 999 562 1032 et
585 1005 617 1030 ei
641 994 820 1030 subveniri
844 997 996 1039 oportet,
1021 994 1081 1039 qui
1130 994 1297 1029 eteriores

207 1045 356 1088 propter
384 1042 520 1077 iactum
551 1051 609 1076 res
641 1040 773 1075 habere
797 1039 964 1084 coeperit.
1000 1039 1092 1074 haec
1114 1039 1166 1074 ita
1188 1039 1296 1084 Papi-

208 1086 282 1123 rius
305 1087 442 1123 Fronto
467 1085 661 1131 respondit.

253 1131 279 1170 5
303 1131 648 1168 stooztmszws
663 1129 753 1165 libro
773 1128 930 1165 secundo
951 1129 1043 1164 iures
1059 1129 1297 1182 epitomarum

208 1177 371 1213 Amissae
394 1176 492 1212 navis
517 1176 684 1211 damnum
706 1174 904 1210 collationis
925 1178 1105 1210 consort10
1127 1185 1200 1210 non
1219 1184 1296 1209 sar-

208 1223 301 1259 citur
331 1232 396 1268 per
426 1231 507 1264 eos,
539 1220 600 1266 qui
630 1230 765 1255 merces
797 1230 881 1255 suas
914 1219 1100 1264 naufragio
1124 1219 1295 1255 liberave—

206 1271 310 1303 runt:
346 1277 429 1302 nam
464 1266 571 1301 huius
606 1265 821 1311 aequitatem
856 1268 943 1300 tunc
977 1264 1116 1300 admitti
1174 1264 1295 1307 lacuit,

208 1324 291 1349 cum
311 1313 427 1347 iactus
447 1310 602 1346 remedio
625 1310 752 1346 ceteris
771 1310 809 1345 in
830 1310 1006 1345 communi
1025 1310 1123 1355 peric
1163 1320 1184 1346 o
1198 1310 1297 1345 salva

210 1365 225 1394 1
277 1357 359 1393 navi
383 1356 585 1392 consultum
609 1359 674 1390 est.
722 1355 861 1391 Arbore
885 1365 1002 1398 caesa,
1026 1359 1067 1390 ut
1090 1355 1190 1390 navis
1215 1366 1296 1390 cum

206 1403 383 1483 mebi-cilius
407 1401 551 1437 liberari
581 1400 714 1447 possit,
748 1400 910 1446 aequitas
934 1400 1207 1436 contributionis
1231 1400 1294 1435 ha-

206 1449 251 1484 be
276 1448 305 1483 it
341 1457 457 1483 ocum.

251 1490 277 1531 6
310 1492 502 1528 IULIANUS
532 1491 624 1527 libro
659 1491 901 1538 octoqensimo
935 1495 1040 1526 sexto
1075 1490 1295 1537 diqestorum

206 1538 315 1574 Navis
339 1537 489 1572 adversa
512 1539 723 1581 tempestate
748 1535 941 1582 depressa²
963 1536 1038 1571 ictu
1057 1535 1213 1572 fulminis
1233 1536 1294 1572 de-

205 1583 296 1619 ustis
332 1581 559 1617 armamentis
595 1585 631 1616 et
665 1581 794 1617 arbore
829 1584 865 1617 et
899 1584 1066 1617 antemna
1095 1581 1142 1616 Hi
1167 1591 1295 1626 ponem

207 1629 327 1665 delata
360 1631 415 1663 est
446 1627 567 1672 ibique
597 1626 839 1662 tumultuariis
870 1626 1098 1662 armamentis
1122 1636 1144 1662 a
1191 1636 1294 1672 prae-

204 1684 286 1710 sens
311 1672 528 1717 comparatis
554 1671 691 1708 Ostiam
722 1671 899 1717 navigavit
930 1675 967 1707 et
997 1682 1089 1708 onus
1120 1672 1295 1717 integrum

203 1718 367 1764 pertulit:
400 1718 600 1763 quaesitum
632 1720 706 1759 est,
743 1727 790 1752 an
822 1717 878 1759 hi,
912 1727 1063 1762 quorum
1093 1728 1184 1753 onus
1214 1717 1295 1759 fuit,

205 1767 336 1800 nautae
365 1773 431 1808 pro
464 1763 593 1798 damno
625 1761 788 1798 conferre
818 1762 981 1798 debeant.
1017 1762 1201 1808 respondit
1224 1773 1295 1798 non

206 1809 354 1845 debere:
387 1808 446 1843 hic
479 1807 570 1843 enim
604 1811 765 1853 sumptus
796 1807 1026 1843 instruendae
1049 1808 1159 1852 magis
1182 1808 1294 1850 navis,

204 1864 312 1901 quam
335 1852 660 1889 conservandarum
684 1853 855 1888 mercium
878 1852 994 1898 gratia
1015 1852 1135 1889 factus
1160 1857 1225 1889 est.

255 1896 279 1936 7
305 1896 361 1934 ΡΑ
369 1908 464 1934 vsvs
484 1898 574 1934 libro
599 1898 704 1934 tertio
728 1898 967 1945 epitomarum
990 1898 1120 1944 Alfeni
1139 1898 1295 1945 diqesto·

203 1955 284 1980 rum
331 1942 420 1980 Cum
446 1943 616 1989 depressa
641 1943 740 1979 navis
764 1946 829 1978 aut
860 1943 1021 1979 deiecta³
1053 1947 1167 1986 esset,
1199 1943 1294 1989 quod

204 1989 354 2036 quisque
376 1999 422 2025 ex
445 1999 488 2024 ea
511 1999 616 2024 suum
639 1992 826 2031 servasset,
850 1988 918 2024 sibi
939 1998 1080 2024 servare
1099 1989 1294 2034 respondit,

203 2039 385 2080 tamquam
408 2044 452 2070 ex
474 2033 650 2069 incendio.

252 2078 276 2118 8
302 2079 495 2115 Inuzms
515 2079 607 2114 libro
630 2079 787 2115 secundo
811 2089 862 2114 ex
884 2077 1034 2115 Minicio

204 2125 294 2160 dae⁴
326 2124 425 2160 navis
457 2124 572 2169 gratia
602 2133 659 2159 res
691 2124 830 2169 aliquas
859 2124 1058 2169 proiciunt,
1093 2135 1167 2160 non
1198 2124 1292 2160 hanc

204 2173 356 2205 mentem
374 2170 509 2204 habent
519 2170 545 2211 ⁶,
565 2172 606 2204 ut
625 2179 686 2204 eas
706 2179 771 2214 pro
792 2169 960 2204 derelicto
973 2169 1141 2212 habeant,
1162 2170 1293 2215 quippe

207 2216 238 2250 si
262 2214 459 2250 invenerint
482 2224 563 2257 eas,
594 2214 779 2250 ablaturos
804 2218 858 2256 et,
892 2214 923 2249 si
954 2214 1126 2259 suspicati
1148 2214 1291 2257 fuerint,

203 2260 240 2295 in
264 2270 369 2306 quem
392 2259 511 2295 locum
535 2259 670 2295 eiectae
693 2262 788 2302 sunt,
812 2259 1063 2304 requisituros:
1088 2263 1130 2294 ut
1171 2259 1292 2295 erinde

204 2306 292 2348 sint,
325 2315 369 2340 ac
393 2304 422 2340 si
447 2304 524 2357 quis
549 2314 657 2340 onere
679 2314 825 2350 pressus
849 2305 887 2340 in
910 2304 1002 2340 viam
1024 2315 1099 2340 rem
1122 2315 1145 2340 a
1158 2305 1292 2340 ›iecerit

203 2361 286 2386 mox
310 2361 391 2386 cum
414 2350 491 2386 alus
514 2360 734 2389 reversurus,
758 2353 798 2385 ut
820 2349 970 2386 eandem
993 2349 1162 2385 auferret.

249 2393 274 2433 9
309 2395 502 2431 Vowsms
520 2394 758 2431 Mascuivvs
776 2406 827 2431 ex
850 2394 929 2441 leqe
954 2394 1097 2430 Rhodia
1130 2390 1293 2435 Ἄξιωσις

206 2437 428 2485 Εὐδαίμονος
463 2438 696 2484 Νικομηδέως
737 2440 829 2486 πρὸς
860 2436 1078 2474 Ἀντωνῖνσν
1118 2438 1289 2485 βασιλέα·

206 2483 313 2532 Κύριε
342 2483 488 2530 βασιλεῦ
507 2480 717 2526 limatam,
751 2482 976 2540 ναυφράἴιον
1006 2483 1221 2528 ποιήσαντες
1253 2488 1293 2519 ἐν

202 2533 245 2577 τῇ
281 2526 431 2573 Ἰταλίᾳσ
467 2527 717 2576 διηρπάγημεν
749 2527 820 2564 ὑπὸ
855 2543 932 2564 των
968 2527 1180 2574 ὃημοσίωνῚ
1215 2532 1293 2565 τῶν

202 2575 265 2611 τὰς
277 2573 463 2610 Κυκλάδας
486 2572 615 2617 νήσους
638 2573 847 2610 οἰκούντων.
884 2570 1095 2610 Ἀντωνῖνος
1108 2575 1207 2610 εἶπεν
1217 2570 1290 2609 Εὗ-

204 2618 266 2654 δαί
294 2628 369 2653 ονι·
404 2619 475 2667 ἐγώ
498 2623 565 2664 μὲν
586 2622 651 2654 τοῦ
675 2617 810 2674 κόσμου
834 2618 961 2665 κύριος,
989 2616 1009 2654 ὁ
1035 2617 1074 2654 δὲ
1097 2618 1206 2665 νόμος
1228 2622 1290 2663 τῆς

205 2665 260 2698 θα
297 2664 404 2707 ’σσης.
439 2667 498 2709 τῷ
520 2663 621 2709 νόμῳ
646 2667 723 2699 τῶν
749 2663 887 2699 Ροδίων
910 2665 1093 2711 κρινέσθω
1117 2667 1172 2709 τῷ
1203 2679 1287 2699 ναυ-

203 2712 314 2753 τικῷ,
351 2712 390 2743 ἐν
422 2708 475 2745 οἷς
497 2710 601 2754 μήτις
623 2712 700 2744 τῶν
723 2707 907 2765 ἡμετέρων
929 2706 1028 2753 αὐτῷ
1052 2709 1160 2755 νόμος
1183 2712 1288 2744 ἐναν-

202 2758 367 2833 poetae..
395 2757 502 2788 τοῦτο
538 2753 577 2788 δὲ
608 2750 696 2790 αὐτὸ
727 2758 788 2789 καὶ
819 2768 840 2790 ο
866 2754 1059 2790 θειότατος
1082 2753 1290 2799 Αὔγουστος

222 2813 243 2832 κ
269 2812 343 2832 ινεν
369 2827 377 2834 .

244 2812 302 2881 εἰΟ
328 2843 460 2879 Laeuo
491 2844 583 2880 libro
642 2846 733 2881 rimo
759 2846 941 2892 pithanon
972 2857 996 2880 a
1028 2844 1146 2880 Paulo
1177 2846 1288 2891 epito—

203 2893 380 2941 matmjugn
428 2888 467 2924 Si
497 2856 659 2925 vehenfi'a
689 2890 867 2935 mancipia
898 2889 1118 2932 maduisti,
1149 2901 1215 2935 pro
1247 2900 1289 2925 eo

203 2943 399 2978 manclpio,
431 2933 527 2979 quod
550 2935 587 2969 in
610 2945 701 2970 nave
732 2940 911 2970 mortuum
943 2938 1016 2978 est,
1047 2938 1194 2970 vectura
1223 2935 1289 2970 tibi

202 2988 275 3014 non
299 2978 458 3013 debetur.
506 2979 673 3015 Pinnos:
697 2980 802 3015 immo
827 2980 1029 3026 quaeritur,
1061 2979 1146 3025 quid
1169 2984 1289 3015 actum

202 3027 278 3066 est,
309 3027 429 3058 utrum
460 3027 501 3058 ut
531 3035 595 3069 pro
627 3025 681 3060 his
737 3025 774 3060 ui
804 3025 959 3071 impositi
990 3035 1037 3060 an
1060 3035 1126 3070 pro
1150 3025 1204 3061 his
1229 3025 1289 3070 qui

202 3067 380 3113 deportati
404 3072 539 3110 essent,
564 3080 698 3104 merces
769 3074 885 3105 retur:
910 3070 1006 3115 quod
1029 3070 1060 3105 si
1083 3070 1153 3105 hoc
1176 3080 1288 3115 appa-

202 3123 280 3149 rere
292 3123 365 3149 non
377 3113 532 3165 potuerit
541 3114 567 3156 ⁹,
592 3115 678 3149 satis
703 3115 771 3150 erit
793 3126 858 3160 pro
885 3119 1007 3158 nauta,
1033 3115 1063 3150 si
1085 3115 1289 3167 probaverit

206 3161 219 3194 l
269 3158 475 3204 impositum
499 3168 576 3193 esse
600 3160 826 3204 mancipium.
874 3158 913 3195 Si
933 3170 976 3195 ea
995 3159 1204 3196 condicione
1223 3170 1287 3195 na-

202 3214 279 3239 vem
303 3202 526 3245 conduxisti,
559 3208 599 3238 ut
622 3214 665 3238 ea
687 3214 822 3240 merces
845 3208 931 3240 tuae
954 3208 1185 3250 portarentur
1208 3215 1286 3240 eas-

225 3259 270 3284 ue
292 3258 426 3283 merces
450 3247 548 3283 nulla
572 3253 682 3283 nauta
705 3249 916 3286 necessitate
940 3254 1086 3285 coactus
1106 3249 1142 3285 in
1163 3260 1287 3285 navem

228 3293 433 3334 etex-iorem,
467 3303 546 3327 cum
570 3293 607 3327 id
630 3293 740 3328 sciret
752 3295 780 3315 ¹⁰
803 3299 839 3330 te
862 3294 939 3330 fieri
962 3295 1073 3337 nolle,
1104 3294 1287 3330 transtulit

1082 2078 1151 2123 Qui
1173 2079 1292 2114 levan-

201 3408 240 3450 (1)
264 3407 372 3440 iactas
386 3405 416 3440 S
515 3408 560 3449 (2)
584 3405 746 3448 deprensa
761 3407 899 3452 Bentley
1003 3410 1045 3449 (8)
1070 3407 1212 3440 disiecta
1223 3419 1285 3442 scr.

201 3454 248 3494 (4)
268 3451 409 3485 levanda
424 3452 456 3485 F
519 3453 563 3492 (a)
582 3450 704 3484 habere
718 3452 797 3484 liat.
876 3454 920 3494 (6)
941 3448 1070 3499 Ἰκαρία
1081 3454 1150 3487 Iac.
1165 3452 1287 3487 Gotho·

196 3498 318 3542 srcdue
408 3498 452 3539 (Ἰ)
478 3492 909 3540 δημοσιωνῶνδαίηιαείιιε
1001 3499 1045 3540 (8)
1071 3499 1108 3531 id
1117 3505 1184 3532 eet.-
1197 3497 1287 3530 Peti-

204 3542 252 3575 tio
263 3542 491 3575 Eudaemonis
502 3540 757 3575 nicomedensis
770 3541 812 3573 ad
825 3542 1056 3584 imperatorem
1067 3542 1285 3575 Antoninum.

203 3587 345 3620 Domine
363 3586 547 3630 imperator
564 3585 746 3628 Antonine,
768 3596 843 3618 cum
863 3587 1075 3629 naufragium
1096 3587 1288 3620 fecissemus

201 3631 235 3664 in
251 3631 352 3664 Italia
367 3633 473 3673 [immo
493 3630 677 3672 inIcarisJ,
700 3630 823 3673 direpti
844 3641 957 3663 sumus
977 3642 996 3663 a
1015 3631 1162 3675 publicis
1182 3633 1288 3674 [immo

202 3686 221 3708 a
233 3676 441 3718 publicanis]
462 3676 521 3719 qui
540 3676 575 3709 in
590 3674 790 3720 Cycladibus
810 3675 931 3708 insulis
943 3675 1109 3709 habitant.
1143 3676 1286 3709 Antoni-

203 3730 265 3754 nus
286 3721 372 3754 dicit
391 3721 612 3755 Eudaemoni.
645 3721 719 3763 Ego
739 3719 831 3753 orbis
853 3724 1015 3753 terrarum
1034 3721 1189 3754 dominus
1202 3731 1286 3761 sum,

1294 101 1371 150 188

1782 117 1844 150 DE
1872 118 1990 150 LEGE:
2016 119 2194 150 monn
2222 118 2283 150 DE
2311 119 2444 153 uero
2472 0 2528 150 ἲ

1368 230 1405 262 et
1426 237 1562 263 merces
1584 230 1670 264 tuae
1693 238 1774 264 cum
1798 238 1842 265 ea
1862 238 1953 264 nave
1981 228 2181 274 perierunt,
2210 228 2249 264 in
2279 239 2352 274 qua
2381 239 2445 265 no·

1366 272 1507 308 vissime
1530 276 1652 309 vectae
1674 277 1776 316 sunt,
1806 273 1918 309 habes
1949 284 1994 310 ex
2024 273 2200 309 conducto
2222 273 2340 310 locato
2365 285 2446 311 cum
2511 302 2518 316 -,

1365 316 1483 362 priore
1517 321 1630 354 nauta
1662 319 1849 354 actionem.
1896 318 2063 355 Psmms:
2098 318 2205 354 immo
2240 323 2383 362 contra,
2416 320 2447 355 si
2504 323 2519 360 ”J

1365 361 1470 414 modo
1501 372 1544 397 ea
1573 363 1797 408 navigatione
1827 367 1978 410 utraque
2008 363 2106 399 navis
2137 363 2261 409 periit,
2296 374 2376 400 cum
2409 364 2446 400 id

1366 416 1442 442 sme
1465 406 1546 443 dolo
1571 411 1608 442 et
1630 409 1737 454 culpa
1754 412 1944 444 nautarum
1961 408 2097 444 factum
2117 412 2220 444 esset.
2255 408 2348 444 idem
2359 409 2446 445 iuris

1366 452 1450 504 erit,
1482 452 1512 487 si
1542 453 1641 498 prior
1670 458 1782 489 nauta
1811 453 1953 499 publice
1981 457 2141 489 retentus
2170 453 2334 498 navigare
2365 464 2445 489 cum

1366 500 1436 532 tuis
1459 497 1637 533 mercibus
1660 498 1860 543 prohibitus
1882 498 2002 534 fuerit.
2036 498 2129 534 idem
2151 498 2239 534 iuris
2263 499 2340 541 erit,
2365 510 2446 535 cum

1366 551 1409 577 ea
1433 541 1640 579 condicione
1664 553 1686 578 a
1709 547 1745 579 te
1777 543 2024 586 conduxisset,
2058 547 2100 578 ut
2131 547 2265 579 certam
2294 554 2444 589 poenam

1366 586 1430 622 tibi
1460 591 1678 632 praestaret,
1711 588 1778 624 nisi
1809 592 1892 624 ante
1923 589 2155 624 constitutum
2186 588 2278 624 diem
2311 599 2444 626 merces

1365 635 1448 667 tuas
1480 642 1521 668 eo
1553 633 1621 668 loci
1654 634 1894 679 exposuisset,
1929 634 1967 668 in
1997 643 2101 678 quem
2132 633 2353 669 devehendas
2385 644 2446 670 eas

1366 687 1500 712 merces
1523 677 1737 722 locasset¹¹,
1768 689 1835 714 nec
1858 688 1922 724 per
1954 688 2035 713 eum
2065 681 2195 721 staret,
2226 689 2296 724 quo
2329 679 2445 715 minus

1365 722 1513 758 remissa
1535 722 1603 758 sibi
1627 733 1669 758 ea
1691 734 1807 776 poena
1830 727 2008 769 spectaret
2021 723 2058 758 ¹².
2101 723 2195 759 idem
2216 723 2303 759 iuris
2326 724 2363 759 in
2386 734 2443 759 eo-

1366 767 1445 803 dem
1466 777 1594 812 genere
1624 769 1848 814 cogitationis
1879 768 2164 811 observabimus,
2196 768 2228 804 si
2257 769 2444 814 probatum

1364 811 1473 848 fuerit
1507 816 1653 849 nautam
1686 814 1810 850 morbo
1841 813 2047 859 impeditum
2077 813 2243 858 navigare
2275 824 2347 849 non
2381 824 2444 860 po-

1364 857 1487 893 tuisse.
1522 857 1614 893 idem
1648 858 1825 901 dicemus,
1858 859 1890 894 si
1919 858 2019 894 navis
2059 858 2134 894 eius
2167 858 2290 894 vitium
2321 858 2447 895 fecerit

1365 905 1385 937 2
1433 903 1510 938 sine
1529 903 1610 939 dolo
1631 903 1723 940 malo
1744 908 1780 939 et
1800 904 1907 949 culpa
1926 904 2011 939 eius.
2059 903 2096 938 Si
2108 903 2309 939 conduxisti
2321 914 2447 939 navem

1365 948 1618 993 amphorarum
1652 948 1722 985 duo
1754 949 1889 984 milium
1920 952 1956 984 et
1986 949 2038 984 ibi
2067 949 2259 994 amphoras
2281 949 2445 994 portasti,

1389 1003 1430 1028 ro
1472 993 1612 1029 duobus
1655 994 1797 1030 milibus
1839 994 2090 1039 amphorarum
2131 993 2283 1040 pretium
2326 994 2444 1030 debes.

1365 1004 1532 1074 Ennius}
1564 1039 1669 1075 immo
1693 1039 1725 1074 si
1747 1039 1930 1075 aversione
1953 1039 2052 1074 navis
2077 1038 2254 1074 conducta
2277 1043 2348 1082 est,
2379 1050 2445 1091 pro

1365 1082 1505 1119 duobus
1527 1084 1670 1120 milibus
1693 1084 1843 1120 debetur
1866 1094 2020 1120 merces:
2053 1084 2084 1119 si
2115 1094 2180 1137 pro
2212 1094 2358 1120 numero
2381 1095 2445 1119 un-

1363 1128 1559 1174 positarum
1582 1129 1833 1175 amphorarum
1856 1140 1991 1165 merces
2016 1132 2210 1165 consumta
2232 1133 2297 1173 est,
2323 1134 2447 1165 contra

1365 1184 1404 1209 se
1412 1174 1552 1254 ἔδοτε
1577 1185 1660 1210 nam
1682 1185 1748 1220 pro
1772 1179 1827 1211 tot
1849 1175 2028 1221 amphoris
2047 1174 2198 1220 pretium
2217 1174 2335 1218 debes,
2360 1179 2447 1221 quot

1390 1229 1410 1254 o
1470 1229 1488 1254 s
1522 1247 1526 1252 .

1364 1230 1388 1264 p
1488 1223 1517 1255 tl
1857 1269 1915 1307 111
1926 1266 1972 1306 ¹³.

1612 1333 1673 1366 DE
1698 1333 1958 1366 INSTITORIA
1982 1333 2190 1368 ACTIONE.

1413 1397 1431 1436 1
1467 1398 1661 1436 Ulmanus
1700 1399 1792 1435 libro
1826 1400 2017 1436 vicensimo
2052 1403 2177 1436 octavo
2212 1400 2261 1435 ad
2291 1400 2446 1435 edictum

1364 1445 1528 1490 Aequum
1550 1445 1708 1498 praetori
1731 1444 1844 1480 visum
1869 1449 1933 1487 est,
1957 1445 2052 1482 sicut
2071 1445 2257 1481 commoda
2276 1445 2446 1481 sentimus

1365 1500 1409 1526 ex
1440 1492 1525 1525 actu
1555 1490 1777 1533 mstitorum,
1808 1490 1860 1525 ita
1893 1490 2000 1526 etiam
2030 1490 2101 1526 obli
2126 1491 2179 1526 ari
2202 1501 2268 1527 nos
2293 1501 2337 1526 ex
2361 1502 2445 1526 con·
2507 1528 2509 1530 ,

1363 1535 1539 1571 tractibus
1569 1536 1730 1581 ipsorum
1761 1539 1798 1571 et
1829 1535 2017 1572 conveniri.
2054 1546 2092 1571 se
2141 1547 2213 1571 non
2235 1535 2328 1571 idem
2359 1536 2448 1571 facit

1364 1581 1461 1616 circa
1484 1591 1565 1616 eum
1589 1581 1649 1627 qui
1671 1581 1869 1617 institorem
1891 1581 2108 1626 praeposuit,
2132 1585 2174 1616 ut
2194 1581 2346 1626 experiri
2364 1592 2446 1627 pos-

1363 1626 1427 1661 sit:
1460 1625 1523 1661 sed
1555 1626 1586 1662 si
1617 1625 1759 1672 quidem
1789 1637 1928 1662 servum
1983 1626 2140 1679 roprium
2162 1627 2359 1662 institorem
2381 1627 2446 1661 ha-

1363 1671 1458 1714 buit,
1489 1675 1609 1717 potest
1641 1681 1719 1707 esse
1749 1681 1897 1707 securus
1928 1681 1950 1706 a
1976 1671 2113 1716 qmsitis
2137 1671 2205 1707 sibi
2228 1671 2445 1707 actionibus:

1363 1716 1394 1752 si
1417 1719 1534 1752 autem
1556 1717 1611 1752 vel
1634 1716 1787 1752 alienum
1806 1726 1945 1752 servum
1962 1716 2018 1752 vel
2037 1717 2143 1752 etiam
2163 1717 2342 1752 hominem
2360 1717 2446 1752 libe-

1363 1772 1460 1804 rum,
1493 1762 1634 1798 actione
1658 1762 1858 1798 deficietur:
1891 1762 2006 1807 ipsum
2031 1765 2150 1797 tamen
2171 1762 2369 1797 institorem
2393 1762 2447 1797 vel

1363 1807 1544 1842 dominum
1574 1808 1649 1843 eius
1681 1807 1868 1843 convenire
1898 1807 2029 1852 poterit
2051 1807 2105 1842 vel
2128 1807 2285 1842 mandati
2307 1807 2362 1842 vel
2384 1817 2446 1842 ne-

1362 1853 1538 1898 gotiorum
1560 1856 1750 1897 gestorum.
1796 1852 1989 1888 Marcellus
2013 1856 2131 1888 autem
2152 1852 2204 1887 ait
2222 1852 2351 1888 debere
2371 1852 2447 1887 dari

1363 1898 1539 1934 actionem
1563 1897 1595 1933 ei
1612 1898 1673 1950 qui
1690 1897 1888 1934 institorem
1906 1897 2113 1944 praeposuit
2130 1897 2168 1933 in
2188 1907 2260 1940 eos,
2285 1897 2346 1943 qui
2366 1909 2446 1933 cum

1364 1953 1405 1979 eo
1430 1947 1676 1979 contraxerint

1408 1985 1434 2024 2
1461 1987 1585 2024 Guvs
1612 1988 1703 2024 libro
1735 1998 1830 2023 nono
1864 1987 1915 2023 ad
1948 1988 2101 2024 edictum
2183 1988 2357 2023 ovinciale
2403 1997 2446 2023 eo

1362 2033 1515 2076 nomine,
1539 2044 1610 2079 quo
1633 2033 1776 2069 institor
1799 2033 1997 2076 contraxit,
2021 2033 2051 2069 si
2075 2044 2132 2069 mo
2159 2044 2180 2069 ο
2205 2033 2308 2068 aliter
2322 2033 2349 2054 ¹⁴
2373 2043 2446 2067 rem

1362 2089 1462 2113 suam
1485 2088 1627 2114 servare
1649 2089 1722 2114 non
1745 2081 1873 2124 potest.

1407 2121 1432 2161 3
1464 2123 1660 2159 Urpuws
1698 2123 1790 2159 libro
1824 2124 2014 2159 vicensimo
2047 2127 2171 2159 octavo
2207 2122 2258 2158 ad
2291 2122 2443 2159 edictum

1361 2169 1508 2204 Institor
1530 2169 1731 2214 appellatus
1755 2172 1809 2204 est
1832 2178 1877 2204 ex
1900 2179 1960 2211 eo,
1993 2168 2090 2214 quod
2120 2168 2260 2213 negotio
2291 2168 2445 2213 gerendo

1360 2214 1486 2249 instet:
1511 2224 1578 2249 nec
1601 2214 1751 2249 multum
1774 2213 1872 2256 facit,
1896 2214 2068 2249 tabernae
2092 2213 2139 2249 sit
2155 2213 2380 2259 praepositus
2398 2223 2445 2248 an

1361 2259 1506 2294 cuilibet
1528 2259 1588 2294 alii
1610 2259 1851 2304 negotiationi,

1407 2303 1432 2341 4
1458 2303 1512 2339 ΡΑ
1521 2313 1617 2340 vsvs
1643 2304 1735 2340 libro
1767 2304 1975 2356 trzjqensimo
2005 2303 2055 2339 ad
2084 2304 2238 2339 edictum
2285 2313 2366 2338 cum
2388 2303 2442 2338 in-

1361 2349 1500 2385 terdum
1523 2349 1630 2384 etiam
1654 2348 1701 2384 ad
1723 2349 1882 2384 hommes
1913 2349 2083 2384 honestos
2115 2347 2279 2383 adferant
2310 2358 2444 2384 merces

1361 2399 1396 2429 et
1418 2394 1468 2429 ibi
1487 2394 1654 2430 vendant.
1685 2404 1751 2429 nec
1772 2397 1888 2429 mutat
1906 2404 2053 2429 causam
2072 2393 2222 2429 actionis
2241 2393 2342 2429 locus
2361 2403 2443 2428 ven-

1360 2439 1465 2475 dendi
1489 2439 1687 2482 emendive,
1721 2450 1802 2474 cum
1825 2443 1977 2484 utroque
1999 2439 2104 2474 modo
2128 2449 2251 2474 verum
2273 2439 2320 2474 sit
2343 2439 2443 2474 insti-

1358 2489 1472 2520 torem
1496 2484 1622 2520 emisse
1645 2488 1710 2519 aut
1731 2484 1941 2519 vendidisse.

1405 2529 1429 2567 5
1469 2529 1663 2566 Uzeuuos
1695 2529 1785 2565 libro
1820 2530 2010 2565 vicensimo
2046 2533 2170 2564 octavo
2207 2528 2257 2564 ad
2290 2528 2443 2564 edictum

1359 2574 1507 2610 Cuicum
1532 2585 1578 2610 ue
1598 2574 1706 2619 igitur
1717 2574 1857 2619 negotio
1869 2573 2095 2619 praepositus
2108 2573 2165 2616 sit,
2186 2573 2328 2608 institor
2347 2577 2443 2609 recte

1362 2623 1375 2655 1
1426 2586 1674 2665 appeilabitur.
1721 2619 1814 2654 Nam
1831 2624 1866 2655 et
1882 2618 2024 2654 Servius
2045 2618 2134 2654 libro
2154 2619 2268 2664 primo
2293 2618 2340 2653 ad
2351 2618 2441 2654 Bru·

1358 2669 1435 2700 tum
1470 2665 1540 2707 ait,
1575 2665 1606 2700 si
1638 2664 1725 2709 quid
1755 2675 1837 2699 cum
1867 2664 2037 2699 insulario
2069 2668 2208 2708 gestum
2242 2664 2288 2698 sit
2311 2664 2365 2698 vel
2389 2674 2442 2706 eo,

1359 2720 1462 2756 quem
1483 2709 1561 2755 quis
1582 2709 1744 2745 aedificio
1764 2709 1970 2755 praeposuit
1979 2709 2034 2743 vel
2046 2709 2223 2744 frumento
2237 2708 2441 2751 coemendo,

1358 2758 1379 2790 2
1426 2755 1463 2790 in
1493 2754 1644 2790 solidum
1675 2765 1756 2790 eum
1788 2754 1911 2789 teneri.
1959 2753 2081 2789 Labeo
2114 2764 2184 2798 quo
2211 2764 2256 2788 ue
2289 2754 2441 2798 scripsit,

1358 2799 1388 2835 si
1411 2799 1491 2853 quis
1540 2799 1675 2835 eeuniis
1697 2799 1942 2841 faenerandis,
1975 2799 2068 2844 agris
2093 2799 2195 2834 colen
2223 2799 2272 2841 ‘s‚
2305 2809 2441 2834 merca-

1357 2849 1447 2881 tuns
1470 2855 1510 2880 re
1536 2845 1775 2890 empturisque
1797 2843 1970 2879 faciendis
1994 2844 2258 2888 praeposuerit,
2289 2843 2326 2878 in
2358 2844 2441 2879 soli-

1358 2893 1377 2926 3
1425 2890 1510 2925 dum
1534 2900 1613 2925 eum
1636 2889 1759 2925 teneri.
1807 2888 1877 2924 Sed
1901 2892 1937 2924 et
1959 2889 1990 2923 si
2012 2889 2049 2923 in
2071 2899 2195 2924 mensa
2218 2889 2344 2924 habuit
2386 2889 2442 2924 uis

1358 2939 1378 2970 4
1425 2945 1563 2970 servum
1586 2934 1846 2980 praepositum,
1872 2934 2013 2969 nomine
2037 2933 2113 2969 eius
2136 2934 2324 2969 tenebitur.
2362 2899 2441 2969 ‘Sed

1357 2980 1463 3015 etiam
1487 2989 1549 3015 eos
1572 2979 1751 3015 institores
1775 2978 1944 3014 dicendos
1968 2978 2113 3024 placuit,
2162 2979 2267 3014 uibus
2286 2978 2441 3014 vestiarii

1356 3025 1409 3060 vel
1440 3024 1593 3059 lintearii
1625 3024 1712 3059 dant
1742 3027 1873 3059 vestem
1905 3023 2136 3059 circumfereu
2163 3034 2221 3059 am
2252 3027 2289 3058 et
2312 3023 2439 3058 distra-

1356 3073 1375 3104 5
1423 3069 1596 3111 hendam,
1627 3079 1717 3114 quos
1748 3068 1852 3114 vulgo
1885 3068 2066 3104 circitores
2090 3069 2322 3114 appellamus.
2370 3067 2440 3103 Sed

1357 3118 1376 3150 6
1424 3118 1460 3150 et
1482 3114 1655 3150 muliones
1679 3113 1758 3159 quis
1782 3113 1925 3158 proprie
1948 3113 2130 3149 institores
2154 3113 2326 3158 appellet,
2351 3114 2439 3148 Item

1355 3159 1529 3195 fullonum
1565 3163 1600 3194 et
1634 3159 1894 3194 sarcinatorum
1929 3159 2155 3204 praepositus
2170 3160 2206 3193 ¹⁵.
2255 3158 2440 3193 stabularii

1356 3208 1373 3239 7
1423 3214 1564 3250 quoque
1594 3204 1674 3240 loco
1697 3203 1899 3239 institorum
1922 3203 2075 3238 habendi
2098 3208 2192 3238 sunt.
2241 3203 2311 3238 Sed
2343 3206 2378 3238 et
2409 3203 2439 3237 si

1355 3249 1577 3285 tabernarius
1601 3259 1740 3284 servum
1762 3258 1867 3283 suum
1890 3258 2036 3294 peregre
2058 3248 2213 3283 mitteret
2235 3248 2281 3283 ad
2305 3257 2439 3283 merces

1356 3294 1615 3340 comparandas
1639 3298 1675 3329 et
1697 3293 1764 3329 sibi
1787 3293 1988 3335 mittendas,
2012 3293 2092 3328 loco
2113 3293 2284 3328 institoris
2303 3293 2438 3328 haben·

1354 3407 1409 3440 lex
1422 3410 1532 3440 autem
1545 3407 1657 3440 maris.
1690 3405 1764 3449 lege
1775 3406 1912 3438 Rhodia
1931 3406 1971 3438 do
1989 3416 2024 3438 re
2044 3406 2182 3439 nautica
2193 3416 2246 3439 res
2257 3405 2437 3446 iudicetur,

1356 3455 1521 3495 quatenns
1541 3451 1634 3484 nulla
1653 3450 1706 3483 lex
1718 3461 1757 3484 ex
1771 3451 1895 3484 nostris
1908 3451 1939 3484 ei
1952 3451 2123 3483 contraria
2134 3454 2194 3484 ost.
2227 3450 2317 3483 idem
2335 3450 2437 3483 etiam

1356 3497 1452 3530 divus
1466 3500 1637 3539 Augustus
1650 3495 1823 3530 iudicavit.
1894 3497 1940 3537 (9)
1951 3496 2077 3539 poterit
2091 3494 2144 3529 F*
2212 3495 2372 3536 (10)εοὶτο
2385 3494 2438 3527 Ιἠ

1356 3543 1411 3583 (11)
1435 3541 1579 3575 locasses
1593 3540 1676 3575 Hal.
1768 3541 1828 3582 (12)
1853 3544 2063 3584 exspectaret
2073 3542 2146 3574 deu.
2161 3541 2293 3584 quidam

1401 3588 1459 3628 (ιε)
1484 3587 1565 3620 Sab.
1579 3593 1671 3620 imis.
1686 3593 1805 3626 15...1s;
1819 3586 1883 3619 Ed.
1898 3593 1948 3625 ¹⁴3
1963 3585 2048 3629 Pap.
2062 3592 2115 3625 ως
2129 3586 2215 3628 App.
2230 3592 2277 3619 20.
2291 3603 2336 3609 —
2350 3584 2434 3618 Bas.

1356 3632 1410 3671 48,
1424 3639 1448 3665 ι.
1461 3650 1507 3656 -
1522 3630 1574 3675 Cf.
1589 3629 1667 3664 cod.
1681 3631 1713 3671 4,
1726 3637 1763 3664 25
1855 3631 1913 3671 (u)
1938 3630 2023 3664 alter
2034 3630 2069 3664 F
2143 3630 2201 3673 (¹5)
2226 3630 2435 3674 praepositos

1355 3687 1418 3711 10?-
