2528 3918
83 143 85 145 ¹
126 163 217 194 REM
247 163 424 193 PUPILLl
454 162 541 191 VEL
571 159 903 191 ADULEsCEN‘ms
1206 141 1291 189 759

173 272 195 311 3
222 274 324 309 Imm
354 275 444 309 libro
470 274 676 320 triqensimo
709 273 834 318 quinto
860 271 910 307 ad
931 271 1085 308 edictum
1133 273 1210 315 (aut

126 320 209 354 dare
233 319 386 364 aliquem
410 324 553 364 praetor
576 318 696 361 debet,
722 318 781 352 cui
805 321 1003 362 caveatur):

171 364 195 401 4
232 364 337 400 IDEM
372 365 461 400 libro
501 364 791 410 septuaqensimo
832 374 927 398 nono
968 364 1018 399 ad
1056 363 1210 399 edictum

125 421 196 445 non
228 410 330 455 quasi
360 410 440 454 ipso
471 410 548 444 iure
586 409 722 454 pupillo
754 409 919 453 adquirat
958 412 1086 453 (neque
1117 408 1211 444 enim

124 455 308 500 adquirit),
333 455 397 491 sed
420 459 460 489 ut
484 455 581 489 utilis
606 454 699 489 actio
725 464 769 488 ex
793 454 966 498 stipulatu
991 454 1125 499 pupillo
1151 454 1211 488 de-

128 505 140 535 1
193 505 262 535 tur.
313 500 466 535 Cavetur
489 504 608 534 autem
639 499 775 544 pupillo
800 499 868 534 hac
893 500 1124 544 stipulatione
1148 509 1212 543 per

125 550 144 581 2
191 546 471 581 satisdationem.
509 545 601 579 Illud
620 544 805 580 sciendum
823 549 877 580 est
894 545 962 579 hac
983 545 1212 589 stipulatione

123 592 236 626 teneri
259 595 331 625 tam
357 602 453 633 eum,
493 591 553 635 qui
582 594 680 625 tutor
704 594 774 632 est,
800 601 908 635 quam
933 601 1029 632 eum,
1062 590 1124 635 qui
1147 601 1211 634 pro

123 641 242 672 tutore
266 637 407 681 negotia
429 637 540 681 gessit
560 636 614 671 vel
633 639 744 680 gerat,
770 640 806 671 et
828 636 1057 671 fideiussores
1079 646 1211 670 eorum.

125 686 144 716 3
193 682 263 717 Sed
295 682 387 716 enim
413 682 473 727 qui
496 692 568 716 non
590 682 718 726 gessit,
752 682 893 717 omnino
918 692 991 716 non
1014 681 1210 716 tenebitur:

125 739 207 763 nam
231 737 297 762 nec
322 728 421 762 actio·
441 727 574 761 tutelae
600 738 679 762 eum
704 727 764 772 qui
787 738 860 762 non
883 727 994 771 gessit
1016 730 1124 769 tenet,
1151 726 1211 761 sed

125 773 204 808 utili
242 773 381 808 actione
422 773 684 808 conveniendus
723 776 792 815 est,
834 773 917 817 quia
950 783 1013 807 suo
1053 772 1212 816 periculo

126 819 293 854 cessavit:
334 823 370 853 et
399 822 519 853 tamen
550 829 595 853 ex
626 818 799 863 stipulatu
829 818 969 852 actione
1000 827 1113 861 neque
1137 817 1214 862 ipse

125 874 239 908 neque
276 863 505 899 fideiussores
546 864 622 899 eius
661 864 889 898 tenebuntur.
947 863 1213 907 compellendus

123 910 231 954 igitur
263 909 330 944 erit
353 910 400 944 ad
432 909 773 944 administrationem
796 912 1004 953 propterea,
1037 912 1077 942 ut
1101 908 1213 953 stipu-

125 960 145 989 4
191 955 323 990 latione
354 965 495 1008 quoque
518 955 588 990 ista
618 955 734 1000 possit
765 955 887 989 teneri.
936 954 1040 988 Hanc
1065 954 1214 998 stipula—

124 1000 256 1035 tionem
288 1000 406 1045 placet
429 1001 532 1035 nnita
564 1000 704 1035 demum
736 1000 849 1034 tutela
873 999 1044 1034 committi
1067 1002 1104 1035 et
1126 999 1213 1034 fide-

124 1046 322 1081 iussoribus
348 1046 440 1081 diem
465 1045 590 1080 exinde
619 1045 776 1090 incipere
802 1045 937 1080 cedere.
985 1045 1023 1079 in
1049 1049 1214 1079 curatore

125 1091 223 1126 aliud
246 1095 315 1126 est:
342 1091 405 1126 sed
428 1094 464 1126 et
486 1091 523 1125 in
543 1101 596 1134 eo,
623 1091 684 1135 qui
706 1101 771 1135 pro
793 1095 912 1126 tutore
930 1090 1073 1135 negotia
1092 1090 1213 1135 gessit,

124 1137 222 1171 aliud
254 1137 442 1171 dicendum
481 1140 546 1171 est.
594 1136 716 1180 itaque
749 1136 839 1171 istae
878 1136 1146 1181 stipulationes,
1185 1136 1216 1171 si

125 1182 266 1227 quidem
290 1183 368 1226 quis
391 1186 490 1217 tutor
514 1182 597 1225 fuit,
626 1181 728 1216 finita
754 1182 894 1216 demum
917 1182 1030 1216 tutela
1053 1181 1214 1217 commit-

125 1230 262 1263 tentur:
289 1228 320 1262 si
343 1237 425 1262 vero
450 1238 516 1272 pro
540 1231 661 1262 tutore
685 1227 828 1271 negotia
850 1227 976 1271 gessit,
1003 1227 1214 1262 conveniens

125 1277 179 1308 est
203 1273 338 1315 dicere,
373 1273 494 1307 statim
517 1277 625 1317 atque
650 1283 811 1317 quaeque
835 1283 892 1307 res
918 1273 1016 1307 salva
1040 1283 1112 1307 non
1137 1283 1215 1307 esse

126 1323 144 1353 5
192 1319 386 1363 coepisset,
424 1319 596 1354 committi
630 1318 906 1362 stipulationem.
963 1318 1000 1352 Si
1036 1322 1134 1353 tutor
1170 1319 1215 1352 ab

124 1364 285 1399 hostibus
312 1369 438 1408 captus
463 1364 519 1406 sit,
545 1375 592 1399 an
613 1364 855 1398 committatur
874 1363 1069 1408 stipulatio,
1095 1364 1214 1399 videa-

123 1420 213 1445 mus.
261 1414 396 1451 movet,
430 1410 514 1454 quia
542 1409 645 1444 finita
675 1409 789 1444 tutela
813 1413 882 1450 est,
916 1410 999 1444 licet
1022 1410 1215 1454 reciperari

125 1459 144 1490 6
192 1459 374 1500 speretur:
407 1459 442 1490 et
474 1459 561 1500 puto
593 1465 700 1500 posse
731 1455 799 1500 agi.
849 1455 1074 1490 Generaliter
1098 1455 1214 1490 scien-

125 1501 208 1535 dum
232 1505 304 1536 est:
339 1511 383 1535 ex
414 1500 543 1545 quibus
569 1501 687 1536 causis
718 1500 869 1535 diximus
902 1500 1037 1535 tutelae
1061 1501 1118 1545 agi
1142 1511 1214 1536 non

123 1556 240 1591 posse,
266 1557 310 1581 ex
333 1546 445 1581 isdem
470 1546 587 1581 causis
613 1548 681 1581 ne¹
715 1556 758 1581 ex
782 1545 956 1590 stipulatu
980 1556 1055 1580 rem
1079 1546 1214 1581 salvam

126 1595 142 1625 7
192 1591 269 1626 fore
302 1592 358 1636 agi
390 1602 497 1637 posse
535 1591 723 1626 dicendum
761 1595 826 1626 est.
883 1592 921 1626 Si
958 1592 1036 1636 quis
1070 1597 1215 1627 curator

125 1637 229 1671 datus
267 1648 339 1671 non
376 1637 525 1682 gesserit
557 1647 695 1679 curam,
736 1648 957 1682 consequens
999 1637 1066 1672 erit
1097 1637 1215 1672 dicere

124 1682 388 1727 stipulationem
428 1694 500 1718 non
538 1683 727 1718 committi:
767 1683 830 1718 sed
860 1683 985 1718 eadem
1019 1683 1078 1718 hic
1112 1688 1216 1718 erunt

125 1728 291 1770 dicenda,
331 1739 422 1773 quae
453 1729 491 1763 111
520 1732 639 1763 tutore
671 1728 839 1772 diximus,
872 1729 934 1763 illo
967 1739 1085 1771 secus,
1120 1729 1216 1773 quod

124 1773 212 1808 haec
238 1774 421 1818 stipulatio
446 1774 583 1815 statim,
616 1778 725 1819 atque
749 1774 834 1818 quid
858 1775 995 1809 salvum
1020 1784 1098 1809 esse
1122 1775 1214 1809 desi-

124 1819 192 1860 nit,
227 1819 457 1854 committitur
489 1824 524 1854 et
552 1819 824 1855 fideiussoribus
850 1820 924 1855 dies
950 1820 1058 1854 cedit:
1093 1820 1156 1854 sed
1180 1820 1215 1854 in

125 1867 144 1898 8
192 1875 230 1899 00
254 1865 454 1900 revolvitur.
503 1865 665 1900 Pertinet
696 1869 816 1900 autem
847 1866 937 1900 haec
962 1866 1144 1910 stipulatio
1170 1865 1216 1900 ad

124 1920 245 1946 omnes
288 1915 471 1945 curatores
513 1911 585 1946 sive
624 1911 820 1955 puberibus
861 1911 933 1945 sive
972 1911 1215 1955 impuberibus

124 1955 227 1990 datos
258 1960 407 2001 propter
438 1956 565 1991 aetatis
595 1956 855 1999 infirmitatem,
882 1955 955 1991 sive
979 1956 1137 2001 prodigis
1161 1957 1216 1992 vel

124 2001 268 2052 furiosis
302 2001 357 2037 vel
390 2001 605 2045 quibusdam
643 2002 720 2036 aliis
754 2004 808 2044 (ut
838 2001 919 2037 fieri
956 2002 1110 2044 adsolet)
1142 2002 1215 2037 dati

124 2050 206 2081 smt.

170 2090 194 2128 5
222 2091 379 2127 PAULUS
408 2092 498 2127 libro
530 2093 820 2139 septuaqensz'mo
852 2097 958 2128 sexto
989 2093 1039 2128 ad
1061 2092 1215 2128 edictum

124 2137 161 2172 Si
183 2136 296 2180 filius,
330 2138 390 2182 qui
421 2138 458 2172 in
489 2142 669 2182 potestate
701 2137 827 2173 furiosi
860 2139 943 2180 erit,
976 2149 1051 2173 rem
1082 2138 1215 2173 salvam

124 2183 200 2218 fore
224 2183 425 2228 stipuletur,
451 2183 607 2227 adquirit
630 2183 725 2228 patri
749 2184 981 2228 obligationes
991 2185 1016 2219 2.

170 2226 194 2265 6
224 2228 347 2264 Gaws
375 2229 466 2264 libro
490 2230 682 2264 vicensimo
707 2230 857 2274 septimo
882 2229 932 2264 ad
954 2230 1106 2265 edictum
1125 2240 1216 2276 pro—

125 2274 277 2309 vinciale
324 2273 471 2308 Servum
494 2274 621 2319 pupilli
645 2274 811 2319 stipulari
834 2275 885 2309 ita
909 2285 1056 2311 necesse
1081 2280 1150 2317 est,
1186 2275 1216 2310 si

124 2319 281 2364 pupillus
306 2320 409 2355 abest
432 2324 496 2354 aut
519 2320 588 2354 fari
612 2331 684 2355 non
707 2324 845 2365 potest:
883 2331 966 2355 nam
990 2321 1020 2355 si
1043 2331 1215 2365 praesens

126 2366 171 2400 sit
202 2368 237 2400 et
266 2365 336 2399 fari
369 2368 505 2409 potest,
547 2366 684 2400 etiamsi
715 2366 791 2400 eius
816 2367 946 2401 aetatis
970 2367 1055 2408 erit,
1081 2370 1122 2401 ut
1144 2377 1217 2401 non

124 2410 306 2454 intellegat
330 2410 415 2455 quid
438 2414 539 2454 agat,
564 2416 683 2446 tamen
708 2415 856 2456 propter
879 2412 1068 2447 utilitatem
1092 2422 1215 2457 recep-

125 2460 200 2490 tum
225 2460 279 2491 est
302 2461 399 2491 recte
423 2466 505 2491 eum
529 2456 695 2501 stipulari
705 2459 730 2491 ³.

172 2499 194 2537 7
220 2501 475 2536 MODESTmUs
496 2502 586 2537 libro
611 2506 716 2537 sexto
735 2502 948 2548 reqularum
983 2503 1134 2539 Dativus
1160 2504 1216 2538 vel

125 2547 414 2582 testamentarius
445 2550 546 2582 tutor
576 2547 649 2582 sive
687 2552 833 2583 curator
855 2559 927 2584 non
958 2552 1056 2593 petet
1080 2549 1167 2583 satis
1193 2560 1215 2583 a

126 2593 261 2637 collega
284 2603 361 2635 suo,
387 2592 450 2628 sed
475 2592 601 2628 offerre
626 2593 658 2628 ei
681 2594 830 2638 poterit,
862 2598 982 2628 utrum
1007 2594 1095 2629 satis
1121 2594 1215 2629 acci-

125 2648 210 2683 pere
232 2638 317 2673 velit
340 2648 388 2673 an
411 2638 509 2673 dare.

171 2680 195 2721 8
228 2683 422 2719 ULPIANUS
451 2684 542 2718 libro
574 2684 730 2718 secundo
762 2684 811 2719 ad
844 2684 997 2719 edictum
1043 2685 1093 2719 Et
1117 2685 1146 2720 si
1170 2685 1216 2720 ad

127 2729 262 2774 species
288 2733 432 2763 curator
456 2728 564 2763 datus·
586 2729 648 2771 sit,
673 2739 748 2764 rem
773 2729 907 2764 salvam
931 2729 1009 2765 fore
1032 2730 1215 2775 stipulatio

126 2776 381 2819 interponetur.
943 2797 945 2799 ·

172 2817 197 2856 9
232 2819 460 2854 POMPONIUS
496 2819 586 2855 libro
618 2820 744 2865 quinto
783 2820 918 2856 decimo
959 2820 1010 2855 ad
1040 2819 1215 2856 Sabinum

127 2864 215 2899 Cum
246 2864 401 2909 pupillus
433 2875 455 2899 a
483 2868 603 2900 tutore
635 2865 829 2910 stipulatur
860 2875 935 2900 rem
967 2866 1101 2901 salvam
1124 2866 1213 2909 fore,

126 2921 197 2945 non
221 2910 338 2946 solum
359 2920 451 2955 quae
470 2909 508 2944 111
530 2910 744 2955 patrimonio
765 2911 884 2953 habet,
911 2911 974 2946 sed
994 2912 1102 2946 etiam
1123 2923 1215 2956 quae

125 2956 162 2990 in
184 2955 386 2991 nominibus
411 2959 496 2990 sunt
519 2965 562 2990 ea
585 2956 814 3000 stipulatione
834 2956 999 2992 videntur
1023 2957 1213 2992 contineri:

127 3000 222 3045 quod
246 3001 338 3036 enim
361 3001 397 3035 in
426 3001 561 3035 tutelae
591 3001 762 3036 iudicium
786 3002 896 3046 venit,
929 3002 998 3038 hoc
1023 3007 1058 3038 et
1082 3013 1126 3038 ea
1150 3003 1213 3038 sti-

125 3047 306 3092 pulatione
331 3047 543 3081 continetur.

175 3090 224 3129 10
244 3093 470 3126 AFRICANUS
488 3092 578 3127 libro
597 3093 701 3127 tertio
721 3094 971 3138 quaestionum
1002 3093 1050 3135 Si,
1069 3098 1213 3138 postea·

128 3148 233 3182 quam
262 3137 420 3182 pupillus
453 3137 499 3172 ad
536 3137 762 3182 pubertatem
791 3139 1009 3183 pervenerit,
1047 3143 1146 3174 tutor
1177 3139 1213 3174 in

126 3181 348 3217 restituenda
371 3183 485 3217 tutela
509 3182 725 3227 aliquamdiu
749 3194 884 3218 moram
908 3183 1050 3227 fecerit,
1078 3189 1214 3219 certum

126 3232 181 3262 est
205 3231 239 3262 et
261 3227 444 3262 fructuum
467 3229 609 3263 nomine
633 3232 669 3262 et
692 3238 882 3263 usurarum
914 3230 1019 3265 medii
1042 3230 1214 3274 temporis

126 3277 199 3307 tam
220 3273 450 3308 fideiussores
476 3274 551 3308 eius
576 3283 683 3318 quam
706 3273 823 3317 ipsum
846 3276 971 3310 teneri.-

176 3317 221 3354 11
257 3318 462 3354 NERATJUS
493 3320 583 3354 libro
617 3324 748 3364 quarto
782 3320 1070 3355 membranarum
1125 3321 1213 3356 Cum

126 3373 201 3399 rem
226 3364 359 3398 salvam
390 3363 467 3399 fore
490 3364 626 3409 pupillo
652 3367 817 3405 cavetur,
843 3366 1075 3401 committitur
1098 3367 1212 3411 stipu-

125 3408 223 3451 latio,
248 3409 290 3451 si,
316 3409 412 3453 quod
436 3420 479 3444 ex
502 3410 616 3445 tutela
640 3409 716 3444 dari
739 3408 817 3443 fieri
837 3414 987 3455 oportet,
1012 3422 1085 3447 non
1107 3422 1212 3456 prae-

126 3458 257 3497 stetur,
297 3464 378 3488 nam
408 3458 445 3489 et
475 3455 505 3490 si
536 3455 635 3490 salva
665 3455 698 3489 ei
729 3464 786 3489 res
812 3455 878 3496 sit,
920 3457 966 3491 ob
990 3457 1027 3491 id
1051 3468 1123 3492 non
1148 3462 1211 3499 est,

126 3500 219 3544 quia,
246 3499 341 3544 quod
366 3510 408 3533 ex
431 3500 545 3535 tutela
569 3500 647 3535 dari
670 3499 748 3535 fieri
772 3504 932 3544 oportet,
956 3513 1029 3537 non
1053 3502 1212 3538 solvitur.

176 3543 227 3581 12
251 3545 496 3580 PAPJNIANUS
523 3546 613 3581 libro
638 3545 848 3580 duodecimo
878 3549 1127 3591 quaestionum
1176 3547 1213 3582 Si

126 3589 248 3634 plures
277 3588 504 3626 fideiussores
536 3601 558 3625 a
587 3594 707 3626 tutore
739 3590 876 3635 pupillo
910 3591 985 3627 dati
1008 3596 1107 3635 sunt,
1140 3603 1212 3628 non

126 3708 167 3747 (ι)
191 3716 251 3738 1100
263 3707 334 3739 edd.
431 3708 473 3746 (2)
499 3706 738 3749 obligationem
754 3708 788 3740 F
794 3707 808 3727 ²
909 3710 952 3750 (3)
977 3719 1073 3750 agere
1087 3711 1147 3742 ins.
1162 3708 1213 3741 F2

128 3754 170 3792 (ιι)
195 3755 228 3784 et
239 3751 313 3784 ideo
325 3752 362 3783 in
375 3763 413 3784 ea
425 3753 569 3794 sensere
582 3766 649 3785 cum
663 3753 692 3786 S
749 3755 790 3792 (5)
817 3763 1009 3796 suspensum
1022 3755 1055 3786 F'
1105 3756 1148 3791 (6)
1174 3764 1212 3786 00

129 3797 248 3829 variae]
263 3797 438 3836 variaeque
450 3796 502 3830 F²

1274 3813 1422 3834 „mannus

2019 147 2249 190 XXXXVI
2280 149 2319 189 6.
2345 150 2367 188 ‘a'

1280 281 1357 307 esse
1381 281 1461 324 eum
1486 270 1778 324 distringendum,
1804 273 1866 309 sed
1889 274 1926 309 in
1949 286 2058 310 unum
2084 274 2237 310 dandam
2257 275 2367 310 actio-

1279 327 1359 352 nem
1382 322 1452 359 1ta,
1484 321 1525 352 ut
1548 327 1691 369 e1,·qm
1722 320 1985 362 conveniretur,
2018 321 2176 356 actiones
2207 324 2368 365 praesta-

1278 367 1414 398 rentur.
1461 372 1528 398 nec
1561 373 1748 407 qulsquam
1778 366 1956 408 putaverit
1980 366 2026 400 ab
2050 367 2128 401 iure
2162 366 2369 408 discessum,

1279 412 1470 453 postquam
1502 418 1568 453 pro
1598 418 1641 443 ea
1672 413 1774 452 parte
1805 410 1941 453 placuit
1969 415 2107 446 tutores
2133 412 2370 452 condemnari,

1281 464 1387 498 quam
1412 453 1760 495 administraverunt,
1787 459 1822 488 et
1845 455 1895 489 ita
1919 455 2059 490 demum
2084 458 2120 491 in
2144 457 2315 498 solidum,
2341 457 2370 491 si

1281 509 1339 534 res
1372 509 1394 533 a
1426 499 1555 534 ceteris
1588 510 1661 534 non
1693 503 1853 534 servetur
1884 505 1918 534 et
1950 502 2100 536 idonea⁴
2136 503 2242 547 culpa
2273 501 2371 536 dete-

1280 548 1400 589 gatur,
1444 544 1540 589 quod
1571 546 1802 588 suspectum⁵
1842 544 1961 580 facere
1992 547 2250 590 supersederit:
2291 558 2370 581 nam

1282 590 1444 634 aequitas
1469 590 1594 624 arbitri
1620 593 1728 634 atque
1752 589 1910 624 officium
1935 592 1999 625 viri
2024 592 2108 627 boni
2132 593 2271 628 videtur
2295 603 2371 627 eam

1282 635 1433 670 formam
1457 636 1545 670 iuris
1570 635 1804 671 desiderasse.
1855 643 2012 670 ceterum
2036 638 2263 673 fideiussores
2289 638 2372 672 civi-

1282 680 1363 715 liter
1387 681 1424 715 in
1448 681 1601 716 solidum
1626 681 1772 725 obligati
1793 681 1920 716 ceteris
1947 682 2087 726 quidem
2112 684 2308 727 agentibus,
2334 686 2373 717 ut

1284 726 1461 761 dividatur
1505 727 1614 769 actio,
1662 727 1854 771 impetrare
1894 731 2064 771 possunt:
2114 729 2250 773 pupillo
2290 739 2373 763 vero

1283 776 1421 815 agente,
1449 772 1508 815 qui
1526 783 1597 807 non
1621 772 1697 817 ipse
1719 772 1910 814 contraxit,
1936 772 1998 806 sed
2022 773 2058 807 in
2078 777 2232 809 tutorem
2251 773 2375 808 incidit

1284 821 1320 852 et
1342 817 1483 861 ignorat
1508 818 1641 860 omnia,
1676 817 1890 853 beneficium
1914 817 2121 853 dividendae
2145 820 2296 854 actionis
2320 820 2373 853 in-

1283 862 1412 896 iuriam
1444 863 1576 897 habere
1608 863 1722 897 visum
1754 868 1824 906 est,
1859 873 1904 897 ne
1936 873 1981 898 ex
2012 874 2085 898 una
2109 865 2241 899 tutelae
2266 874 2375 899 causa

1284 908 1404 952 plures
1429 918 1472 942 ac
1497 909 1641 943 variae⁶
1673 908 1900 953 quaestiones
1930 909 2027 953 apud
2061 908 2216 944 diversos
2240 910 2375 944 iudices

1285 953 1598 988 constituerentur.

1778 1117 1855 1154 VII
1864 1114 1890 1154 ⁷.

1621 1193 1879 1226 IUDICATUM
1904 1192 2048 1227 SOLVL

1337 1271 1351 1307 l
1384 1271 1543 1306 PAULUS
1572 1272 1663 1307 libro
1688 1272 1880 1307 vicensimo
1906 1275 2038 1317 quarto
2065 1271 2114 1305 ad
2137 1270 2290 1306 edictum
2337 1271 2377 1305 In

1285 1316 1513 1361 stipulatione
1537 1316 1735 1352 iudicatum
1760 1318 1848 1352 solvi
1879 1321 1965 1370 post
1988 1327 2063 1351 rem
2086 1316 2281 1351 iudicatam
2305 1320 2376 1351 sta-

1285 1363 1348 1397 tim
1376 1362 1451 1397 dies
1477 1362 1589 1406 cedit,
1625 1363 1687 1398 sed
1713 1363 1852 1398 exactio
1876 1374 1914 1397 111
1938 1366 2078 1407 tempus
2103 1373 2164 1397 reo
2189 1361 2375 1407 principali

1284 1408 1462 1442 indultum
1487 1408 1660 1444 differtur.

1332 1451 1357 1490 2
1391 1453 1501 1488 IDEM
1527 1455 1618 1489 libro
1657 1465 1694 1488 se
1724 1454 1948 1500 tuaqensz'mo
2015 1454 2106 1488 rimo
2145 1453 2195 1488 ad
2225 1453 2377 1488 edictum

1286 1499 1373 1534 Cum
1397 1499 1460 1534 lite
1483 1503 1626 1535 mortua
1650 1500 1748 1534 nula
1780 1510 1837 1534 res
1863 1499 1927 1543 sit,
1964 1500 1977 1534 i
2004 1509 2044 1534 eo
2071 1503 2213 1534 constat
2236 1498 2379 1533 fideius-

1285 1555 1385 1580 sores
1410 1555 1455 1580 ex
1478 1545 1652 1590 stipulatu
1675 1545 1873 1580 iudicatum
1898 1545 1987 1580 solvi
2011 1555 2083 1580 non
2108 1545 2232 1579 teneri.
2280 1553 2281 1556 ¹

1331 1589 1355 1628 3
1389 1590 1584 1626 ULPJANUS
1605 1591 1696 1626 libro
1721 1592 2013 1637 septuaqensz'mo
2037 1591 2189 1636 septimo
2214 1590 2263 1625 ad
2286 1589 2379 1624 edic—

1286 1640 1359 1671 tum
1407 1636 1446 1671 Si
1470 1637 1548 1681 quis
1574 1636 1693 1681 apud⁸
1727 1637 1880 1681 aliquem
1904 1636 2057 1672 iudicem
2087 1636 2202 1670 iturus
2228 1634 2377 1680 stipula-

1284 1686 1342 1717 tus
1375 1686 1430 1717 est
1461 1682 1658 1717 iudicatum
1690 1682 1779 1717 solvi
1809 1686 1845 1717 et
1876 1682 1950 1727 agit
1973 1681 2071 1727 apud
2101 1681 2270 1722 alterum,
2307 1691 2377 1717 non

1286 1727 1518 1763 committitur
1548 1728 1748 1772 stipulatio,
1785 1727 1869 1773 quia
1900 1739 1972 1763 non
2004 1727 2111 1762 huius
2141 1726 2270 1761 iudicis
2299 1736 2380 1761 sen-

1289 1777 1301 1808 1
1352 1773 1487 1808 tentiae
1507 1773 1737 1808 fideiussores
1760 1784 1798 1809 se
1818 1773 2067 1808 subdiderunt.
2109 1772 2379 1817 stipulationem

1286 1819 1482 1854 iudicatum
1515 1819 1605 1854 solvi
1635 1823 1672 1854 et
1702 1822 1918 1864 procurator
1949 1823 1986 1854 01
2021 1822 2120 1854 tutor
2157 1821 2194 1853 et
2236 1821 2381 1852 curator

1287 1868 1305 1899 2
1354 1865 1518 1910 stipulari
1554 1868 1719 1909 possunt.
1783 1865 2060 1900 Procuratorem
2100 1874 2180 1899 eum
2218 1863 2381 1907 accipere

1286 1910 1476 1952 debemus,
1509 1911 1568 1945 cui
1599 1910 1808 1946 mandatum
1832 1914 1903 1952 est,
1937 1911 2010 1946 sive
2034 1909 2141 1945 huius
2165 1909 2217 1943 rei
2241 1912 2377 1944 tantum

1286 1955 1494 1991 mandatum
1524 1957 1724 2001 susceperit
1754 1956 1827 1991 sive
1851 1956 1959 1991 etiam
1990 1956 2238 1991 universorum
2268 1954 2379 1988 bono-

1285 2013 1385 2036 rum..
1427 2001 1490 2036 sed
1522 2005 1558 2037 01
1593 2001 1625 2037 01
1661 2006 1780 2037 ratum
1811 2001 1921 2037 fuerit
1951 2001 2130 2044 habitum,
2169 2004 2381 2045 procurator

1287 2050 1306 2082 3
1353 2047 1505 2083 videtur.
1550 2047 1621 2083 Sed
1645 2051 1682 2083 et
1706 2047 1736 2082 si
1760 2047 1853 2082 forte
1877 2058 1921 2082 ex
1945 2047 2067 2082 liberis
2091 2046 2147 2082 vel
2170 2045 2380 2091 parentibus

1286 2092 1414 2138 aliquis
1443 2093 1657 2128 interveniat
1685 2093 1741 2128 vel
1772 2093 1825 2127 vir
1856 2093 1978 2128 uxoris
2003 2092 2165 2134 nomine,
2207 2102 2228 2126 a
2252 2091 2380 2136 quibus

1286 2138 1494 2173 mandatum
1522 2149 1595 2174 non
1626 2139 1798 2183 exigitur,
1832 2149 1879 2173 an
1911 2139 2154 2173 committatur
2184 2136 2380 2182 stipulatio,

1285 2184 1487 2264 quaeritur:
1520 2194 1579 2218 ma
1605 2184 1704 2229 ’sque
1735 2184 1820 2226 erit,
1853 2195 1898 2219 ne
1929 2183 2101 2219 committi
2132 2183 2276 2225 debeat,
2313 2181 2381 2216 nisi

1298 2230 1396 2265 'uerit
1427 2229 1459 2265 ei
1491 2240 1575 2264 man
1602 2234 1700 2265 atum
1724 2230 1777 2264 vel
1802 2234 1922 2264 ratum
1944 2229 2125 2265 habitum:
2168 2228 2264 2272 quod
2288 2228 2380 2263 enim

1287 2275 1337 2311 eis
1362 2285 1466 2320 agere
1489 2275 1709 2320 permittitur
1741 2275 1856 2311 edicto
1881 2275 2077 2320 praetoris,
2110 2285 2184 2310 non
2207 2273 2295 2308 facit
2319 2283 2379 2308 eos

1286 2324 1552 2366 procuratores.
1600 2321 1723 2366 itaque
1748 2321 1779 2356 si
1801 2321 1886 2356 talis
1910 2331 2066 2366 persona
2089 2320 2311 2362 interveniat,
2337 2329 2381 2353 ex

1286 2371 1307 2401 4
1353 2367 1491 2411 integro
1526 2366 1593 2402 erit
1626 2366 1834 2402 cavendum.
1892 2366 1962 2402 Sed
1993 2370 2030 2401 et
2059 2366 2154 2411 quod
2187 2365 2231 2400 de
2263 2369 2380 2399 tutore

1286 2412 1450 2453 diximus,
1474 2412 1527 2447 ita
1550 2412 1799 2457 accipiendum
1823 2416 1888 2456 est,
1913 2416 1964 2456 ut,
1990 2412 2020 2447 si
2043 2412 2075 2447 is
2095 2411 2214 2453 fuerit,
2240 2411 2299 2455 qui
2322 2414 2378 2443 tu-

1286 2458 1395 2493 telam
1427 2457 1719 2502 administrabat,
1755 2468 1837 2493 cum
1867 2461 1967 2492 tutor
1998 2468 2070 2493 non
2103 2460 2216 2500 esset,
2252 2455 2379 2490 tutoris

1288 2508 1306 2537 5
1356 2503 1598 2548 appellatione
1627 2514 1708 2538 eum
1738 2514 1811 2538 non
1841 2503 2027 2539 contineri.
2077 2502 2147 2538 Sed
2176 2506 2213 2538 et
2242 2502 2272 2537 si
2303 2499 2379 2545 qui-

1288 2549 1368 2583 dem
1398 2551 1498 2584 tutor
1530 2549 1595 2590 sit,
1633 2560 1705 2584 non
1737 2553 1857 2584 tamen
1889 2549 1992 2594 quasi
2020 2552 2121 2583 tutor
2152 2547 2294 2592 negotia
2318 2546 2378 2580 ad-

1286 2594 1465 2629 ministret
1488 2594 1557 2638 (vel
1581 2595 1665 2629 dum
1689 2595 1831 2639 ignorat
1853 2595 1910 2630 vel
1933 2594 2006 2629 alia
2030 2605 2074 2629 ex
2099 2598 2233 2637 causa),
2259 2592 2377 2627 dicen-

1288 2640 1371 2674 dum
1405 2640 1474 2674 erit
1503 2650 1575 2675 non
1614 2640 1787 2675 committi
1824 2640 2111 2685 stipulationem:
2151 2650 2234 2674 nam
2265 2637 2379 2673 edicto

1287 2686 1463 2730 praetoris
1488 2685 1539 2719 illi
1563 2686 1673 2720 tutori
1699 2685 1826 2730 agendi
1849 2685 2004 2721 facultas
2028 2685 2151 2728 datur,
2189 2684 2246 2719 cui
2271 2693 2292 2717 a
2315 2692 2378 2728 pa-

1287 2736 1386 2766 rente
1418 2731 1595 2766 maioreve
1626 2735 1730 2775 parte
1762 2735 1923 2766 tutorum
1955 2741 2121 2766 eorumve
2132 2732 2156 2774 ⁹,
2198 2730 2299 2764 cuius
2338 2738 2380 2762 ea

1288 2782 1306 2809 ι’»
1355 2776 1556 2811 iurisdictio
1593 2776 1680 2818 fuit,
1724 2777 1838 2812 tutela
1879 2778 2054 2822 permissa
2097 2776 2175 2811 erit.
2240 2773 2310 2810 Sed
2346 2777 2379 2807 et

1288 2825 1491 2857 curatorem
1524 2822 1741 2866 accipiemus
1772 2821 1899 2857 furiosi
1930 2822 2107 2863 furiosae,
2139 2822 2223 2856 item
2255 2818 2379 2864 pupilli

1287 2867 1463 2912 pupillae,
1497 2871 1697 2902 ceterorum
1721 2878 1863 2912 quoque
1888 2871 2090 2909 curatores,
2123 2870 2212 2911 puta
2237 2865 2376 2900 adules-

1287 2913 1418 2948 centis:
1443 2913 1499 2948 vel
1517 2913 1548 2947 si
1568 2912 1715 2948 alterius
1738 2913 1839 2948 cuius
1860 2917 2006 2948 curator
2024 2914 2081 2955 sit,
2103 2912 2271 2947 committi
2292 2913 2377 2955 puto

1288 2963 1303 2990 7
1355 2957 1633 3002 stipulationem.
1671 2958 1708 2993 Si
1724 2962 1822 2993 tutor
1842 2969 1920 2994 esse
1936 2962 2160 3004 proponatur
2173 2959 2200 2978 ¹⁰
2224 2954 2376 3000 regionis

1287 3003 1438 3038 alicuius
1470 3003 1525 3038 vel
1554 3003 1760 3048 provinciae
1784 3004 1839 3039 vel
1862 3015 1982 3040 rerum
2006 3003 2227 3043 italicarum,
2254 3009 2374 3051 conse-

1287 3059 1399 3094 quens
1426 3049 1492 3083 erit
1515 3049 1644 3091 dicere,
1671 3049 1938 3094 stipulationem
1957 3050 2009 3084 ita
2033 3049 2172 3084 demum
2194 3048 2377 3085 commltti,

1287 3096 1317 3129 si
1349 3105 1394 3129 ex
1426 3104 1468 3129 ea
1502 3105 1613 3129 causa
1643 3095 1794 3139 egerint,
1837 3105 1928 3139 quae
1957 3095 2004 3130 ad
2035 3091 2376 3129 administrationem

1288 3143 1306 3174 8
1357 3150 1479 3175 eorum
1504 3140 1716 3184 pertinebat.
1766 3139 1803 3175 Si
1833 3151 1934 3183 reus,
1965 3143 2154 3185 postquam
2183 3137 2377 3171 iudicatum

1288 3185 1378 3220 solvi
1401 3185 1573 3229 promisit,
1601 3185 1744 3220 demens
1770 3186 1888 3221 factus
1914 3186 1978 3227 sit,
2003 3195 2049 3219 an
2073 3182 2254 3227 stipulatio
2281 3192 2375 3216 com-

1287 3230 1449 3265 mittatur
1474 3230 1520 3265 ob
1544 3241 1619 3265 rem
1643 3241 1715 3266 non
1740 3231 1939 3273 defensam,
1965 3228 2163 3275 quaeritur:
2197 3227 2377 3271 magisque

1288 3280 1307 3309 9
1356 3278 1429 3317 est,
1455 3280 1496 3310 ut
1520 3277 1780 3320 committatur,
1806 3277 1836 3311 si
1859 3287 1963 3311 nemo
1988 3286 2067 3309 eum
2092 3272 2270 3308 defendat.
2322 3271 2375 3323 Qb

1286 3332 1360 3356 rem
1374 3332 1445 3355 non
1459 3320 1643 3356 defensam
1664 3322 1847 3366 stipulatio
1860 3333 1932 3356 non
1953 3319 2194 3361 committitur,
2208 3317 2377 3362 quamdiu

1291 3371 1329 3400 10
1378 3370 1498 3410 potest
1529 3367 1681 3402 existere
1714 3367 1774 3412 qui
1798 3366 1975 3402 defendat.
2024 3365 2061 3399 Si
2089 3364 2211 3408 plures
2242 3362 2375 3397 fuerint

1285 3412 1530 3456 fideiussores,
1562 3416 1797 3457 posteaquam
1822 3423 1902 3446 cum
1925 3421 1997 3445 uno
2028 3410 2071 3444 lis
2097 3410 2299 3444 contestata
2323 3411 2377 3442 est

1287 3468 1330 3492 ex
1356 3457 1519 3492 clausula
1551 3458 1598 3493 ob
1628 3469 1702 3493 rem
1725 3468 1798 3493 non
1822 3456 2024 3498 defensam,
2048 3454 2125 3499 ipse
2148 3463 2231 3489 reus
2256 3457 2376 3498 potest

1287 3502 1468 3546 suscipere
1492 3502 1750 3538 defensionem:

1332 3546 1358 3583 4
1383 3547 1577 3583 IULIANUS
1605 3549 1696 3585 libro
1721 3546 2045 3593 quinquaqensmo
2070 3544 2195 3589 quinto
2220 3543 2261 3578 di
2285 3547 2375 3578 esto—

1285 3603 1366 3627 rum
1412 3591 1445 3632 is
1469 3594 1607 3635 autem,
1642 3604 1720 3628 cum
1746 3602 1816 3637 quo
1841 3595 1960 3626 actum
1984 3589 2070 3631 fuit,
2095 3589 2229 3624 absolvi
2279 3589 2374 3623 ebet.

1333 3712 1375 3751 (7)
1399 3711 1466 3743 Ed.
1480 3718 1556 3744 1...3.
1571 3717 1670 3747 amn:
1697 3709 1777 3741 δατ).
1793 3715 1819 3741 4.
1835 3714 1954 3744 12...1e:
1980 3705 2063 3748 Pap.
2078 3712 2199 3744 17...19;
2225 3706 2311 3749 App.
2326 3713 2374 3740 20.

1286 3762 1329 3788 21.
1341 3774 1385 3779 —
1398 3756 1483 3788 Bas.
1498 3756 1530 3796 9,
1543 3763 1577 3789 10
1656 3757 1700 3796 (8)
1724 3753 1824 3796 apud]
1839 3754 1877 3784 ut
1889 3752 1930 3784 ad
1943 3764 2005 3784 scr.
2084 3752 2127 3790 (9)
2153 3761 2232 3784 eove
2250 3752 2375 3785 Breuc-

1516 3803 1540 3843 (1
1546 3804 1575 3842 0)
1600 3801 1725 3832 tutores
1739 3809 1806 3831 esse
1817 3799 2050 3839 proponantur
2062 3807 2120 3828 ser.
