2528 3918
113 136 174 168 DE
203 137 308 169 Imm
337 137 450 170 Flsci

117 250 211 286 ‘imm'
212 250 302 286 erito
321 250 530 303 quingentos
553 247 686 285 solidos
709 246 841 283 inferre
863 246 951 283 fisco
975 247 1094 283 iussus
1119 246 1195 298 esf:

117 296 260 332 ‘omissa
290 305 382 331 enim
404 306 417 331 i
444 294 518 330 sius
542 302 672 329 causae
701 292 928 338 inquisitione
954 292 1032 338 ipse
1054 295 1090 327 te
1114 291 1198 326 huic

116 344 126 360 ⁴
383 340 391 349 .
467 339 475 348 .
589 338 597 347 .
904 338 911 345 .
1074 336 1083 345 .
1170 335 1196 361 ·-

117 337 1198 430 ‹ssssssnssssgzissffifflssssiissffiffifflffffissffliossssshssaffle

115 431 223 466 ‘bona
245 430 315 466 fide
338 430 492 472 veniant,
516 439 588 464 non
612 428 835 464 adversarios
858 431 921 463 aut
944 427 1078 463 iudices
1102 425 1195 461 redi-

114 480 222 511 ‘mere
244 475 439 521 temptent’.
937 517 939 519 q

160 519 212 558 35
237 520 466 556 POMPONIUS
485 519 575 555 libro
599 518 787 554 undecimo
811 517 1047 564 eptscularum
1089 515 1197 561 Apud

112 566 291 601 Iulianum
322 564 494 610 scriptum
522 567 594 599 est:
632 563 663 598 si
691 563 852 608 privatus
883 562 929 597 ad
951 572 991 597 se
1020 562 1196 607 pertinere

112 610 345 646 hereditatem
367 609 473 644 Lucii
497 608 581 644 Titii
604 608 717 650 dicat,
748 605 860 643 altero
884 607 1033 642 eandem
1055 606 1195 642 heredi-

112 660 224 691 tatem
261 655 349 691 fisco
378 654 600 690 vindicante:
642 653 842 698 quaeritur,
879 656 1000 688 utrum
1030 652 1087 687 ius
1118 651 1196 687 fisci

112 705 197 736 ante
219 699 469 736 excutiendum
491 699 539 734 sit
561 702 597 734 et
620 697 850 734 sustinendae
873 697 1034 733 actiones
1058 700 1195 732 cetero-

111 756 212 788 rum,
247 755 295 781 an
318 744 428 780 nihilo
451 744 569 779 minus
592 742 807 779 inhibendae
829 742 1018 788 petitiones
1044 741 1194 777 credito-

112 801 192 826 rum
215 790 435 835 singulorum
444 791 469 832 ²,
501 799 547 824 ne
570 788 736 834 publicae
760 797 890 824 causae
918 787 1195 833 praeiudicetur.

111 835 149 871 id
174 846 219 871 ue
243 838 389 871 senatus
414 834 588 871 consultis
611 842 819 879 expressum
843 838 909 869 est.

188 878 213 918 6
245 880 491 916 Pamzmiws
521 880 613 916 libro
644 879 747 914 tertio
776 888 1033 925 responsorum
1087 877 1196 913 Prae-

112 926 180 962 diis
205 936 228 961 a
249 925 339 962 fisco
371 924 552 960 distractis
583 923 767 970 praeteriti
796 923 964 969 temporis
995 922 1197 958 tributum³

112 970 307 1006 eorundem
335 969 563 1015 praediorum
587 979 678 1005 onus
709 971 904 1014 emptorem
934 971 1096 1013 spectare
1119 968 1195 1012 pla-

112 1016 198 1052 cuit.

159 1058 212 1099 37
236 1060 343 1096 Imm
363 1060 454 1095 libro
477 1059 614 1094 decimo
638 1068 895 1104 responsorum
936 1057 1040 1102 Quod
1062 1057 1198 1103 placuit

112 1106 201 1142 fisco
238 1116 309 1141 non
343 1115 422 1140 esse
455 1114 608 1158 poenam
648 1102 857 1149 petendam,
897 1103 964 1138 nisi
1004 1102 1197 1138 creditores

113 1161 218 1186 suum
239 1150 536 1195 reciperaverint,
571 1159 614 1184 eo
638 1148 812 1193 pertinet,
848 1151 888 1183 ut
918 1148 1137 1193 privilegium
1160 1148 1198 1183 in

112 1206 230 1241 poena
253 1199 379 1231 contra
402 1195 594 1230 creditores
618 1204 690 1229 non
721 1197 948 1237 exerceatur,
983 1204 1054 1229 non
1078 1196 1119 1228 ut
1141 1193 1197 1228 ius

112 1250 300 1277 commune
322 1240 542 1286 privatorum
563 1239 674 1274 fiscus
698 1239 850 1274 amittat.

159 1283 213 1324 38
237 1285 345 1321 IDEM
364 1285 454 1321 libro
479 1285 584 1320 tertio
607 1283 743 1320 decimo
766 1294 1022 1330 responsorum
1069 1283 1198 1319 Fiscus

113 1332 152 1366 in
181 1331 389 1377 quaestione
417 1329 500 1365 falsi
529 1329 733 1365 testamenti
768 1339 841 1364 non
872 1329 1043 1374 optinuit:
1079 1328 1196 1374 prius-

113 1386 220 1421 quam
243 1379 365 1411 autem
393 1385 437 1411 ea
468 1374 628 1420 quaestio
653 1374 893 1416 decideretur,
917 1373 987 1410 alio
1011 1373 1198 1409 nuntiante

114 1422 210 1457 bona
231 1421 380 1466 postea⁴
404 1430 532 1456 vacare
556 1419 726 1455 constitit.
773 1419 915 1455 fructus
938 1422 1022 1464 post
1044 1419 1197 1463 primam

113 1466 209 1502 litem
241 1465 380 1501 absumi
410 1476 483 1501 non
513 1465 713 1510 oportuisse
743 1464 929 1509 respondi:
965 1474 1081 1509 neque
1104 1464 1197 1499 enim

115 1511 162 1547 ad
196 1514 341 1547 senatus
380 1510 535 1546 consulti
571 1509 782 1545 beneficium
824 1509 997 1554 scriptum
1031 1509 1198 1544 heredem

117 1560 132 1591 1
181 1556 361 1602 pertinere
384 1554 626 1592 controversia
644 1558 753 1590 mota.
789 1554 970 1590 Delatoris
990 1564 1101 1600 opera
1124 1565 1198 1590 non

113 1611 193 1637 esse
223 1601 388 1637 functum
418 1600 605 1646 respondi,
644 1600 706 1645 qui
738 1599 818 1635 fisci
848 1600 1053 1645 pecuniam,
1091 1609 1197 1644 quam

114 1647 204 1682 alius
227 1646 384 1688 tenebat,
409 1645 456 1681 ad
478 1645 535 1681 sui
557 1644 727 1691 temporis
751 1644 1093 1681 administrationem
1115 1655 1197 1690 per—

115 1693 242 1735 tinere,
283 1691 442 1737 quamvis
479 1690 634 1736 probare
665 1701 737 1726 non
770 1690 963 1735 potuisset,
1003 1689 1197 1732 contendit,

114 1736 282 1782 quoniam
303 1747 348 1782 pr
397 1735 486 1771 riam
510 1746 656 1771 causam
678 1738 811 1779 egerat.

160 1779 213 1820 39
237 1781 345 1817 [nim
385 1781 462 1817 ibro
492 1785 597 1816 sexto
629 1781 764 1816 decimo
793 1791 1050 1827 responsorum
1095 1780 1199 1815 Bona

42 1854 50 1861 .
117 1827 201 1863 fisco
227 1826 319 1862 citra
346 1836 500 1872 poenam
528 1824 623 1861 exilii
652 1828 862 1871 perpetuam
893 1825 1093 1861 adiudicari
1116 1835 1196 1861 sen-

118 1876 130 1906 1
180 1872 293 1908 tentia
316 1882 389 1907 non
413 1874 565 1917 oportet.
604 1870 709 1914 Eum,
734 1871 794 1916 qui
816 1870 1015 1923 periculum
1040 1881 1197 1906 commu-

116 1917 167 1955 nis
193 1916 498 1953 condemnationis
521 1915 628 1951 dividi
650 1916 859 1961 postulavit,
885 1916 981 1960 quod
1003 1916 1197 1961 participes

116 1962 261 1998 iudicati
281 1961 448 1997 solvendo
473 1965 592 1997 essent
615 1961 791 1997 revocatis
811 1961 1085 1997 alienationibus
1109 1971 1198 2005 quas

112 2006 361 2043 fraudulenter
388 2006 568 2048 fecerant,
601 2017 674 2042 non
704 2005 817 2042 videri
849 2016 994 2042 causam
1024 2005 1199 2052 pecuniae

113 2052 201 2088 fisco
224 2051 409 2087 nuntiasse
431 2051 611 2097 respondi.

160 2096 213 2135 40
252 2096 308 2132 ΡΑ
316 2106 410 2132 ULUs
446 2097 536 2132 libro
570 2097 761 2132 vicensimo
789 2097 914 2143 primo
949 2097 1199 2142 quaestionum

113 2143 170 2178 Ita
192 2141 276 2178 fidei
306 2141 446 2177 heredis
477 2141 667 2177 commisit:
705 2143 802 2186 ‘rogo
832 2141 983 2177 fundum
1007 2140 1101 2177 Titio
1126 2141 1198 2185 des,

115 2187 171 2223 ‘de
195 2197 264 2232 quo
288 2190 324 2222 te
347 2187 491 2231 rogavi'.
528 2186 558 2222 si
582 2186 698 2222 Titius
723 2196 852 2232 capere
874 2197 947 2222 non
970 2186 1102 2231 possit,
1127 2197 1199 2222 non

113 2232 262 2268 evitabit
283 2231 387 2267 heres
406 2242 559 2277 poenam
581 2231 684 2267 taciti
705 2231 985 2267 fideicommissi:
1010 2242 1082 2267 non
1106 2231 1199 2267 enim

113 2281 170 2313 est
192 2277 312 2322 palam
335 2277 552 2322 relinquere,
584 2276 679 2322 quod
710 2286 756 2312 ex
782 2280 996 2312 testamento
1020 2276 1104 2312 sciri
1126 2287 1199 2312 non

114 2326 253 2367 potest,
285 2332 367 2357 cum
389 2322 579 2357 recitatum
610 2325 676 2357 est.
723 2321 1019 2367 quemadmodum
1049 2332 1116 2357 nec
1139 2322 1199 2357 ille

113 2367 233 2412 palam
263 2367 343 2409 dat,
376 2366 438 2412 qui
465 2366 518 2402 ita
547 2367 690 2402 scribit:
727 2370 825 2412 ‘rogo
856 2377 935 2411 vos,
960 2367 1127 2411 heredes,
1161 2367 1199 2402 in

114 2416 188 2455 ‘eo,
220 2411 317 2457 quod
340 2422 363 2447 a
384 2412 484 2448 vobis
514 2412 606 2458 peti,
637 2411 744 2447 fidem
771 2412 985 2457 praestetis’.
1032 2412 1138 2448 immo
1161 2413 1199 2447 in

114 2458 232 2503 priore
264 2457 382 2502 specie
410 2457 578 2493 maiorem
608 2457 773 2492 fraudem
804 2458 1027 2537 excoffitasse
1050 2457 1197 2501 videtur,

114 2502 176 2547 qui
198 2512 271 2538 non
289 2505 430 2537 tantum
451 2502 564 2547 legem
587 2502 841 2538 circumvenire
859 2513 903 2538 vo
919 2502 981 2544 uit,
1007 2502 1071 2538 sed
1092 2503 1199 2538 etiam

112 2547 441 2592 interpretationem
459 2547 557 2591 legis,
583 2549 699 2592 quae-‘²
723 2547 819 2582 circa
841 2547 991 2583 tacitum
1014 2547 1197 2583 fideicom-

113 2593 262 2628 missum
285 2592 458 2628 habetur:
483 2592 642 2637 quamvis
667 2592 759 2628 enim
781 2591 930 2628 fundum
953 2592 1198 2637 nominaverit,

113 2648 186 2672 non
215 2640 334 2672 tamen
366 2636 534 2681 cognosci
556 2640 694 2682 potest,
728 2637 772 2672 de
795 2648 866 2682 quo
896 2637 944 2673 sit
965 2640 1112 2682 rogatus
1135 2637 1197 2673 he-

113 2692 189 2725 res,
222 2693 304 2717 cum
327 2681 513 2717 diversitas
535 2692 654 2717 rerum
677 2682 870 2718 obscurum
898 2682 1009 2718 faciat
1031 2683 1196 2728 legatum.

121 2731 131 2761 1
183 2727 361 2762 Patronus
385 2725 416 2762 si
439 2726 548 2762 tacite
571 2727 609 2762 in
638 2726 745 2763 fidem
768 2737 869 2762 suam
892 2727 1062 2772 recipiat,
1091 2732 1132 2763 ut
1154 2738 1199 2763 ex

114 2771 285 2851 gortionel
302 2781 378 2851 sua¹²
391 2774 560 2816 praestet,
584 2782 727 2808 cessare
749 2771 912 2808 fraudem
936 2772 1083 2816 dicitur,
1115 2773 1200 2818 quia

140 2826 160 2851 e
183 2826 249 2852 suo
286 2826 328 2851 ar
378 2826 433 2851 ur.

160 2859 207 2898 41
232 2826 449 2897 ΙυΕΜειῐίὺνο
468 2861 658 2897 vicensimo
672 2863 795 2908 primo
814 2873 1069 2909 responsorum
1092 2863 1198 2906 Eum,

115 2906 176 2951 qui
198 2906 294 2942 bona
316 2906 482 2941 vacantia
505 2916 528 2942 a
549 2906 638 2942 fisco
663 2908 902 2953 comparavit,
934 2907 1065 2943 debere
1087 2908 1198 2944 actio-

114 2962 196 2987 nem
268 2961 335 2987 uae
365 2955 490 2986 contra
518 2950 726 2987 defunctum
749 2953 990 2998 competebat,
1021 2953 1196 2998 excipere.

161 2977 215 3033 423
269 3005 394 3031 arrivs
414 2995 505 3032 libro
529 2997 655 3042 quinto
676 2997 1032 3042 fideicommissorum
1074 2998 1196 3034 Arria-

115 3052 182 3077 nus
207 3041 358 3077 Severus
381 3040 585 3085 praefectus
608 3042 755 3085 aerarii,
780 3054 861 3078 cum
885 3043 981 3086 eius,
1006 3043 1066 3088 qui
1090 3043 1198 3079 tacite

114 3090 261 3131 rogatus
284 3085 405 3121 fuerat
427 3096 499 3122 non
525 3086 681 3131 capienti
703 3087 1014 3124 fideicommissum
1036 3088 1197 3131 reddere,

115 3132 211 3166 bona
232 3131 417 3177 publicata
440 3135 560 3174 erant,
595 3133 837 3176 pronuntiavit
858 3133 969 3169 nihilo
1001 3133 1118 3169 minus
1141 3133 1197 3169 ius

117 3175 299 3212 deferendi
328 3186 372 3212 ex
404 3176 659 3212 constitutione
692 3177 760 3213 divi
783 3178 930 3214 Traiani
959 3178 1093 3213 habere
1116 3188 1198 3214 eum

120 3225 133 3255 1
185 3221 244 3256 cui
273 3220 584 3256 fideicommissum
615 3225 692 3257 erat
725 3222 900 3258 relictum.
957 3222 1049 3267 Quia
1078 3227 1198 3258 autem

115 3265 279 3301 nonnulli
313 3265 443 3311 ingrati
479 3266 650 3302 adversus
694 3267 905 3303 beneficium
942 3267 1013 3303 divi
1052 3268 1198 3303 Traiani

115 3314 198 3355 post
233 3310 490 3356 professionem
529 3321 668 3356 quoque
702 3311 747 3347 de
777 3314 887 3348 tacito
923 3312 1196 3349 fideicommisso

116 3355 251 3407 factam
283 3365 364 3390 cum
391 3356 662 3409 possessoribus
692 3357 895 3402 transigunt
935 3361 1042 3403 atque
1079 3358 1196 3393 tribus

115 3400 241 3436 edictis
264 3404 402 3436 evocati
430 3412 503 3437 non
525 3401 758 3446 respondent,
789 3403 924 3448 placuit
952 3403 1093 3438 senatui
1115 3406 1195 3438 tan-

1191 117 1270 167 831

1964 124 2256 168 XXXXVIIll
2291 128 2337 167 14

1266 246 1341 297 tum
1365 244 1411 280 ab
1434 255 1478 281 co
1501 244 1561 290 qui
1583 244 1620 279 id
1643 245 1785 282 fecisset
1804 247 1906 292 exigi,
1931 251 2101 293 quantum
2125 249 2221 295 apud
2241 259 2341 286 aera-

1265 300 1358 325 rium
1388 300 1433 325 ex
1463 300 1506 327 ea
1538 299 1648 325 causa
1679 302 1784 335 quain
1819 292 1995 328 detulerat
2023 304 2207 330 remanere
2238 305 2342 341 opor·

1265 335 1390 377 teret⁶‚
1414 335 1445 370 si
1467 335 1724 380 professionem
1742 347 1842 372 suain
1867 338 2064 383 implesset:
2089 343 2126 375 et
2148 340 2179 376 si
2227 350 2342 376 osses-

1266 379 1358 415 soris
1382 390 1523 425 quoque
1546 379 1646 415 fraus
1667 381 1762 425 apud
1785 383 2004 426 praefectum
2024 385 2185 420 convicta
2216 385 2342 427 uisset,

1266 425 1311 460 ab
1335 434 1377 460 eo
1402 435 1543 470 quoque
1566 424 1661 470 quod
1686 427 1866 463 convictus
1888 428 2019 463 inferre
2039 429 2220 465 debuisset
2238 430 2341 474 exigi.

1311 467 1364 507 43
1397 469 1591 506 ΠιΡιΑΝσε
1621 470 1711 522 libro
1740 476 1843 507 sexto
1869 473 2221 517 fideicommissorum
2273 475 2342 510 Im-

1266 518 1413 560 perator
1435 518 1558 551 noster
1580 516 1761 560 rescripsit
1783 517 1908 552 fiscum
1928 517 1964 553 in
1988 529 2062 554 rem
2079 519 2211 555 habere
2230 520 2343 556 actio-

1266 570 1327 595 nes
1353 571 1396 596 ex
1418 560 1529 596 tacito
1552 559 1837 597 fideicommisso.

1310 603 1365 642 44
1387 605 1545 642 PAoLvs
1565 605 1656 641 libro
1675 607 1797 651 primo
1814 609 2068 643 sententiarum
2102 609 2250 645 Delator
2272 620 2344 645 non

1266 654 1338 693 est,
1370 651 1431 696 qui
1461 649 1700 703 prptegendae
1729 661 1861 687 causae
1891 662 1978 688 suae
1999 653 2113 698 gratia
2141 654 2275 700 aliquid
2297 654 2344 690 ad

1265 695 1392 731 fiscum
1415 699 1568 731 nuntiat.

1311 739 1364 778 45
1391 741 1520 776 ⁷lzum
1546 741 1637 776 libro
1668 741 1793 786 quinto
1816 743 2071 777 sententiarum
2117 743 2160 778 In
2182 744 2342 780 fraudem

1267 785 1344 822 fisci
1380 797 1453 822 non
1494 786 1611 822 solum
1649 795 1714 830 per
1746 785 1987 829 donationem,
2025 788 2088 823 sed
2125 799 2345 834 quocumque

1266 831 1371 867 modo
1394 841 1452 867 res
1476 831 1654 866 alienatae
1677 835 1907 875 revocantur,
1937 832 2099 877 idemque
2120 833 2208 869 iuris
2231 838 2287 869 est
2310 839 2346 869 et

1266 876 1296 911 si
1319 886 1392 911 non
1416 879 1629 921 quaeratur:
1655 885 1767 920 aeque
1793 876 1886 911 enim
1909 876 1947 911 in
1970 878 2132 913 omnibus
2156 878 2256 914 fraus
2279 890 2344 924 pu-

1269 924 1283 956 1
1332 922 1429 957 nitur
1440 922 1465 957 ⁸.
1512 921 1616 957 Bona
1638 930 1779 963 eorum,
1804 921 1865 966 qui
1887 921 1924 956 in
1949 922 2110 957 custodia
2131 923 2186 958 vel
2209 923 2245 958 in
2269 924 2344 959 vin-

1267 966 1356 1002 culis
1385 967 1440 1002 vel
1472 965 1703 1012 compedibus
1735 965 1979 1010 decesserunt,
2011 967 2200 1003 heredibus
2224 979 2346 1004 eorum

1266 1022 1339 1048 non
1363 1011 1592 1055 auferuntur,
1624 1011 1698 1046 sive
1728 1014 1859 1046 testato
1892 1011 1965 1047 sive
1993 1011 2160 1048 intestato
2186 1013 2346 1049 decesse-

1267 1059 1287 1092 2
1334 1061 1430 1092 runt.
1476 1056 1567 1092 Eius
1591 1056 1696 1098 bona,
1722 1056 1783 1101 qui
1807 1056 1875 1092 sibi
1897 1060 2045 1092 mortem
2071 1057 2251 1099 conscivit,
2275 1069 2347 1093 non

1267 1106 1351 1138 ante
1382 1102 1429 1137 ad
1462 1101 1591 1137 fiscum
1623 1106 1818 1146 coguntur,
1859 1112 1965 1146 quam
2003 1102 2101 1146 prius
2139 1103 2346 1146 constiterit,

1267 1147 1369 1183 cuius
1394 1147 1550 1182 criminis
1574 1146 1691 1192 gratia
1714 1156 1840 1182 manus
1859 1146 1927 1182 sibi
1944 1146 2113 1182 intulerit.
2146 1148 2221 1182 cius
2242 1147 2348 1190 bona,

1267 1192 1328 1238 qui
1351 1192 1420 1228 sibi
1443 1192 1490 1227 ob
1514 1191 1659 1237 aliquod
1679 1191 1873 1227 admissum
1894 1191 2069 1236 flagitium
2092 1196 2239 1227 mortem
2265 1202 2349 1227 con-

1267 1237 1370 1273 scivit
1401 1242 1437 1272 et
1465 1247 1592 1272 manus
1622 1236 1760 1280 intulit,
1790 1236 1880 1272 fisco
1918 1236 2158 1272 vindicantur:
2195 1237 2290 1281 quod
2319 1237 2350 1273 si

1267 1282 1326 1317 id⁹
1356 1282 1476 1318 taedio
1506 1282 1601 1318 vitae
1633 1285 1698 1317 aut
1727 1281 1865 1334 pudore
1889 1281 1983 1317 aeris
2007 1281 2114 1317 alieni
2136 1282 2190 1317 vel
2213 1282 2349 1317 valetu-

1268 1327 1358 1363 dinis
1378 1327 1529 1363 alicuius
1549 1327 1761 1372 inpatientia
1780 1326 1933 1369 admisit,
1957 1337 2030 1362 non
2047 1326 2349 1372 inquietabuntur,

1268 1376 1287 1408 3
1335 1372 1399 1408 sed
1422 1383 1510 1409 suae
1521 1374 1548 1393 ¹⁰
1579 1371 1800 1408 successioni
1830 1371 2089 1417 relinquuntur.
2135 1372 2170 1407 A
2192 1371 2350 1408 debitore

1267 1417 1385 1454 fisci¹¹
1415 1418 1453 1453 in
1483 1417 1648 1453 fraudem
1680 1417 1783 1453 datas
1813 1417 1995 1452 libertates
2031 1417 2166 1452 retrahi
2197 1417 2347 1462 placuit:

1267 1473 1354 1499 sane
1377 1462 1494 1508 ipsum
1517 1463 1569 1498 ita
1591 1463 1638 1498 ab
1663 1462 1734 1498 alio
1758 1472 1875 1498 emere
1898 1461 2130 1507 mancipium,
2162 1466 2204 1497 ut
2225 1472 2349 1497 manu-

1267 1509 1400 1551 mittat,
1430 1519 1503 1543 non
1527 1511 1582 1544 est
1603 1507 1840 1553 prohibitum:
1874 1517 1956 1552 ergo
1981 1512 2068 1543 tunc
2091 1511 2129 1542 et
2149 1507 2349 1554 libertatem

1267 1557 1288 1588 4
1335 1557 1520 1599 praestare
1543 1553 1659 1598 possit
1669 1553 1706 1587 ¹².
1743 1552 1801 1587 Ex
1823 1553 1879 1588 his
1903 1552 2018 1594 bonis,
2042 1562 2134 1596 quae
2157 1552 2203 1587 ad
2226 1552 2350 1587 fiscum

1267 1598 1387 1634 delata
1410 1602 1505 1641 sunt,
1529 1598 1767 1634 instrumenta
1788 1597 1845 1632 vel
1869 1597 2116 1643 chirographa,
2140 1600 2222 1632 acta
2246 1597 2351 1632 etiam

1266 1643 1312 1679 ad
1334 1644 1390 1679 ius
1424 1644 1645 1689 privatorum
1675 1642 1891 1688 pertinentia
1921 1643 2060 1678 restitui
2088 1642 2352 1687 postulantibus

1267 1692 1286 1724 5
1336 1689 1510 1724 convenit.
1558 1688 1684 1733 Neque
1707 1688 1942 1723 instrumenta
1969 1698 2085 1733 neque
2113 1691 2195 1722 acta
2217 1697 2240 1722 a
2263 1698 2351 1731 quo·

1268 1739 1287 1769 6
1334 1744 1440 1779 quam
1473 1733 1643 1769 adversus
1676 1733 1804 1769 fiscum
1833 1733 1892 1768 edi
1923 1744 1943 1768 o
1971 1736 2073 1768 ortet.
2120 1732 2203 1777 Ipse
2233 1736 2352 1767 autem

1267 1779 1376 1815 fiscus
1401 1782 1565 1814 actorum
1587 1789 1735 1814 suorum
1759 1777 1921 1824 exempla
1970 1788 2013 1813 ac
2037 1777 2244 1813 condicione
2267 1777 2351 1820 edit,

1267 1828 1308 1860 ut
1337 1824 1387 1867 is,
1420 1823 1479 1860 cui
1508 1823 1731 1859 describendi
1759 1822 1802 1858 fit
1830 1826 2011 1868 potestas,
2043 1822 2213 1858 adversus
2236 1832 2274 1857 se
2297 1823 2352 1857 vel

1267 1880 1342 1905 rein
1364 1869 1547 1915 publicam
1577 1869 1635 1904 liis
1659 1868 1749 1904 actis
1773 1869 1857 1904 ne¹³
1887 1872 2028 1904 utatur:
2061 1867 2106 1903 de
2130 1877 2199 1913 quo
2225 1877 2350 1902 cavere

1268 1914 1502 1961 compellitur,
1527 1917 1586 1957 ut,
1611 1914 1643 1950 si
1665 1924 1752 1950 usus
1775 1914 1806 1949 is
1832 1918 1959 1949 contra
1980 1912 2207 1948 interdictum
2230 1911 2350 1954 fuerit,

1268 1964 1285 1995 7
1336 1970 1447 1995 causa
1471 1959 1590 1995 cadat.
1635 1958 1806 2004 Quotiens
1830 1958 1927 2004 apud
1948 1958 2075 1994 fiscum
2098 1958 2226 2002 agitur,
2251 1962 2352 1993 acto-

1267 2016 1347 2040 rum
1369 2008 1530 2051 potestas
1553 2004 1771 2050 postulanda
1793 2007 1866 2047 est,
1890 2007 1931 2039 ut
1953 2003 2079 2039 merito
2102 2002 2133 2038 is
2157 2003 2211 2037 uti
2233 2002 2350 2046 liceat,

1268 2061 1381 2096 eaque
1403 2060 1512 2085 manu
1536 2049 1863 2085 commentariensis
1887 2048 2093 2084 adnotanda
2116 2051 2210 2083 sunt.
2258 2047 2352 2093 quod

1268 2096 1299 2131 si
1328 2106 1370 2131 ea
1401 2095 1506 2130 aliter
1527 2094 1774 2140 proferantur,
1804 2094 1836 2130 is
1860 2094 1920 2140 qui
1942 2094 1995 2129 ito.
2023 2092 2214 2138 protulerit
2242 2102 2352 2128 causa

1268 2143 1288 2176 8
1336 2140 1443 2176 cadit.
1480 2140 1652 2184 Quotiens
1674 2140 1803 2175 iterum
1825 2139 1922 2184 apud
1944 2138 2071 2174 fiscum
2095 2137 2216 2173 eadem
2241 2148 2353 2185 causa

1266 2189 1455 2229 tractatur,
1479 2185 1641 2230 priorum
1659 2188 1832 2227 actorum,
1858 2194 2010 2228 quorum
2028 2194 2115 2219 usus
2139 2193 2210 2218 non
2233 2182 2353 2218 fuerat

1268 2234 1289 2266 9
1335 2231 1551 2276 postulatus,
1577 2241 1621 2266 ex
1644 2230 1764 2266 officio
1787 2229 1951 2265 recitatio
1971 2229 2050 2264 iure
2071 2231 2252 2273 poscetur.
2284 2227 2352 2272 Qui

1268 2286 1333 2321 pro
1358 2276 1429 2311 alio
1454 2286 1476 2311 a
1498 2275 1588 2312 fisco
1609 2279 1805 2312 conventus
1829 2274 1988 2310 debitum
2007 2273 2165 2316 exsolvit,
2189 2283 2261 2308 non
2283 2273 2351 2307 ini-

1268 2331 1337 2366 que
1365 2321 1525 2367 postulat
1552 2321 1839 2366 persecutionem
1870 2320 2043 2355 bonorum
2076 2318 2151 2370 eius
2182 2328 2246 2362 pro
2279 2327 2350 2397 quo

1267 2366 1391 2402 solvit:
1428 2366 1467 2401 in
1504 2377 1575 2410 quo
1613 2366 1720 2401 etiam
1758 2365 1921 2401 adiuvari
1956 2374 2021 2409 per
2055 2363 2212 2399 officium
2248 2373 2288 2398 so
2304 2366 2348 2397 et.

1271 2415 1311 2447 10
1357 2411 1560 2447 Fiscalibus
1594 2411 1815 2446 debitoribus
1843 2409 2048 2456 petentibus
2071 2408 2119 2443 ad
2142 2417 2350 2452 comparan-

1268 2456 1350 2491 dam
1374 2456 1562 2502 pecuniam
1587 2456 1790 2491 dilationem
1813 2455 1937 2499 negari
1958 2465 2031 2489 non
2054 2452 2201 2498 placuit.
2249 2452 2349 2487 cuius

1267 2502 1319 2537 rei
1341 2502 1542 2537 aestimatio
1573 2501 1625 2536 ita
1656 2500 1805 2536 arbitrio
1835 2499 2025 2535 iudicantis
2055 2497 2277 2540 conceditur,
2309 2500 2350 2531 ut

1266 2547 1303 2582 in
1327 2546 1521 2582 maioribus
1545 2546 1690 2582 summis
1713 2556 1787 2582 non
1809 2545 1891 2590 plus
1915 2554 2021 2590 quam
2044 2547 2117 2579 tres
2139 2552 2288 2584 menses,
2313 2542 2350 2576 in

1266 2592 1462 2627 minoribus
1498 2602 1581 2627 vero
1612 2602 1685 2627 non
1722 2590 1806 2636 plus
1845 2599 1951 2636 quam
1987 2588 2057 2624 duo
2095 2590 2347 2633 prorogentur:

1266 2636 1469 2683 prolixioris
1505 2640 1626 2672 autem
1662 2636 1832 2681 temporis
1868 2634 2022 2687 spatium
2061 2633 2107 2668 ab
2138 2633 2351 2677 imperatore

1270 2686 1307 2717 11
1357 2682 1612 2727 postulandum
1650 2685 1715 2717 est.
1771 2681 1809 2716 Si
1844 2678 2051 2725 principalis
2088 2678 2139 2713 rei
2176 2678 2269 2712 bona
2303 2676 2350 2728 ad

1266 2727 1393 2763 fiscum
1429 2726 1596 2763 devoluta
1634 2727 1722 2770 sint,
1762 2724 1990 2761 fideiussores
2026 2723 2241 2759 liberantur:
2282 2722 2350 2756 nisi

1266 2772 1359 2808 forte
1381 2772 1499 2808 minus
1522 2772 1641 2808 idonei
1664 2772 1735 2807 sint
1757 2771 1833 2806 et¹⁴
1855 2770 1893 2805 in
1915 2769 2090 2814 reliquum
2113 2778 2186 2802 non
2209 2766 2349 2802 exsolu-

1270 2820 1311 2852 12
1357 2821 1417 2852 tae
1437 2817 1649 2862 quantitatis
1671 2815 1898 2852 accesserint.
1935 2814 1973 2850 Si
1993 2814 2072 2859 plus
2092 2815 2270 2848 servatum
2294 2814 2350 2862 est

1267 2873 1313 2898 ex
1342 2862 1446 2899 bonis
1479 2862 1651 2898 debitoris
1675 2872 1699 2896 a
1721 2861 1808 2897 fisco
1834 2859 2029 2899 distractis,
2058 2858 2135 2893 iure
2158 2867 2201 2892 ac
2224 2858 2348 2890 merito

1271 2911 1310 2943 13
1357 2907 1498 2943 restitui
1528 2907 1743 2952 postulatur.
1791 2904 1996 2940 conductor
2028 2914 2071 2939 ex
2100 2901 2211 2953 fundo
2234 2899 2347 2937 fiscali

1267 2952 1356 2987 nihil
1379 2952 1574 2987 transferre
1587 2954 1615 2974 ²⁵
1638 2954 1759 2996 potest
1781 2960 1848 2985 nec
1872 2948 2033 2994 cupressi
2056 2951 2241 2982 materiam
2264 2955 2347 2980 ven-

1268 2997 1352 3033 dere
1375 2998 1430 3033 vel
1453 2997 1568 3032 olivae
1591 3007 1664 3031 non
1687 2995 1891 3031 substitutis
1915 2993 1994 3029 aliis
2015 2996 2219 3043 ceterasque
2243 2990 2347 3041 arbo-

1267 3053 1324 3078 res
1347 3042 1540 3087 pomiferas
1565 3041 1730 3076 caedere:
1756 3044 1792 3076 et
1814 3039 1913 3074 facta
1936 3039 2011 3074 eius
2035 3047 2085 3072 rei
2105 3038 2347 3085 aestimatione

1270 3091 1311 3122 14
1357 3087 1395 3122 in
1436 3086 1673 3132 quadruplum
1712 3084 1930 3120 convenitur.
1990 3081 2191 3132 Minoribus
2226 3079 2346 3122 viginti

1268 3132 1423 3177 quinque
1446 3131 1550 3167 annis
1572 3141 1687 3176 neque
1710 3129 1843 3165 fundus
1861 3138 1975 3172 neque
1992 3125 2176 3179 vectigaha
2193 3122 2346 3158 locanda

1267 3182 1350 3213 sunt
1386 3187 1432 3212 ne
1455 3176 1626 3212 adversus
1650 3186 1694 3211 ea
1716 3174 1889 3211 beneficio
1914 3176 2040 3207 aetatis
2064 3173 2220 3205 utantur.

1314 3203 1367 3259 46
1392 3221 1736 3256 HERMOGENIANUS
1757 3220 1847 3255 libro
1870 3222 1973 3253 sexto
1998 3216 2087 3251 iuris
2109 3214 2345 3260 epitomarum

1266 3266 1440 3302 Aufertur
1463 3265 1496 3301 ei
1520 3265 1623 3310 quasi
1644 3264 1786 3309 indigno
1811 3261 2006 3302 successio,
2038 3259 2108 3304 qui,
2138 3268 2222 3309 cuni
2242 3257 2344 3291 heres

1266 3312 1450 3347 institutus
1474 3314 1569 3346 esset
1585 3313 1626 3345 ut
1648 3309 1755 3352 filius,
1779 3312 1861 3354 post
1883 3310 2030 3341 mortem
2054 3304 2138 3346 eius,
2163 3312 2224 3355 qui
2243 3304 2346 3354 pater

1273 3361 1286 3392 l
1336 3356 1533 3398 dicebatur,
1558 3355 1765 3400 suppositus
1789 3352 1989 3403 declaratus
2013 3353 2077 3384 est.
2121 3347 2190 3391 Qui
2211 3345 2346 3399 aliquid

1266 3401 1384 3437 sciens
1407 3401 1444 3436 in
1467 3400 1629 3436 fraudem
1651 3399 1730 3435 fisci
1753 3399 1923 3441 suscepit,
1953 3405 2025 3429 non
2048 3393 2161 3428 solum
2184 3401 2275 3434 rem,
2306 3400 2344 3425 in

115 3516 155 3555 (1)
180 3513 277 3547 estF
350 3515 394 3555 (2)
418 3516 626 3558 requiruntur
639 3515 741 3548 talia.-
765 3514 948 3557 quaeritur,
959 3516 1075 3548 utrum
1086 3513 1196 3547 nihilo

1267 3515 1329 3554 (1ο)
1354 3513 1443 3556 suae]
1457 3513 1646 3547 ordinariae
1659 3511 1785 3544 Paulus
1868 3508 1923 3549 (11)
1946 3506 1998 3539 fisi
2015 3506 2049 3538 F
2129 3505 2187 3546 (12)
2211 3505 2241 3536 A
2252 3502 2327 3536 debi

115 3558 221 3601 magis
231 3556 432 3592 inhibendae
443 3559 511 3592 sint
519 3559 698 3602 petitiones
709 3559 912 3592 creditorum
926 3559 1137 3602 singulorum
1152 3569 1196 3592 an
1265 3561 1337 3591 tore
1352 3558 1425 3591 fisci
1444 3582 1454 3592 .
1463 3582 1472 3591 .
1483 3582 1491 3590 .
1510 3557 1647 3601 placuit.
1671 3565 1749 3587 sane
1760 3554 1869 3596 ipsum
1879 3552 1928 3584 ita
1939 3561 2055 3591 emere,
2070 3552 2109 3582 ut
2119 3548 2342 3588 manumittat,

114 3603 169 3636 ius
187 3602 259 3636 fisci
275 3604 355 3637 ante
373 3604 607 3637 excutiendum
624 3605 669 3637 sit
684 3606 718 3638 et
729 3604 941 3638 sustinendae
953 3605 1098 3638 actiones
1110 3606 1196 3638 oete-
1264 3605 1324 3636 aut
1334 3603 1617 3636 fideicommissam
1628 3600 1814 3633 libertatem
1825 3598 1991 3641 praestare
2005 3596 2160 3638 (praestet
2172 3594 2257 3634 cod.)
2274 3603 2342 3625 non

115 3658 229 3681 rorum
353 3648 396 3690 (3)
419 3648 622 3682 tributorum
641 3662 702 3682 scr.

116 3694 161 3735 (5)
184 3692 244 3735 qui
260 3693 295 3726 F
389 3694 434 3736 (6)
459 3696 610 3737 oportere
629 3694 664 3726 F

117 3739 165 3771 ad
177 3742 193 3778 5
208 3745 225 3772 3
238 3739 337 3781 efisr.
350 3739 390 3772 de
402 3740 559 3781 iurefisci
570 3743 587 3779 5
603 3747 636 3774 19

830 3651 873 3692 (4)
896 3652 1011 3694 postea
1027 3650 1115 3683 bona
1132 3661 1195 3682 scr.

759 3695 803 3737 (7)
832 3699 848 3734 5
864 3702 881 3728 2
893 3711 938 3725 ==
950 3694 1048 3729 Paul.
1062 3697 1093 3735 5,
1106 3701 1149 3734 12.
1163 3701 1195 3731 1:

706 3741 752 3783 (e)
770 3740 909 3784 ponitur
920 3741 955 3773 F
1016 3741 1063 3783 (9)
1082 3739 1130 3782 id]
1143 3739 1156 3771 i
1167 3738 1202 3771 F

1265 3650 1314 3681 est
1323 3648 1532 3691 prohibitum
1544 3647 1598 3681 Fr.
1612 3647 1651 3678 de
1663 3646 1731 3678 iure
1741 3644 1825 3684 fisci
1891 3642 1952 3683 (13)
1975 3650 2018 3673 ne
2029 3652 2088 3673 om.
2100 3638 2136 3672 F
2197 3638 2256 3680 (14)
2280 3637 2342 3670 mi-

1265 3703 1329 3726 nus
1339 3692 1459 3728 idoneo
1472 3692 1552 3737 (sint
1564 3692 1596 3725 et
1609 3690 1683 3731 del.)
1697 3699 1760 3722 scr.
1853 3687 1912 3728 (15)
1938 3684 2109 3717 transferri
2124 3683 2174 3716 ΙΝ
