2528 3918
164 108 454 153 XXXX4.5

164 229 405 286 :saepiam-ra*
426 228 537 284 Zfil‘ag
562 231 641 265 ἐπεὶ
663 228 832 274 ἔφθασαν
875 228 1075 295 εννφζῆναι
1096 226 1186 273 μετὰ
1208 226 1252 262 τὸ

166 272 1253 370 ,ἷηὲἔὲῗῖἶηαῖἓῖἲἔι”ἔὲθὲἑει“ἳὲ1ἕῖ“ἑῖῑεείοὲἓξ’ἓαέἑ“έ

167 376 254 403 suae
277 368 421 406 natum,
452 365 567 410 possit
595 363 653 400 his
681 364 798 400 verbis
822 363 1026 400 testamenti
1054 363 1255 398 hbertatem

168 410 349 456 consequi.
395 409 581 462 respondit
608 419 682 445 non
711 412 877 454 oportere
908 407 1082 444 eiusmodi
1111 407 1254 443 consul—

167 456 338 492 tationem
360 454 618 500 praeiudicium
636 464 779 500 parare.

214 499 264 539 61
278 501 294 523 ³
317 499 546 536 Poupomvs
565 499 657 536 libro
680 500 867 566 ntideo-imo
892 497 1127 564 epistula-um
1174 496 1255 533 Scio

168 544 699 635 iristitiam&
726 552 1256 640 iassffenzir'zcztmusszftffi

169 636 325 671 ‘Stichus
350 645 431 671 cum
454 638 663 677 moreretur,
687 634 777 669 liber
800 634 902 669 esto‘.
949 632 1013 669 sed
1037 636 1074 668 et
1095 631 1257 668 Iulianus

168 681 220 716 ait
248 680 469 723 libertatem,
501 690 593 725 quae
623 680 660 715 in
691 680 854 714 ultimum
885 678 979 713 vitae
1008 682 1148 723 tempus
1172 688 1257 713 con—

170 726 323 768 feratur,
358 724 490 761 nullius
521 724 690 761 momenti
719 734 814 767 esse,
850 734 931 759 cum
963 726 1117 759 testator
1147 722 1259 768 impe-

170 770 319 806 diendae
360 770 471 815 magis
515 780 623 822 quam
663 769 802 821 dandae
843 768 1019 819 libertatis
1058 766 1175 820 gratia
1206 768 1260 819 ita

169 815 357 861 scripsisse
379 814 606 860 intellegitur.
654 819 691 850 et
712 814 791 850 ideo
817 814 924 850 etiam
948 813 980 849 si
1000 813 1053 849 ita
1076 817 1123 848 sit
1146 823 1258 858 scrip-

169 865 263 896 tum:
296 859 452 896 ‘Stichus
476 860 508 896 si
531 860 568 895 in
594 859 644 894 Ca
670 859 809 894 itolium
832 870 905 895 non
929 858 1145 901 ascenderit,
1169 858 1260 893 liber

171 906 283 948 ‘esto’‚
307 905 440 941 nullius
464 905 633 941 momenti
682 915 725 939 oc
750 914 848 947 esse,
881 904 912 940 si
942 907 1093 949 apparet
1114 903 1153 938 in
1175 903 1259 938 ulti-

170 961 266 986 mum
299 950 394 986 vitae
428 953 570 995 tempus
612 949 768 985 conferri
809 949 1011 985 libertatem
1051 951 1260 984 testatorem

174 1000 186 1030 1
238 995 412 1038 voluisse,
444 1005 512 1031 nec
535 994 726 1030 Mucianae
751 995 909 1030 cautioni
930 994 1051 1030 locum
1073 1004 1164 1029 esse.
1211 993 1261 1028 Et

170 1040 203 1077 si
224 1040 277 1076 ita
298 1041 336 1075 in
357 1043 571 1076 testamento
595 1039 769 1085 scriptum
792 1039 902 1075 fuerit
925 1039 1080 1075 ‘Stichus
1093 1065 1102 1081 ,
1137 1039 1168 1074 si
1192 1038 1259 1074 Ca-

170 1096 279 1131 puam
294 1085 388 1127 ierit,
414 1085 515 1121 ‘liber
533 1085 634 1127 esto',
659 1084 765 1120 aliter
779 1085 931 1120 liberum
947 1094 1020 1119 non
1040 1094 1130 1126 esse,
1155 1094 1261 1128 quam

171 1135 191 1165 2
240 1131 271 1166 si
295 1130 456 1176 Capuam
484 1130 576 1165 ierit.
623 1130 702 1165 Hoc
726 1139 783 1165 am
810 1130 879 1165 lius
904 1129 1105 1165 Octavenus
1129 1128 1260 1169 aiebat,

171 1175 202 1211 si
225 1175 304 1221 quis
327 1175 366 1210 in
388 1178 601 1211 testamento
628 1175 695 1210 sub
719 1185 790 1219 qua
807 1175 879 1210 'bet
914 1174 1125 1210 condicione
1153 1173 1260 1209 liber-

171 1224 246 1257 tate
269 1231 369 1256 servo
395 1219 481 1256 data
502 1220 555 1255 ita
575 1219 780 1265 scripsisset
803 1223 898 1255 ‘ante
918 1218 1162 1255 condicionem
1178 1219 1261 1254 nolo

171 1270 266 1347 Ledam
300 1266 347 1301 ab
381 1264 537 1301 herede⁶
569 1265 722 1301 liberum
755 1264 857 1309 fieri’,
892 1264 984 1300 nihil
1017 1264 1134 1300 valere
1169 1264 1263 1299 hanc

254 1310 418 1347 ctionem.

686 1443 760 1485 V⁷.

264 1514 328 1547 DE
351 1511 806 1547 FIDEICOMMISSARIIS
828 1510 1172 1545 LIBERTATIBUS.

221 1578 240 1617 1
275 1578 472 1615 Uimivvs
497 1578 589 1615 libro
622 1581 754 1625 quarto
778 1577 916 1613 decimo
948 1577 998 1613 ad
1027 1577 1181 1614 edictum
1228 1577 1265 1613 Si

173 1624 318 1671 quidam
350 1634 397 1660 ex
429 1624 502 1668 his,
539 1624 600 1669 qui
631 1622 940 1659 fideicommissam
972 1623 1175 1658 libertatem
1204 1622 1263 1658 de·

172 1671 300 1712 beant,
337 1672 546 1715 praesentes
578 1668 666 1711 sint,
700 1668 761 1703 alii
791 1678 835 1703 ex
864 1668 961 1704 iusta
993 1678 1104 1704 causa
1135 1668 1265 1710 absint,

174 1715 239 1751 alii
260 1714 419 1757 latitent,
452 1713 601 1759 perinde
623 1714 655 1750 is
685 1714 744 1749 cui
766 1713 1097 1749 fideicommissaria
1118 1713 1266 1749 libertas

173 1760 302 1796 relicta
325 1763 381 1796 est
403 1759 495 1795 liber
517 1759 602 1803 erit,
635 1762 744 1804 atque
775 1758 808 1795 si
838 1758 924 1803 soli,
956 1759 1018 1803 qui
1041 1758 1208 1794 adessent
1231 1762 1268 1794 et

174 1805 237 1851 qui
260 1815 305 1840 ex
327 1805 425 1840 iusta
448 1815 560 1840 causa
578 1805 758 1847 abessent,
782 1803 897 1849 rogati
914 1807 1049 1839 essent:
1074 1814 1159 1849 pars
1183 1814 1266 1849 ergo

173 1849 349 1886 latitantis
372 1850 428 1885 liis
451 1849 605 1895 proficit.

219 1893 271 1933 2⁸
301 1895 409 1931 Imm
434 1895 525 1931 libro
548 1895 800 1940 seoeaqensimo
833 1893 883 1930 ad
905 1894 1060 1930 edictum
1116 1893 1155 1929 Si
1187 1894 1266 1939 quis

173 1941 365 1977 intestatus
395 1939 571 1976 decedens
604 1939 774 1975 codicillis
812 1938 910 1974 dedit
939 1939 1124 1974 libertates
1152 1949 1267 1983 neque

174 1986 274 2022 adita
305 1985 354 2021 sit
376 1985 422 2020 ab
447 1985 618 2021 intestato
647 1984 844 2027 hereditas,
876 1984 979 2020 favor
1002 1984 1267 2020 constitutionis

175 2031 246 2067 divi
267 2030 384 2067 Marci
415 2030 522 2066 debet
551 2030 671 2066 locum
699 2029 834 2065 habere
871 2033 908 2064 et
937 2029 1007 2064 hoc
1037 2039 1142 2072 casu,
1177 2040 1269 2075 quae

174 2076 275 2112 iubet
305 2076 506 2111 libertatem
535 2079 738 2120 competere
769 2085 871 2110 servo
895 2079 932 2110 et
954 2075 1052 2110 bona
1082 2074 1116 2110 ei
1139 2075 1267 2117 addici,

175 2122 208 2158 si
229 2121 357 2156 idonee
381 2120 619 2156 creditoribus
643 2119 778 2155 caverit
801 2120 845 2156 de
869 2119 995 2162 solido,
1020 2119 1116 2164 quod
1141 2120 1268 2166 cuique

175 2166 336 2209 debetur,
361 2165 548 2201 solvendo:

222 2208 247 2250 3
271 2210 379 2246 IDEM
407 2211 499 2246 libro
522 2210 776 2257 seaeaqensimo
826 2210 928 2245 uinco
951 2209 1002 2244 ad
1031 2209 1185 2245 edictum
1231 2210 1269 2245 in

176 2265 281 2302 quem
317 2256 424 2291 etiam
461 2255 567 2291 utiles
598 2254 759 2291 actiones
790 2267 814 2300 p
829 2265 999 2300 erumque
1031 2254 1269 2291 creditoribus

177 2304 420 2398 ὓοΐξθῗῗιιὶιὲᾗ
459 2345 550 2382 libro
586 2345 841 2397 seoeaqcnsimo
877 2344 927 2397 qd
959 2344 1114 2380 edictum
1170 2344 1268 2389 Ergo

177 2391 347 2437 quamdiu
384 2393 560 2426 incertum
591 2393 654 2432 sit,
691 2393 810 2425 utrum
841 2392 972 2425 existat
1005 2399 1193 2425 successor
1223 2401 1270 2425 an

177 2435 463 2517 ¹1¹⁰¹¹1³1tss⁶⁸22¹1²1³2
493 2434 846 2517 {ffiffitzusffi
869 2438 1007 2515 3⁵33?
1034 2444 1126 2515 ἕῗῖῐ
1142 2445 1270 2516 ἝΡΞ

176 2507 352 2571 integrum
375 2525 516 2562 restitui
538 2529 659 2578 potest
681 2525 895 2561 abstinuerit
917 2535 956 2561 se
975 2491 1186 2576 hereditatis,
1211 2536 1269 2569 an,

179 2571 348 2617 quamdiu
385 2574 505 2616 potest
539 2582 577 2606 in
613 2571 791 2616 integrum
829 2570 987 2613 restitui,
1029 2571 1270 2606 einstimamus

180 2615 473 2653 constitutionem
497 2626 653 2657 cessare,
687 2616 771 2661 quia
802 2626 875 2651 non
905 2619 961 2651 est
985 2619 1122 2651 certum
1145 2616 1191 2651 ab
1214 2616 1266 2651 in-

178 2665 312 2698 testato
355 2661 530 2697 neminem
570 2670 816 2697 successorem
849 2662 1016 2696 exstare?
1060 2664 1116 2696 est
1149 2664 1270 2696 tamen

179 2711 199 2742 2
246 2706 364 2742 verius
405 2706 662 2742 admittendam
700 2706 999 2742 constitutionem.
1048 2705 1141 2750 Quid
1172 2716 1284 2751 ergo„

180 2752 211 2788 si
227 2755 310 2797 post
325 2750 562 2804 addictionem
581 2751 799 2803 libertatium
816 2750 1140 2787 conservandarum
1161 2761 1269 2788 causa

179 2796 314 2832 factam
344 2807 383 2831 in
412 2800 589 2842 integrum
618 2800 665 2832 sit
695 2796 908 2833 restitutus?
947 2796 1071 2841 utique
1102 2807 1174 2832 non
1203 2796 1270 2832 erit

180 2841 370 2907 flioendmfl
402 2841 562 2877 revocari
577 2841 788 2893 libertates,
824 2852 916 2887 quae
939 2841 1048 2877 semel
1077 2842 1267 2887 competie-

181 2891 354 2983 debletiliffiff
374 2886 914 2983 :qu-illllilgert'dtgeeiffimggceplardlnnt
941 2890 1270 2985 ἓέῗὲἓξὲιῗιῖῃῗεὲῗ

181 2975 1268 3067 ἓωωὶῖῗιῗὲᾦὲὲεθὲἰῗὲᾛὶεὲἓὲἷέἒῗοΡὸῗῶἒῖὛίῗ(1Ἕί

181 3066 263 3119 dam
287 3069 495 3117 praesentes
519 3066 600 3107 sint,
626 3067 769 3111 quidam
789 3067 982 3120 absentes?
1005 3067 1038 3103 vi
1065 3048 1197 3111 ea’mus,
1222 3078 1269 3119 an

181 3116 287 3147 etiam
319 3110 526 3163 absentibus
560 3115 740 3165 competat
774 3112 934 3148 hbertas.
958 3157 966 3165 ⁵
982 3115 1019 3148 et
1047 3115 1169 3158 potest
1198 3112 1270 3148 dici

180 3156 343 3202 exemplo
361 3156 480 3209 aditae
496 3155 704 3209 hereditatis
724 3161 926 3211 competere
936 3157 1144 3211 ‘libertatem
1161 3157 1267 3210 etiam

183 3205 202 3236 5
249 3201 470 3237 absentibus.
517 3200 555 3237 Si
583 3211 626 3237 ex
658 3201 715 3237 die
738 3202 824 3238 data
851 3206 899 3238 sit
920 3202 1087 3245 libertas,
1122 3212 1170 3238 aii
1192 3202 1268 3238 dies

182 3246 444 3292 exspectandus
468 3245 539 3283 sit?
571 3250 608 3282 et
656 3250 717 3282 uto
747 3247 1040 3293 exspectandum:
1076 3251 1161 3282 ante
1183 3257 1268 3292 ergo

182 3302 255 3327 non
285 3291 508 3344 addicentur.
554 3290 615 3337 qui
633 3337 641 3344 ·
670 3291 815 3344 deinde,
853 3293 883 3328 si
896 3293 925 3315 ¹³
959 3293 1029 3329 sub
1060 3292 1268 3328 condicione

182 3336 268 3372 data
291 3336 338 3372 sit
359 3337 531 3374 libertas?
554 3340 590 3373 et
612 3347 644 3373 si
666 3337 806 3382 quidem
831 3338 972 3383 aliquae
995 3348 1102 3383 pure,
1126 3338 1268 3383 aliquae

182 3451 223 3491 (1)
246 3461 404 3493 νομισμα
416 3450 449 3482 F
513 3451 556 3492 (2)
582 3450 620 3484 id
629 3456 695 3485 cst.-
713 3449 850 3483 Eudoni
863 3450 935 3483 dai-i
947 3450 1024 3484 volo
1036 3460 1153 3483 aureos
1163 3450 1267 3493 mille,

182 3494 342 3536 quoniam
357 3496 471 3538 postea
486 3498 585 3528 natus
604 3496 654 3529 est
671 3505 772 3537 quam
790 3498 895 3527 mater
913 3496 985 3528 eius
1002 3495 1108 3529 libera
1119 3495 1207 3528 facta
1218 3497 1268 3528 est

184 3542 227 3580 (³)
251 3541 359 3583 adpr-
373 3541 414 3584 ej:
430 3540 450 3573 1.
465 3548 495 3574 11
504 3553 560 3584 pr.
574 3542 604 3574 Ιι.
618 3547 638 3574 t.
653 3548 683 3574 et
694 3540 738 3574 D.
752 3541 807 3582 40,
821 3547 848 3582 7,
861 3547 914 3581 ⁴,1
1005 3543 1048 3582 (4)
1073 3539 1223 3574 nolonte·
1238 3541 1273 3574 F

184 3587 227 3626 (5)
250 3584 303 3618 sui
318 3586 379 3619 dcl.
394 3584 448 3618 F²
538 3587 583 3627 (s)
607 3586 686 3619 here
696 3586 731 3618 F

229 3631 273 3671 (τ)
298 3630 363 3663 Ed.
377 3636 476 3670 i...1s;
499 3630 725 3675 App-1¹1...2o;
750 3630 834 3673 Pap.
848 3637 964 3665 21...42.
978 3637 1031 3668 543
1051 3630 1132 3663 Sal».
1146 3635 1265 3665 ἥψω.

185 3681 231 3707 ss.
245 3681 292 3707 5⁶.
304 3693 349 3699 —
362 3675 446 3708 Βω.
458 3676 514 3717 48,
526 3682 554 3710 4.
566 3694 611 3700 -
627 3676 678 3720 Cf.
696 3676 773 3709 Cod.
787 3677 820 3717 7,
832 3682 849 3710 4
931 3676 977 3718 (s)
1001 3676 1042 3718 cst
1058 3674 1137 3709 lm.
1150 3676 1183 3717 3,
1195 3682 1235 3717 11,
1247 3682 1264 3708 ³

182 3719 229 3760 (ο)
253 3720 301 3753 ad
304 3732 359 3764 pr.
372 3739 417 3744 —
430 3725 447 3761 fi
463 3726 480 3755 2
493 3722 537 3766 qs.
549 3721 630 3756 Ime-
644 3722 676 3764 3,
689 3728 728 3764 11,
741 3728 809 3756 3...ο
889 3724 953 3764 (10)
977 3719 1142 3756 nemiuem
1153 3721 1267 3755 extare

1242 102 1325 150 620

1332 3720 1392 3764 (xi)
1416 3718 1499 3755 talu
1513 3722 1573 3757 iu.

1492 0 1495 18 ,,

1494 20 1563 79 ¹5

1554 80 1556 90 .

1552 95 1554 107 l

1878 115 1940 146 DE
1968 113 2405 148 Finmcomnssums

1321 226 1389 262 sub
1429 223 1656 268 condicione,
1693 226 1814 271 utique
1850 224 1967 261 addici
2005 224 2126 261 statim
2162 227 2343 271 posssunt:
2376 223 2409 259 si

1322 280 1444 307 omnes
1466 271 1534 307 sub
1557 270 1784 314 condicione,
1817 270 1901 315 quid
1924 279 2144 315 consequens
2167 269 2237 305 erit
2258 268 2375 305 dicere
2389 269 2408 304 ⁴?

1322 319 1444 351 utrum
1475 315 1771 369 exspectandum,
1806 320 1848 351 ut
1879 315 2041 351 condicio
2073 314 2221 356 existat,
2253 324 2300 349 an
2321 323 2407 350 vero

1323 360 1444 397 statim
1467 359 1674 403 addicimus,
1697 365 1784 396 tunc
1809 360 1950 396 demum
1974 360 2210 405 competitura
2230 358 2407 401 libertate,

1323 406 1355 442 si
1386 405 1560 441 exstiterit
1589 405 1775 442 condicio?
1814 405 1909 451 quod
1938 405 2049 450 magis
2082 405 2150 441 erit
2170 404 2407 450 probandum.

1325 450 1476 486 addictis
1505 450 1626 496 itaque
1657 450 1759 486 bonis
1789 450 1945 487 directae
1974 450 2157 486 libertates
2185 459 2275 495 pure
2304 449 2409 484 datae

1324 496 1446 531 statim
1470 498 1695 540 competunt,
1727 506 1771 531 ex
1792 496 1868 536 die,
1901 506 1982 531 cum
2005 495 2079 530 dies
2102 494 2254 538 venerit,
2287 493 2410 530 condi·

1326 541 1493 584 cionales‚
1518 551 1599 575 cum
1620 539 1779 576 condicio
1798 540 1973 577 extiterit:
1997 550 2064 576 nec
2084 540 2152 575 erit
2168 539 2213 575 ab
2231 550 2271 575 re
2290 539 2410 575 existi-

1325 595 1423 621 mare
1463 585 1570 621 etiam
1608 585 1784 630 pendente
1814 585 2022 621 condicione
2053 585 2288 627 libertatium,
2326 584 2411 619 licet

1327 640 1448 666 omnes
1480 630 1548 666 sub
1573 629 1781 666 condicione
1804 630 1910 666 datae
1933 630 2021 673 sint,
2047 629 2335 666 constitutionem
2357 629 2409 664 lo-

1327 686 1409 711 cum
1430 676 1580 711 habere:
1613 675 1676 710 ubi
1703 675 1797 711 enim
1818 675 1994 711 libertatis
2017 686 2099 721 spes
2122 678 2194 717 est,
2218 674 2268 710 ibi
2291 674 2411 710 dicen-

1327 720 1412 756 dum
1435 724 1490 756 est
1511 720 1567 756 vel
1584 719 1725 756 modica
1743 720 1828 756 data
1851 721 2052 764 occasione,
2076 719 2171 766 quod
2189 719 2266 756 sine
2283 719 2412 755 damno

1329 765 1546 801 creditorum
1574 764 1736 800 futurum
1772 770 1847 808 est,
1879 765 2118 802 addictionem
2147 764 2411 800 admittendam.

1328 815 1349 846 6
1396 810 1434 846 Si
1457 811 1524 846 sub
1549 810 1758 846 condicione
1780 810 1981 846 dandorum
2009 810 2131 846 decem
2157 810 2305 846 libertas
2330 809 2415 844 data

1328 856 1386 897 sit,
1411 855 1484 891 sive
1507 855 1630 891 heredi
1648 855 1734 891 dare
1757 856 1875 892 iussus
1899 856 1947 891 sit
1969 856 2029 901 qui
2052 855 2253 891 libertatem
2276 864 2361 890 acce
2387 853 2415 889 it

1330 901 1403 936 sive
1425 911 1498 936 non
1522 900 1570 936 sit
1592 900 1726 936 dictum
1751 902 1819 944 cui,
1844 911 1891 936 an
1915 900 2034 936 dando
2058 901 2091 936 ei
2115 900 2173 936 cui
2196 901 2292 936 bona
2314 865 2415 935 addi-

1331 945 1482 981 cenda¹⁴
1506 949 1591 982 sunt
1613 947 1797 991 perveniat
1819 946 1866 982 ad
1889 946 2107 989 libertatem,
2131 945 2253 991 quaeri
2275 948 2413 991 potest:

1329 995 1366 1027 et
1387 991 1501 1036 magis
1525 994 1598 1034 est,
1631 995 1672 1026 ut
1703 992 1735 1026 ei
1767 991 1852 1026 dare
1884 991 2030 1033 debeat,
2062 990 2120 1026 cui
2149 991 2244 1026 bona
2273 989 2417 1026 addicta

1330 1036 1420 1079 sint,
1454 1036 1556 1080 quasi
1578 1036 1754 1072 translata
1778 1036 1938 1071 condicio
1963 1036 2135 1071 videatur.
2183 1039 2279 1071 certe
2302 1034 2334 1071 si
2356 1033 2417 1069 alii

1331 1091 1438 1126 quam
1460 1081 1583 1116 heredi
1606 1081 1691 1117 dare
1713 1082 1833 1117 iussus
1858 1081 1921 1125 sit,
1961 1081 2046 1126 ipsi,
2083 1080 2142 1116 cui
2162 1080 2321 1116 iussus¹⁵
2349 1083 2415 1123 est,

1331 1131 1348 1161 7
1399 1126 1511 1161 dabit.
1568 1125 1606 1162 Si
1640 1126 1702 1172 qui
1735 1126 2044 1162 fideicommissam
2078 1125 2279 1162 libertatem
2313 1135 2416 1160 acce-

1330 1171 1954 1253 {eedmffl’essssssfflffluffsseffffffi
1969 1170 2312 1261 ἒὲεἶῖῃῖῗὲηξὲἓῇ
2321 1173 2418 1250 811ἳὲ

2314 1242 2324 1259 2

1332 1266 1388 1298 est
1410 1261 1681 1297 manumittendi
1704 1265 1790 1298 sunt
1812 1262 1858 1297 ab
1881 1272 1935 1304 eo,
1960 1261 2018 1297 cui
2040 1261 2185 1296 addicta
2203 1261 2300 1297 bona
2322 1263 2408 1296 sunt

1333 1310 1353 1342 8
1400 1306 1529 1342 Addici
1559 1307 1611 1342 ita
1641 1306 1782 1342 demum
1813 1307 1910 1343 bona
1931 1307 2058 1350 voluit,
2094 1306 2126 1342 si
2154 1306 2282 1342 idonee
2305 1305 2419 1341 credi-

1330 1352 1469 1388 toribus
1490 1355 1635 1387 cautum
1654 1352 1763 1388 fuerit
1781 1352 1826 1387 de
1849 1352 1974 1394 solido,
2022 1351 2094 1387 uod
2114 1351 2241 1396 cuique
2258 1350 2418 1387 debetur.

1333 1407 1417 1442 ergo
1450 1397 1644 1433 cavendum
1675 1402 1731 1433 est
1761 1397 1898 1433 idonee.
1970 1397 2007 1432 ui
2054 1399 2110 1433 est
2132 1396 2282 1432 idonee?
2313 1395 2413 1432 satis-

1334 1442 1418 1479 dato
1449 1442 1574 1487 utique
1605 1446 1670 1478 aut
1701 1442 1908 1488 pignoribus
1962 1443 2041 1478 atis.
2088 1441 2153 1478 sed
2175 1442 2207 1478 si
2229 1441 2303 1477 ei²⁶
2330 1440 2419 1476 fides

1333 1487 1458 1524 habita
1484 1487 1594 1523 fuerit
1649 1488 1844 1523 romittenti
1857 1489 1882 1510 ¹⁷
1915 1487 1992 1523 sine
2020 1487 2262 1530 satisdatione,
2293 1485 2420 1522 idonee

1335 1536 1355 1568 9
1404 1535 1550 1568 cautum
1581 1532 1615 1567 vi
1641 1533 1769 1568 ebitur.
1817 1532 2061 1568 Creditoribus
2097 1532 2215 1568 caveri
2251 1530 2420 1577 quemad-

1336 1577 1479 1613 modum
1496 1578 1610 1622 debet,
1636 1581 1755 1613 utrum
1773 1578 1921 1623 singulis
1941 1588 1988 1613 an
2006 1588 2091 1613 vero
2112 1577 2267 1613 omnium
2279 1576 2421 1612 nomine

1334 1623 1397 1658 uni
1414 1623 1460 1658 ab
1480 1622 1567 1668 ipsis
1586 1623 1732 1659 creato?
1756 1627 1792 1659 et
1808 1627 1951 1669 oportet
1967 1622 2086 1658 officio
2107 1622 2234 1658 iudicis
2254 1621 2422 1658 constitui

1336 1667 1525 1704 convenire
1556 1667 1752 1704 creditores
1783 1678 1963 1713 unumque
1995 1678 2136 1710 creare,
2172 1668 2230 1703 cui
2254 1670 2422 1703 caveatur

1339 1717 1379 1748 10
1427 1713 1583 1748 omnium
1614 1714 1766 1749 nomine.
1814 1713 1908 1749 Illud
1945 1713 2154 1748 videndum:
2189 1716 2273 1748 ante
2304 1711 2422 1747 caveri

1336 1757 1443 1794 debet
1473 1758 1710 1794 creditoribus
1742 1762 1779 1794 et
1807 1758 1860 1794 sic
1884 1758 2002 1794 addici
2023 1758 2135 1801 bona,
2171 1768 2219 1793 an
2247 1767 2330 1793 vero
2354 1757 2422 1792 sub

1337 1803 1546 1839 condicione
1578 1804 1669 1839 haec
1699 1807 1783 1839 sunt
1813 1803 2028 1847 addicenda,
2064 1803 2094 1839 si
2122 1802 2230 1838 fuerit
2253 1802 2422 1839 cautum?

1337 1852 1374 1885 et
1400 1852 1488 1894 puto
1521 1848 1573 1884 sic
1603 1849 1973 1894 comprehendendum
1997 1848 2139 1884 decreto
2171 1849 2214 1884 ‘si
2237 1847 2356 1884 omnia
2378 1857 2423 1883 ex

1340 1897 1378 1929 11
1429 1894 1697 1929 ‘constitutione
1722 1894 1791 1929 divi
1802 1894 1918 1930 Marci
1941 1893 2040 1930 facta
2063 1893 2158 1929 sint’.
2205 1893 2271 1929 ‘De
2295 1892 2421 1929 solido'

1336 1938 1460 1984 utique
1495 1939 1547 1974 sic
1579 1939 1795 1992 accipiemus
1833 1939 1887 1975 ‘de
1918 1944 2012 1974 sorte
2044 1943 2080 1974 et
2115 1939 2234 1975 usuris
2271 1938 2421 1974 debitis'.

1340 1987 1379 2019 12
1426 1983 1484 2028 Hi,
1506 1984 1567 2029 qui
1586 1984 1633 2019 ad
1650 1985 1851 2020 hbertatem
1868 1988 2116 2030 pervenerunt,
2137 1995 2288 2037 quorum
2304 1983 2424 2019 liberti

1336 2029 1443 2072 fiant,
1481 2029 1688 2065 constitutio
1721 2029 1895 2072 ostendit,
1927 2031 2009 2065 ut¹⁸
2061 2030 2099 2065 ui
2122 2029 2293 2065 directam
2315 2028 2423 2064 liber-

1336 2078 1465 2116 tatem,
1499 2075 1613 2110 orcini
1642 2079 1747 2110 erunt
1774 2075 1912 2119 liberti,
1944 2075 2013 2111 nisi
2059 2079 2137 2111 orte
2167 2075 2198 2111 is
2222 2075 2283 2120 qui
2305 2073 2424 2110 addici

1337 2119 1406 2155 sibi
1430 2120 1526 2155 bona
1549 2119 1728 2156 desiderat
1748 2120 1801 2156 ita
1823 2120 1909 2156 velit
1931 2120 2064 2163 addici,
2088 2123 2130 2155 ut
2152 2120 2258 2156 etiam
2279 2119 2333 2162 hi,
2363 2118 2424 2164 qui

1338 2164 1510 2200 directam
1540 2165 1742 2201 libertatem
1771 2169 2003 2212 acceperunt,
2037 2165 2050 2200 i
2077 2166 2152 2202 sius
2182 2165 2301 2201 liberti
2322 2164 2422 2200 fiant.

1344 2213 1381 2244 13
1429 2210 1498 2255 Qui
1532 2214 1652 2246 autem
1685 2211 1810 2246 volunt
1820 2211 1848 2232 ¹⁹
1880 2211 1993 2256 ipsius
2023 2210 2048 2246 li
2075 2210 2143 2246 erti
2172 2210 2268 2252 fieri,
2303 2214 2423 2245 utrum

1337 2255 1609 2291 manumittendi
1628 2256 1700 2291 sint
1722 2256 1769 2292 ab
1793 2266 1835 2292 eo
1858 2266 1906 2291 an
1923 2266 2006 2292 vero
2030 2256 2110 2302 ipsa
2132 2255 2335 2291 addictione
2354 2255 2423 2290 hoc

1339 2310 1416 2335 com
1443 2300 1709 2336 rehendendum
1740 2301 1809 2337 hac
1841 2301 2050 2337 condicione
2081 2301 2148 2336 sibi
2176 2300 2294 2336 addici
2316 2301 2423 2342 bona,

1339 2349 1380 2380 ut
1442 2346 1449 2352 ”
1491 2345 1617 2387 etiam,
1654 2347 1715 2391 qui
1751 2346 1923 2382 directam
1959 2346 2160 2382 libertatem
2196 2349 2423 2392 acceperunt,

1339 2390 1451 2436 ipsius
1475 2390 1565 2425 fiant
1586 2390 1729 2427 liberti?
1753 2394 1788 2426 et
1810 2395 1898 2437 puto
1921 2392 1991 2427 hoc
2014 2401 2093 2427 esse
2114 2391 2359 2436 probandum,
2384 2394 2423 2425 ut

1338 2435 1418 2480 ipsa
1455 2435 1658 2471 addictione
1694 2436 1763 2472 hoc
1800 2436 2135 2482 comprehendatur:
2172 2436 2279 2481 idque
2314 2436 2424 2471 verba

1342 2483 1382 2515 14
1429 2491 1570 2525 quoque
1615 2481 1877 2517 constitutionis
1919 2481 2121 2517 admittunt.
2175 2482 2263 2517 Cum
2303 2485 2423 2517 autem

1338 2536 1461 2562 servus
1490 2526 1693 2562 libertatem
1720 2530 1849 2563 nactus
1880 2530 1953 2569 est,
1986 2527 2110 2572 utique
2139 2526 2246 2562 etiam
2275 2527 2423 2562 tutelam

1343 2574 1382 2605 15
1429 2571 1506 2606 eius
1525 2571 1673 2607 habebit
1691 2572 1723 2607 is
1743 2572 1802 2609 cui
1821 2572 1916 2607 bona
1934 2571 2080 2607 addicta
2101 2576 2195 2608 sunt.
2234 2571 2271 2607 Si
2289 2572 2423 2607 alienos

1338 2626 1460 2651 servos
1483 2621 1670 2660 rogaverat
1698 2615 1864 2653 heredem
1895 2618 2159 2660 manumittere,
2192 2620 2312 2652 utrum
2335 2617 2422 2652 dici-

1338 2671 1417 2696 mus
1448 2662 1740 2698 constitutionem
1768 2662 1887 2698 locum
1916 2663 2050 2698 habere
2084 2672 2131 2697 aii
2160 2672 2244 2698 vero
2268 2662 2423 2698 cessabit

1338 2706 1570 2742 constitutio?
1594 2708 1777 2752 magisque
1794 2711 1860 2749 est,
1884 2711 1924 2743 ut
1938 2708 2040 2743 locus
2056 2707 2105 2743 sit
2121 2707 2421 2744 constitutioni²0z

1337 2751 1490 2787 addictis
1513 2752 1607 2787 enim
1630 2752 1734 2788 bonis
1757 2753 1928 2788 redimere
1959 2756 1994 2788 et
2016 2756 2200 2798 praestare
2221 2752 2422 2788 libertatem

1344 2800 1384 2833 16
1431 2797 1569 2842 cogitur
1592 2808 1615 2832 a
1637 2801 1814 2843 praetore.
1849 2798 1888 2834 Si
1910 2809 1981 2834 non
2007 2798 2121 2840 lieres,
2145 2797 2208 2834 sed
2230 2798 2422 2843 legatarius

1337 2845 1485 2886 rogatus
1513 2841 1622 2878 fuerit
1655 2843 1923 2885 manumittere,
1955 2843 2127 2888 numquid
2150 2846 2266 2879 cesset
2289 2843 2421 2879 consti-

1338 2887 1446 2929 tutio,
1502 2887 1576 2923 uod
1598 2888 1725 2932 legatis
1748 2899 1821 2924 non
1844 2888 1974 2924 debitis
1999 2898 2065 2923 nec
2087 2888 2271 2924 libertates
2280 2889 2309 2909 ²¹
2338 2899 2421 2942 pos-

1337 2936 1420 2985 sunt
1438 2898 1584 2968 deberi?
1597 2933 1718 2984 ‘magis
1744 2943 1789 2968 ue
1806 2938 1870 2977 est,
1888 2937 1930 2969 ut
1947 2933 2041 2969 idem
2056 2933 2159 2969 favor
2174 2934 2237 2969 sit:
2258 2933 2421 2969 ominbus

1337 2987 1430 3013 enun
1452 2977 1662 3022 generaliter
1684 2989 1727 3013 vo
1743 2978 1796 3013 uit
1816 2979 2015 3014 libertatem
2034 2982 2218 3024 praestare
2227 2979 2270 3022 ²²,
2317 2978 2421 3014 uibus

1342 3025 1379 3057 17
1429 3025 1663 3074 competeret,
1695 3023 1726 3058 si
1756 3023 1935 3059 hereditas
1969 3023 2067 3059 adita
2099 3023 2238 3059 fuisset.
2319 3023 2421 3059 adem

1338 3068 1544 3103 constitutio
1573 3068 1775 3113 prospexit,
1812 3072 1867 3111 ut,
1899 3069 1930 3104 si
1958 3068 2068 3104 fiscus
2105 3069 2201 3104 bona
2229 3068 2420 3112 admiserit,

1338 3112 1664 3203 {tissime
1684 3117 2038 3204 εἵὲἲΡὲαἛζζὲἔο
2063 3113 2296 3195 Jssiifiitffl‘
2303 3114 2422 3195 13’0‘113

1337 3202 1458 3238 habet.
1506 3206 1664 3238 ceterum
1692 3204 1723 3239 si
1754 3204 1826 3239 alia
1856 3204 1995 3240 ratione
2011 3185 2237 3248 ’adgnoscam
2270 3214 2318 3250 ap
2343 3207 2422 3240 aret

1338 3257 1481 3300 cessare
1512 3246 1642 3284 debere
1671 3248 1976 3285 constitutionem:
2008 3259 2119 3294 quare
2148 3253 2184 3285 et
2214 3249 2245 3285 si
2343 3249 2420 3285 ucis

1336 3292 1484 3337 legionis
1525 3292 1621 3327 bona
1661 3293 1780 3329 delata
1819 3294 1908 3336 sint,
1949 3293 2044 3329 idem
2083 3293 2151 3330 erit
2184 3294 2418 3340 probandum.

1340 3339 1382 3374 18
1427 3337 1516 3373 Item
1539 3338 1571 3373 si
1594 3338 1710 3374 minor
1732 3339 1853 3384 viginti
1876 3339 1979 3375 annis
2003 3338 2101 3374 dedit
2122 3339 2334 3383 libertatem,
2366 3339 2419 3374 di-

1335 3451 1395 3484 tm.
1411 3450 1491 3484 Just.
1505 3463 1575 3485 cum
1589 3452 1625 3485 B
1694 3454 1748 3493 (11)
1773 3453 2003 3495 oompeterunt
2014 3454 2048 3485 F
2056 3453 2078 3495 ¹,
2093 3453 2357 3497 competiverunt
2368 3453 2419 3488 F*

1336 3496 1393 3537 (η)
1417 3494 1559 3529 debeant
1570 3497 1622 3529 F²
1687 3498 1745 3539 (1³)
1769 3497 1816 3530 sio
1827 3497 1862 3530 F
1921 3499 1980 3540 (14)
2003 3497 2136 3532 addicta
2145 3510 2209 3532 scr.
2276 3500 2335 3541 (is)
2359 3509 2419 3533 ou·

1334 3540 1388 3573 ius
1398 3540 1464 3581 ΙΝ,
1482 3541 1538 3573 oui
1550 3551 1630 3574 usus
1641 3540 1694 3575 F·
1790 3542 1852 3583 (is)
1874 3541 1932 3575 sed
1943 3545 1977 3576 et
1989 3543 2017 3575 si
2029 3555 2091 3577 scr.
2196 3544 2256 3587 (1⁶1)
2278 3544 2418 3587 promit-

1333 3584 1428 3618 tendi
1438 3586 1475 3619 F
1557 3590 1618 3629 (¹8)
1642 3587 1702 3629 qui
1719 3586 2000 3620 fideicommissam
2016 3588 2204 3622 libertatem
2218 3590 2419 3632 acceperunt

1332 3629 1375 3663 ab
1397 3639 1437 3664 eo
1460 3630 1517 3663 oui
1539 3631 1627 3665 bona
1643 3631 1776 3665 addicta
1793 3634 1875 3665 sunt
1891 3633 2190 3667 manumittantur:
2213 3636 2331 3668 contra
2353 3636 2415 3668 ine.

1333 3677 1394 3716 (ιο)
1417 3674 1548 3720 volunt]
1559 3675 1692 3711 volente
1702 3686 1741 3710 οο
1753 3675 1922 3710 debebunt
1932 3690 1993 3711 ser.
2048 3679 2111 3721 (20)
2136 3678 2372 3713 constitutione
2384 3679 2419 3714 1?

1666 3722 1728 3765 (22)
1751 3723 1915 3764 praestari
1926 3735 1988 3758 scr.
