2528 3918
205 130 354 178 msr.
383 130 418 189 1,
449 132 617 177 20—24

1795 144 1857 177 DE
1885 144 2196 179 aucmentum
2223 146 2436 181 'I'U'I'OBUM

208 259 230 292 ⁶
324 255 553 301 ¹·1mpuberes
577 257 695 290 autem
718 253 754 289 in
777 254 892 290 tutela
914 264 993 291 esse
1026 253 1180 290 naturali
1207 253 1286 289 iure
1354 229 1528 290 excusant
1559 257 1595 290 et
1618 263 1708 292 onus
1733 255 2035 293 administrandae
2047 257 2077 279 ¹⁸
2097 258 2231 295 tutelae
2254 257 2438 306 deponunt

208 301 430 337 'conveniens
454 303 524 340 est,
554 302 594 335 ut
621 299 653 334 is
681 299 741 340 aui
763 298 946 342 perfectae
975 300 1104 335 aetatis
1136 309 1209 334 non
1240 299 1287 334 sit

209 344 228 378 ¹1
275 342 431 378 'alterius
455 343 568 378 tutela
591 342 760 387 regatur:
795 341 885 378 Cum
906 342 1040 389 igitur²
1063 343 1289 390 ’pupillorum

209 386 506 468 &illarumque
525 388 664 423 tutores
688 387 832 432 negotia
847 392 987 434 gerunt,
1010 392 1094 434 post
1117 389 1287 434 puberta-

312 432 448 468 tutelae
470 431 603 468 iudicio
627 433 803 470 rationem
826 433 980 470 reddunt
990 435 1036 470 ’κ’

685 525 775 565 XXI
787 524 800 545 ³

419 590 480 623 DE
505 590 818 625 AUCTORITATE
842 591 1070 625 TUTORUM.

250 645 456 682 Auctoritas
480 648 598 681 autem
621 646 750 682 tutoris
773 646 810 682 in
857 646 1046 682 uibusdam
1075 646 1194 683 causis
1225 657 1285 682 ne-

206 691 361 728 cessaria
383 690 527 735 pupillis
551 695 623 733 est,
651 691 688 727 in
714 692 841 735 quibus
868 702 924 727 am
949 702 1020 727 non
1045 695 1100 727 est
1122 702 1286 728 necessa-

204 739 268 773 ria.
314 740 356 773 ut
379 746 464 774 ecce
487 739 520 774 si
544 739 630 784 quid
653 738 732 774 dari
755 739 823 774 sibi
846 740 1064 783 stipulentur
1073 739 1110 781 ³¹,
1133 747 1206 774 non
1229 741 1286 774 est

205 782 408 819 necessaria
437 783 569 820 tutoris
598 784 813 820 auctoritas:
853 783 948 829 quod
985 782 1016 818 si
1047 782 1127 818 aliis
1158 783 1286 828 pupilli

206 827 428 872 promittant,
447 830 655 865 necessaria
675 833 747 865 est:
774 839 926 873 namque
971 828 1083 863 lacuit
1105 829 1282 863 meliorem

203 873 343 921 quidem
366 884 468 911 suam
491 873 734 910 condicionem
757 873 863 909 licere
882 873 931 908 eis
965 882 1068 908 acere
1087 872 1193 908 etiam
1212 874 1288 909 sine

202 919 329 957 tutoris
353 919 567 956 auctoritate
576 920 601 963 ⁴,
627 919 837 954 deteriorem
860 928 942 953 vero
966 928 1037 953 non
1059 918 1161 953 aliter
1181 929 1287 964 quam

202 970 321 1002 tutore
344 969 491 1001 auctore
503 967 527 1000 ⁵.
564 964 659 1000 unde
682 964 718 999 in
742 964 798 999 his
823 963 957 1005 causis,
989 973 1033 998 ex
1057 963 1185 1009 quibus
1208 974 1286 999 mu-

201 1015 286 1048 tuae
308 1010 540 1056 obligationes
564 1013 770 1052 nascuntur,
795 1009 831 1043 in
856 1008 1090 1054 emptionibus
1114 1008 1285 1044 venditio-

201 1057 317 1099 nibus,
341 1055 578 1092 locationibus
603 1054 909 1097 conductionibus‚
934 1053 1121 1097 mandatis,
1147 1054 1285 1107 deposi-

199 1102 259 1145 tis,
283 1101 314 1138 si
336 1101 464 1137 tutoris
489 1100 683 1136 auctoritas
708 1109 780 1135 non
803 1099 1030 1142 interveniat,
1055 1099 1123 1144 ipsi
1146 1100 1286 1145 qmdem

200 1147 262 1194 qui
285 1157 365 1183 cum
387 1146 467 1182 his⁶
491 1146 707 1181 contrahunt
730 1144 947 1189 obligantur,
981 1147 1018 1179 at
1047 1144 1196 1180 invicem
1218 1156 1285 1190 pu-

204 1196 217 1228 1
267 1191 343 1238 pilli
366 1202 438 1227 non
462 1191 674 1236 obligantur.
723 1189 780 1225 ⁷N
784 1200 872 1235 eque
901 1193 1021 1225 tamen
1053 1190 1285 1226 hereditatem

200 1237 298 1273 adire
320 1247 435 1282 neque
458 1236 632 1272 bonorum
655 1235 916 1281 possessionem
939 1238 1060 1280 petere
1083 1245 1198 1282 neque
1221 1235 1283 1271 he-

199 1283 385 1319 reditatem
415 1292 458 1318 ex
487 1281 758 1317 fideicommisso
789 1280 970 1326 suscipere
1001 1280 1104 1316 aliter
1134 1284 1286 1327 possunt

200 1328 268 1364 nisi
299 1327 428 1363 tutoris
460 1326 691 1369 auctoritate,
728 1325 887 1392 quamvis
918 1326 1063 1361 lucrosa
1093 1325 1140 1361 sit
1169 1337 1285 1372 neque

199 1376 220 1409 2
267 1373 378 1409 ιι11ιιιιι
401 1372 568 1408 damnum
590 1371 723 1407 habeat
748 1398 756 1406 .
804 1371 919 1406 Tutor
947 1375 1067 1406 autem
1097 1372 1216 1407 statim
1248 1371 1285 1407 in

198 1419 276 1464 ipso
301 1418 441 1464 negotio
465 1427 634 1463 praesens
659 1417 765 1452 debet
788 1420 914 1452 auctor
937 1416 1030 1459 fieri,
1062 1416 1092 1452 si
1120 1417 1189 1453 hoc
1218 1428 1284 1463 pu-

198 1464 284 1510 pillo
296 1463 466 1509 prodesse
486 1462 746 1498 existimaverit.
778 1464 861 1507 post
877 1465 1018 1507 tempus
1037 1473 1120 1498 vero
1139 1466 1203 1498 aut
1221 1473 1286 1508 per

199 1512 219 1545 3
267 1508 454 1555 epistulam
476 1508 550 1543 inte
595 1507 687 1543 osita
719 1507 938 1542 auctoritas⁹
961 1507 1047 1542 nihil
1078 1507 1160 1553 agit.
1213 1507 1284 1543 ¹⁰Si

198 1554 291 1590 inter
314 1557 466 1589 tutorem
490 1564 576 1599 pupi
604 1563 706 1588 umve
730 1552 899 1588 iudicium
922 1552 1096 1598 agendum
1120 1553 1177 1596 sit,
1202 1553 1285 1599 quia

198 1600 275 1644 ipse
297 1602 396 1635 tutor
418 1599 455 1634 in
478 1608 553 1634 rem
576 1608 678 1634 suam
701 1601 829 1633 auctor
853 1607 930 1634 esse
953 1608 1027 1634 non
1075 1601 1186 1641 otest,
1212 1609 1284 1634 non

223 1644 398 1680 raetorius
421 1647 520 1679 tutor
543 1646 584 1679 ut
607 1643 691 1679 olim
715 1643 961 1686 constituitur,
991 1653 1030 1678 se
1080 1647 1226 1679 curator
1248 1644 1284 1678 in

198 1656 316 1725 focum
339 1690 414 1725 eius
439 1689 554 1732 datur,
580 1699 649 1734 quo
674 1688 928 1724 interveniente
951 1687 1121 1725 iudicium
1145 1689 1283 1735 peragi-

197 1738 256 1770 tur
280 1738 316 1771 et
338 1745 380 1771 eo
404 1737 550 1781 peracto
576 1737 720 1770 curator
744 1743 823 1770 esse
848 1733 989 1770 desinit.

667 1826 813 1867 XXHn

356 1894 522 1931 QUIBUS
546 1894 685 1926 MODIS
711 1893 892 1926 TUTELA
916 1892 1116 1926 FINITUR.

242 1949 372 1995 Pupilli
405 1948 633 1994 pupillaeque
668 1958 748 1984 cum
783 1947 936 1993 puberes
972 1957 1051 1983 esse
1092 1947 1284 1993 coeperint,

197 1995 310 2031 tutela
338 1994 544 2030 liberantur.
580 1994 805 2039 pubertatem
828 1996 949 2028 autem
980 1996 1115 2029 veteres
1145 1992 1285 2038 quidem

197 2051 270 2076 non
293 2039 408 2076 solum
432 2049 476 2075 ex
500 2039 614 2082 annis,
639 2038 700 2074 sed
726 2038 830 2074 etiam
854 2048 899 2073 ex
920 2038 1046 2073 habitu
1070 2038 1230 2083 corporis
1247 2038 1285 2073 in

197 2085 364 2122 masculis
395 2085 574 2120 aestimari
603 2084 778 2120 volebant.
815 2087 940 2119 nostra
970 2087 1088 2119 autem
1116 2083 1284 2119 maiestas

197 2132 340 2177 dignum
364 2140 442 2166 esse
466 2130 631 2166 castitate
653 2132 853 2174 temporum
875 2132 1079 2164 nostrorum
1103 2129 1193 2164 bene
1216 2140 1283 2174 pu-

196 2176 303 2219 tavit,
334 2175 429 2221 quod
457 2175 495 2210 in
523 2175 664 2210 feminis
689 2175 764 2210 et¹²
787 2174 942 2254 antiffiuis
965 2173 1183 2219 impudicum
1207 2184 1285 2210 esse

196 2222 309 2258 visum
332 2224 404 2263 est,
433 2220 470 2256 id
501 2223 556 2256 est
583 2220 839 2265 inspectionem
893 2219 1085 2254 abitudinis
1110 2219 1282 2264 corporis,

196 2267 266 2303 hoc
277 2267 304 2288 ¹³
328 2266 434 2302 etiam
463 2266 502 2301 in
532 2265 711 2301 masculos
742 2264 949 2300 extendere:
980 2268 1017 2300 et
1044 2264 1124 2300 ideo
1157 2268 1284 2300 sancta

197 2311 450 2348 constitutione
483 2311 707 2356 promulgata
719 2311 747 2332 ¹⁴
781 2310 1008 2356 pubertatem
1041 2310 1079 2345 in
1113 2310 1282 2345 masculis

196 2360 279 2403 post
307 2359 473 2403 quartum
502 2356 677 2392 decimum
708 2366 842 2391 annum
873 2355 1087 2400 completum
1109 2355 1191 2390 ilico
1215 2355 1282 2390 ini-

196 2403 284 2438 tium
316 2402 480 2448 accipere
508 2401 767 2447 disposuimus,
799 2400 1022 2446 antiquitatis
1054 2410 1217 2435 normam
1244 2400 1283 2436 in

196 2447 372 2483 femininis
406 2447 566 2492 personis
602 2446 694 2482 bene
727 2446 880 2491 positam
915 2456 980 2481 suo
1016 2445 1140 2480 ordine
1174 2445 1281 2481 relin-

197 2496 355 2539 quentes,
379 2496 420 2528 ut
442 2495 526 2537 post
549 2491 795 2527 duodecimum
815 2501 948 2526 annum
967 2491 1182 2536 completum
1199 2491 1281 2526 viri-

199 2542 214 2573 1
264 2541 428 2583 potentes
459 2547 536 2573 esse
567 2536 769 2572 credantur.
816 2537 906 2571 Item
936 2535 1059 2571 finitur
1087 2536 1219 2579 tutela,
1252 2536 1282 2571 si

197 2582 357 2628 adrogati
382 2583 453 2618 sint
476 2582 593 2618 adhuc
615 2582 816 2627 impuberes
841 2581 897 2617 vel
921 2581 1116 2626 deportati:
1141 2581 1227 2616 item
1251 2582 1281 2616 si

197 2629 233 2664 in
267 2629 471 2663 servitutem
505 2627 659 2673 pupillus
692 2627 873 2672 redigatur
886 2628 913 2648 ¹⁵
946 2627 1001 2662 vel
1036 2626 1082 2662 ab
1117 2626 1280 2662 hostibus

197 2676 217 2709 2
263 2672 372 2708 fuerit
397 2676 534 2717 captus.
586 2671 692 2707 ¹⁶Sed
717 2675 751 2708 et
775 2672 804 2707 si
828 2681 941 2717 usque
964 2671 1011 2707 ad
1036 2674 1170 2707 certam
1194 2681 1279 2707 con-

197 2718 371 2754 dicionem
395 2718 500 2753 datus
525 2717 571 2752 sit
594 2720 817 2759 testamento,
843 2727 956 2769 aeque
979 2717 1104 2760 evenit,
1128 2720 1170 2752 ut
1187 2717 1279 2752 desi-

198 2767 217 2800 3
266 2767 329 2799 nat
352 2773 429 2798 esse
455 2766 554 2798 tutor
577 2763 748 2798 existente
773 2761 992 2798 condic1one.
1041 2761 1152 2797 Simili
1174 2762 1279 2797 modo

197 2811 219 2844 4
263 2808 385 2844 finitur
397 2808 510 2843 tutela
520 2811 632 2842 morte
644 2807 697 2842 vel
710 2811 868 2843 tutorum
880 2807 934 2843 vel
945 2807 1172 2852 pupillorum.
1210 2807 1280 2843 Sed

197 2857 234 2890 et
257 2853 383 2899 capitis
408 2853 647 2888 deminutione
670 2853 814 2895 tutoris,
838 2863 904 2897 per
927 2862 1033 2897 quam
1056 2852 1201 2887 libertas
1225 2853 1280 2888 vel

197 2899 321 2935 civitas
345 2898 417 2933 eius
441 2897 623 2939 amittitur,
649 2898 761 2933 omnis
785 2898 897 2933 tutela
914 2897 1017 2943 perit.
1052 2897 1196 2932 minima
1215 2907 1279 2933 au-

195 2947 268 2980 tem
292 2943 418 2990 capitis
442 2942 680 2978 deminutione
703 2943 850 2985 tutoris,
885 2943 995 2978 veluti
1017 2943 1047 2978 si
1070 2952 1109 2978 se
1131 2942 1168 2977 in
1191 2942 1278 2978 ado-

196 2989 354 3036 ptionem
377 2988 524 3030 dederit,
548 2987 701 3032 legitima
724 2990 862 3023 tantum
881 2988 994 3024 tutela
1012 2988 1115 3034 perit,
1141 2991 1279 3024 ceterae

196 3032 723 3115 3⁰”nuiiffe1issgiuiffini'fiiifi
743 3033 1136 3114 §.zn123¹}{}¹.².‘1³..⁰‡31ii{³
1169 3033 1277 3113 {22¹5

709 3104 718 3119 9
1126 3105 1134 3113 ο
1263 3098 1277 3105 ·

195 3128 294 3161 terea
324 3124 385 3170 qui
415 3123 461 3159 ad
493 3126 628 3159 certum
657 3126 795 3167 tempus
824 3127 1035 3159 testamento
1067 3123 1199 3158 dantur
1220 3126 1278 3159 tu-

197 3173 219 3206 6
262 3174 380 3212 tores,
403 3168 504 3204 finito
528 3178 570 3203 eo
594 3167 777 3213 deponunt
800 3168 956 3203 tutelam.
1005 3168 1184 3203 Desinunt
1213 3178 1276 3203 au-

196 3218 268 3251 tem
292 3225 371 3251 esse
393 3216 549 3255 tutores,
582 3213 642 3258 qui
665 3212 720 3248 vel
742 3217 966 3248 removentur
990 3223 1012 3249 a
1034 3213 1149 3249 tutela
1171 3213 1217 3249 ob
1241 3213 1278 3248 id

197 3260 292 3307 quod
315 3259 472 3304 suspecti
500 3258 565 3294 visi
595 3261 696 3300 sunt,
731 3257 787 3293 vel
801 3259 828 3279 ¹⁷
859 3268 903 3293 ex
932 3259 1028 3294 iusta
1058 3268 1169 3294 causa
1200 3268 1278 3294 sese

201 3345 244 3386 (1)
266 3342 345 3379 Gai.
363 3345 391 3386 l,
403 3350 456 3377 182
504 3343 551 3385 (2)
573 3342 650 3377 Gai.
669 3344 697 3383 1,
711 3350 758 3376 1⁹1
806 3343 863 3385 (2¹)
882 3345 930 3376 sic
948 3344 980 3376 T
990 3344 1078 3383 Gai„
1095 3343 1234 3375 reddent
1248 3343 1283 3375 Β

245 3388 291 3431 (8)
319 3388 371 3432 cs:
383 3387 465 3432 Diq.
481 3389 535 3427 26,
549 3394 566 3421 8
596 3388 674 3421 Cod.
690 3390 721 3429 5,
738 3395 773 3422 52
851 3389 907 3429 (3“)
930 3389 978 3421 sic
997 3390 1084 3430 deta,
1104 3386 1283 3431 stipuletur

203 3432 304 3467 BTP
369 3433 414 3475 (4)
436 3433 484 3466 εἰσ
498 3432 577 3474 ΒΘ,
594 3433 705 3465 tutore
717 3433 853 3465 auctore
871 3433 904 3465 T
967 3434 1013 3475 (⁶)
1035 3434 1084 3466 cic
1096 3433 1144 3474 B,
1162 3431 1284 3465 tutoris

200 3478 400 3512 auctoritate
411 3477 520 3522 (-tatis
535 3477 595 3520 1¹⁸)
611 3477 642 3511 T
693 3479 738 3520 (6)
751 3477 898 3519 quicum
912 3477 976 3518 his]
993 3478 1066 3519 ΤΘ,
1078 3488 1154 3510 cum
1167 3487 1234 3520 quo
1251 3477 1283 3510 B

199 3523 245 3565 (τ)
271 3527 287 3563 ς
302 3530 328 3558 1.
342 3530 361 3558 2
375 3523 496 3557 nimitas
511 3523 594 3566 Diq.
608 3523 662 3563 26,
677 3529 705 3563 s,
720 3529 748 3565 ο,
761 3529 821 3556 s..s
841 3521 935 3564 (Gai.
957 3523 978 3555 ι.
991 3530 1024 3557 12
1045 3523 1091 3555 ad
1108 3523 1158 3556 ed.
1174 3523 1284 3566 prov.)

201 3569 248 3611 (s)
272 3570 320 3603 nie
332 3569 368 3603 Β
380 3568 462 3614 Diq.
477 3567 520 3611 Θ,
538 3566 682 3601 habeant
698 3568 731 3600 T
815 3567 863 3609 (s)
885 3568 1080 3608 auotoritas]
1095 3567 1142 3609 B,
1161 3566 1284 3600 tutoris

200 3615 288 3647 suot.
307 3614 344 3654 T,
363 3613 436 3647 eius
447 3614 536 3647 anot.
548 3611 631 3658 Dry.
699 3615 761 3656 (ιο)
779 3615 795 3652 5
809 3618 825 3645 3
840 3614 884 3647 in.
897 3614 1001 3647 simile
1027 3612 1114 3647 Gaio
1130 3614 1159 3653 1,
1172 3619 1227 3647 184

248 3670 303 3709 (11)
331 3668 381 3745 (js
400 3666 476 3700 Gan.
493 3667 523 3705 1,
535 3670 598 3698 mo.
611 3669 672 3698 113.
684 3668 748 3697 182.
761 3668 824 3696 187.
839 3668 898 3695 194.
915 3667 967 3695 196
994 3661 1072 3705 Diq.
1087 3662 1141 3702 26,
1155 3668 1178 3702 1,
1192 3668 1278 3695 1214

204 3720 256 3746 ..17
286 3713 329 3746 Co
356 3736 363 3744 .
377 3712 409 3750 ὓ,
422 3717 461 3745 eo
553 3708 612 3751 (12)
636 3707 683 3749 et]
698 3706 811 3748 B,om.
831 3706 863 3739 T
949 3706 1007 3747 (13)
1032 3705 1107 3747 hoc]
1126 3706 1162 3747 T,
1175 3705 1207 3739 h.
1217 3716 1279 3739 nos

208 3757 240 3791 B
308 3757 365 3799 (u)
394 3755 472 3791 Cod.
484 3755 516 3796 5,
530 3760 580 3797 σο,
593 3759 610 3788 s

697 3752 755 3795 (15)
779 3752 827 3786 εἰσ
841 3751 878 3792 P,
891 3753 928 3783 ut
939 3750 1093 3793 ingratus
1106 3761 1124 3783 a
1136 3753 1279 3794 patrono
1346 3761 1407 3783 om.
1420 3747 1508 3782 BP·

1354 298 1548 343 secundm
1571 309 1614 337 ea
1638 311 1730 347 quae
1751 301 1899 338 inferius
1921 311 2172 349 proponemus.

1812 393 1980 434 xxm¹⁹

1693 459 1755 493 DE
1780 460 2100 495 CURATORIBUS.

1400 513 1554 549 Masculi
1576 514 1728 560 puberes
1752 518 1789 550 et
1810 514 1963 552 feminae
1992 516 2220 561 viripotentes
2249 528 2363 564 usque
2393 519 2440 554 ad

1356 559 1558 594 vicesimum
1582 560 1743 612 quintum
1767 570 1899 596 annum
1924 561 2139 607 completum
2161 565 2346 600 emtores
2379 574 2440 600 ac-

1357 604 1508 649 cipiunt:
1542 615 1613 650 qiu,
1638 604 1722 640 licet
1744 605 1897 650 puberes
1927 606 2015 649 sint,
2046 606 2164 643 adhuc
2187 610 2308 644 tamen
2331 609 2438 645 huius

1361 652 1371 683 1
1424 649 1552 685 aetatis
1565 653 1660 693 sunt,
1669 651 2304 697 utnegotiasuatuerinonpossint20.
2340 653 2439 689 Dan-

1354 697 1414 729 tur
1438 698 1557 730 autem
1582 698 1765 731 curatores
1789 696 1835 731 ab
1859 696 1971 732 isdem
1993 697 2275 742 magistratibus,
2309 708 2332 733 a
2362 699 2440 744 qui-

1356 739 1423 774 bus
1455 743 1491 774 et
1519 743 1667 776 tutores.
1705 740 1768 776 sed
1799 745 1944 778 curator
1974 744 2187 778 testamento
2219 753 2292 778 non
2324 743 2440 787 datur,

1356 784 1417 819 sed
1441 784 1547 838 datus
1573 784 1803 838 confirmatur
1826 786 1969 822 decreto
1986 787 2162 833 praetoris
2179 788 2236 824 vel
2254 788 2439 840 praesidis.

1356 832 1375 864 2
1422 829 1511 865 Item
1518 834 1618 865 inviti
1626 830 1872 867 adulescentes
1881 836 2065 868 curatores
2070 843 2143 868 non
2151 833 2331 878 accipiunt
2337 844 2439 879 prae-

1354 877 1516 920 terquam
1539 875 1576 910 in
1598 875 1713 911 litem:
1740 880 1884 912 curator
1908 877 2000 912 enim
2024 881 2060 912 et
2078 877 2124 913 ad
2143 881 2277 914 certam
2295 889 2440 914 causam

1355 922 1375 954 3
1423 920 1500 955 dari
1512 924 1641 965 potest.
1679 921 1822 957 Furiosi
1834 932 1975 967 quoque
1987 926 2024 957 et
2033 922 2181 968 prodigi,
2195 923 2279 959 licet
2290 924 2441 960 maiores

1353 965 1657 1055 ἔῖῗξὲῗωᾞέἓὲξ
1678 966 2442 1057 ῗέἕῗεᾱῗὲἑὲοῑῖωιὶἷηὶἓτὲἓηῗὲἶιῆὧὲἓῖ

1355 1054 1491 1091 Romae
1513 1055 1756 1102 praefectus²¹
1781 1057 1880 1092 urbis
1908 1057 1964 1092 vel
1993 1061 2138 1103 praetor
2166 1061 2203 1093 et
2230 1058 2268 1094 in
2297 1059 2439 1104 provin-

1356 1100 1459 1136 ciis²²
1489 1101 1671 1147 praesides
1702 1111 1747 1138 ex
1774 1101 2002 1154 inquisitione
2033 1102 2084 1138 eis
2123 1102 2211 1139 dare
2245 1107 2439 1140 curatores.

1354 1148 1376 1180 4
1423 1145 1493 1181 Sed
1528 1150 1564 1182 et
1597 1149 1715 1182 mente
1744 1151 1859 1192 capt1s
1890 1151 1925 1183 et
1954 1147 2071 1183 surdis
2101 1151 2138 1184 et
2169 1149 2278 1185 mutis
2310 1152 2348 1185 et
2380 1150 2442 1195 qui

1353 1191 1477 1227 morbo
1502 1195 1674 1237 perpetuo
1698 1192 1881 1235 laborant,
1912 1192 1998 1273 auia
2025 1193 2132 1229 rebus
2156 1194 2229 1229 suis
2253 1204 2441 1239 superesse

1354 1238 1373 1270 5
1421 1247 1494 1272 non
1516 1240 1679 1282 possunt,
1705 1240 1888 1273 curatores
1937 1237 2020 1274 andi
2043 1241 2138 1274 sunt.
2174 1239 2357 1275 Interdum
2376 1249 2439 1275 au-

1353 1284 1424 1317 tem
1449 1286 1485 1317 et
1507 1282 1633 1327 pupilli
1665 1286 1848 1319 curatores
1880 1283 2078 1328 accipiunt,
2106 1286 2148 1318 ut
2175 1287 2264 1329 puta
2295 1285 2326 1320 si
2355 1284 2439 1330 legi-

1352 1327 1460 1363 timus
1484 1330 1583 1363 tutor
1606 1338 1679 1363 non
1703 1327 1750 1363 sit
1771 1327 1939 1371 idoneus,
1972 1328 2056 1374 quia
2078 1328 2264 1365 habenti2³
2286 1332 2440 1366 tutorem

1354 1375 1453 1408 tutor
1476 1372 1554 1408 dari
1577 1383 1649 1408 non
1672 1375 1801 1418 potest.
1836 1373 1920 1409 item
1944 1373 1974 1409 si
2003 1377 2215 1410 testamento
2246 1374 2352 1410 datus
2381 1378 2439 1410 tu-

1352 1420 1411 1453 tor
1432 1418 1488 1453 vel
1512 1427 1534 1453 a
1556 1421 1721 1464 praetore
1744 1418 1800 1454 vel
1822 1428 1845 1453 a
1867 1418 2031 1463 praeside
2052 1418 2204 1455 idoneus
2227 1430 2301 1456 non
2323 1420 2371 1455 sit
2393 1420 2439 1455 ad

1355 1462 1698 1499 administrationem
1720 1473 1787 1499 nec
1810 1466 1930 1499 tamen
1951 1463 2200 1500 fraudulenter
2213 1464 2358 1518 negotia
2376 1465 2437 1501 ad·

1353 1508 1547 1552 ministrat,
1584 1509 1674 1544 solet
1706 1509 1737 1544 ei
1769 1511 1914 1544 curator
1945 1508 2099 1555 adiungi.
2141 1509 2227 1545 item
2255 1521 2293 1545 1n
2321 1510 2438 1546 locum

1353 1556 1530 1597 tutorum,
1563 1554 1623 1599 qui
1652 1554 1785 1589 nonin
1815 1557 2042 1599 perpetuum,
2074 1554 2138 1591 sed
2168 1554 2215 1590 ad
2248 1558 2388 1601 tempus
2417 1566 2440 1591 a

1353 1598 1467 1634 tutela
1491 1602 1719 1642 excusantur,
1743 1599 1859 1635 solent
1882 1602 2065 1636 curatores
2089 1599 2174 1636 dari.

1353 1646 1374 1679 6
1467 1644 1603 1689 Quodsi
1622 1648 1721 1680 tutor
1741 1644 1890 1680 adversa
1908 1644 2111 1680 valetudine
2127 1645 2183 1681 vel
2201 1645 2272 1680 alia
2283 1645 2436 1681 necessi-

1352 1692 1426 1724 tate
1437 1689 1638 1735 impeditur,
1663 1700 1732 1735 quo
1752 1690 1868 1725 minus
1887 1690 2030 1735 negotia
2074 1690 2175 1736 upilli
2192 1690 2439 1726 administrare

1351 1734 1477 1780 possit,
1502 1738 1538 1770 et
1559 1735 1714 1780 pupillus
1737 1735 1793 1770 vel
1816 1734 1910 1770 absit
1931 1735 1986 1770 vel
2008 1735 2045 1770 in
2062 1745 2126 1771 ans
2151 1735 2207 1778 sit,
2232 1745 2338 1781 quem
2355 1736 2438 1771 velit

1353 1783 1512 1816 actorem
1561 1780 1692 1816 ericulo
1715 1780 1826 1826 ipsius
1838 1780 1868 1802 ²⁴
1893 1783 2037 1826 praetor
2059 1780 2113 1817 vel
2145 1781 2206 1827 qui
2234 1781 2437 1827 provinciae

1352 1826 1507 1871 praeerit
1554 1828 1672 1862 ecreto
1697 1826 1900 1862 constituet.

1800 1919 1949 1957 XXIIII
1959 1917 1988 1938 ²⁵

1357 1985 1418 2017 DE
1448 1985 1779 2021 SATISDATIONE
1808 1985 2025 2020 'I'UTORUM
2059 1985 2118 2019 ΕΤ
2150 1983 2435 2018 CURATORUM.

1399 2036 1501 2074 26’Νσι
1520 2042 1640 2074 tamen
1658 2038 1873 2084 pupillorum
1891 2039 2149 2085 pupillarumve
2169 2041 2358 2081 eteorum,
2375 2038 2434 2083 qui

1354 2088 1497 2130 'quaeve
1519 2083 1556 2119 in
1581 2084 1766 2119 curatione
1789 2087 1891 2125 sunt,
1919 2083 2060 2129 negotia
2082 2093 2104 2118 a
2127 2083 2305 2119 tutoribus
2331 2093 2433 2118 cura·

1354 2130 1542 2165 'toribusve
1555 2133 1814 2166 consumantur
1824 2134 1888 2165 aut
1896 2131 2192 2174 deminuantur²⁷,
2207 2130 2310 2164 curat
2330 2138 2434 2174 prae-

1355 2176 1439 2218 'tor,
1469 2178 1511 2210 ut
1534 2177 1570 2210 et
1592 2178 1728 2211 tutores
1753 2179 1789 2210 et
1812 2180 1995 2211 curatores
2018 2184 2059 2210 eo
2083 2173 2226 2211 nomine
2249 2172 2432 2209 satisdent.

1354 2220 1426 2256 ’sed
1448 2220 1518 2256 hoc
1541 2230 1615 2255 uon
1638 2223 1692 2256 est
1714 2223 1942 2265 perpetuum:
1967 2229 2049 2255 nam
2065 2222 2202 2255 tutores
2221 2221 2434 2254 testamento

1353 2265 1438 2300 'dati
1469 2264 1644 2301 satisdare
1673 2275 1746 2300 non
1777 2268 1969 2310 coguntur,
2004 2264 2087 2309 quia
2119 2263 2209 2299 fides
2245 2274 2366 2300 eorum
2401 2266 2436 2298 et

1352 2310 1541 2356 *diligentia
1565 2310 1610 2346 ab
1633 2310 1711 2355 ipso
1735 2313 1907 2346 testatore
1930 2310 2082 2355 probata
2105 2312 2174 2344 est:
2204 2309 2290 2344 item
2313 2319 2358 2344 ex
2380 2308 2434 2344 in-

1353 2355 1551 2401 'quisitione
1577 2359 1714 2391 tutores
1737 2355 1793 2391 vel
1816 2358 2000 2391 curatores
2019 2354 2094 2390 dati
2112 2353 2345 2390 satisdatione
2362 2364 2435 2390 non

1358 2405 1369 2436 l
1421 2402 1636 2443 'onerantun
1660 2400 1742 2445 quia
1764 2400 1883 2436 idonei
1906 2399 2009 2436 electi
2032 2399 2136 2435 sunt:
2183 2398 2255 2435 Sed
2278 2402 2314 2435 et
2335 2399 2367 2435 si
2390 2409 2434 2435 ex

1350 2449 1563 2482 testamento
1588 2446 1642 2482 vel
1665 2445 1892 2490 inquisitione
1914 2445 1985 2480 duo
2034 2444 2171 2480 luresve
2194 2443 2270 2480 dati
2290 2443 2433 2487 fuerint,

1350 2495 1470 2536 potest
1498 2501 1591 2543 unus
1621 2491 1749 2526 offerre
1780 2490 1867 2543 satis
1899 2490 1943 2526 de
1971 2455 2210 2542 ingemuitate·
2233 2489 2358 2535 pupilli
2379 2489 2432 2541 vel

1351 2537 1588 2572 adulescent1s
1620 2540 1655 2571 et
1687 2538 1866 2572 contuton
1894 2535 1951 2571 vel
1987 2537 2212 2571 concuratori
2249 2534 2432 2580 praeferri,

1350 2585 1390 2617 ut
1414 2582 1511 2617 solus
1534 2581 1776 2620 administret,
1808 2581 1863 2616 vel
1893 2583 1934 2616 ut
1965 2583 2133 2616 contutor
2163 2579 2249 2615 satis
2281 2579 2432 2615 offerens

1349 2629 1592 2673 praeponatur
1625 2626 1675 2669 ei,
1707 2626 1785 2661 ιιιΜ
1808 2625 1887 2671 ipse
1916 2625 2014 2661 solus
2046 2624 2277 2660 administret.
2313 2625 2432 2670 itaque

1349 2682 1414 2718 per
1444 2681 1483 2707 se
1514 2682 1587 2707 non
1617 2674 1736 2717 potest
1758 2675 1880 2716 petere
1903 2671 1989 2706 satis
2014 2680 2036 2706 a
2060 2673 2247 2706 contutore
2269 2670 2324 2706 vel
2347 2680 2431 2705 con·

1350 2721 1512 2753 curatore
1543 2727 1627 2760 suo,
1659 2716 1722 2752 sed
1753 2715 1880 2752 offerre
1910 2715 2034 2758 debet,
2065 2718 2106 2751 ut
2136 2715 2343 2751 electionem
2373 2715 2433 2750 det

1350 2762 1529 2798 contutori
1566 2772 1651 2804 suo,
1687 2765 1806 2796 utrum
1843 2760 1926 2797 velit
1954 2760 2041 2796 satis
2072 2759 2236 2806 accipere
2266 2770 2314 2796 an
2345 2761 2432 2796 satis

1349 2808 1444 2843 dare.
1481 2807 1609 2852 quodsi
1639 2817 1742 2842 nemo
1777 2817 1899 2842 eorum
1930 2805 2017 2841 satis
2048 2804 2195 2848 offerat,
2229 2805 2262 2841 si
2291 2805 2432 2850 quidem

1348 2853 1566 2898 adscriptum
1589 2852 1699 2887 fuerit
1720 2862 1743 2887 a
1765 2854 1955 2893 testatore,
1986 2850 2065 2896 quis
2087 2854 2206 2895 gerat,
2229 2850 2289 2886 ille
2310 2860 2432 2896 gerere

1348 2898 1472 2934 debet:
1506 2897 1634 2943 quodsi
1671 2907 1744 2933 non
1773 2896 1881 2932 fuerit
1909 2895 2146 2941 adscriptum,
2186 2904 2289 2941 quem
2319 2895 2432 2931 maior

1347 2953 1432 2988 pars
1456 2943 1616 2988 elegerit,
1647 2941 1724 2987 ipse
1752 2951 1874 2986 gerere
1904 2940 2028 2983 debet,
2052 2943 2094 2975 ut
2116 2939 2230 2976 edicto
2254 2941 2430 2986 praetoris

1348 2992 1504 3024 cavetur.
1540 2987 1595 3023 sin
1619 2991 1737 3023 autem
1761 2986 1830 3031 ipsi
1852 2988 1989 3021 tutores
2010 2985 2239 3021 dissenserint
2255 2985 2351 3022 circa
2368 2986 2429 3022 eli-

1346 3033 1499 3078 gendum
1523 3043 1602 3069 eum
1625 3032 1680 3067 vel
1704 3042 1764 3068 eos
1789 3031 1848 3076 qui
1871 3041 1992 3076 gerere
2016 3030 2156 3074 debent,
2180 3034 2325 3076 praetor
2345 3041 2429 3077 par-

1346 3083 1401 3114 tes
1433 3088 1518 3114 suas
1547 3078 1773 3122 interponere
1805 3076 1918 3112 debet.
1959 3075 2052 3111 idem
2084 3079 2119 3111 et
2141 3075 2178 3111 in
2201 3075 2362 3121 pluribus
2386 3086 2430 3111 ex

1345 3122 1573 3175 inquisitione
1605 3122 1699 3174 datis
1728 3120 1952 3167 probandum
1983 3124 2060 3174 est,
2089 3120 2129 3173 id
2159 3124 2216 3173 est
2244 3124 2286 3156 ut
2316 3121 2430 3157 maior

1346 3178 1430 3248 *im*3
1454 3164 2427 3248 &sissima{aafflffsssssssff0..-

1345 3260 1484 3294 ratores
1514 3257 1658 3304 pupillis
1681 3260 1718 3293 et
1739 3256 1870 3293 adultis
1894 3255 2091 3301 ceterisque
2111 3255 2274 3301 personis
2297 3265 2342 3291 ex
2364 3255 2427 3291 ad·

1409 3312 2426 3328 ——-—-—.---—-—————

1348 3345 1425 3378 add.
1442 3356 1510 3377 cum
1524 3344 1555 3377 Θ
1562 3349 1640 3387 post
1651 3339 1821 3384 redigatur
1837 3340 1873 3380 T,
1884 3345 1961 3383 post
1972 3338 2166 3370 servitutem
2179 3336 2217 3370 B
2293 3340 2352 3378 (16)
2380 3345 2396 3376 9
2411 3346 2429 3371 2

1346 3389 1461 3423 similis
1474 3389 1526 3421 Da·
1547 3413 1553 3419 .
1569 3388 1623 3427 26,
1636 3394 1661 3426 1,
1673 3394 1716 3426 14,
1729 3394 1746 3420 5
1760 3385 1853 3428 (Ulp.
1868 3385 1888 3418 l.
1902 3390 1938 3418 3¹1
1950 3383 1999 3416 ad
2007 3382 2102 3423 Sub.)
2190 3382 2249 3423 (ΓΙ)
2273 3381 2340 3423 vel]
2353 3382 2428 3416 deu.

1347 3446 1415 3467 cum
1431 3434 1470 3474 Θ,
1484 3401 1637 3475 vefquod
1650 3432 1725 3465 BT
1810 3430 1870 3472 (18)
1893 3429 1941 3462 eie
1956 3427 1993 3468 T,
2006 3426 2260 3460 administratae
2272 3427 2309 3460 B

1392 3480 1452 3520 (19)
1482 3478 1531 3518 Cf.
1550 3477 1626 3511 Gai.
1642 3478 1816 3517 1,19·1.1os
1840 3474 1920 3518 Diy.
1932 3474 1988 3512 26,
2000 3479 2018 3507 5
2109 3473 2173 3512 (20)
2197 3473 2340 3515 possunt
2352 3471 2430 3506 libra·

1347 3524 1406 3565 (21)
1430 3524 1478 3557 sic
1491 3523 1531 3562 Θ,
1545 3521 1709 3564 praefecti
1721 3521 1800 3554 libri
1963 3518 2026 3559 (22)
2049 3517 2098 3550 et‘c
2112 3516 2152 3557 θ,
2165 3516 2340 3560 provincia
2352 3517 2431 3566 libri

1347 3570 1409 3611 (23)
1435 3568 1515 3610 quia
1526 3565 1678 3607 habenti]
1691 3566 1750 3608 qui
1761 3563 1863 3598 habet
1881 3563 1911 3597 B
2041 3562 2102 3603 (24)
2127 3561 2246 3604 ipsius]
2259 3562 2424 3603 stipans

1347 3613 1470 3646 tutoris
1487 3613 1520 3646 T

1388 3659 1454 3701 (ιο)
1482 3656 1533 3700 ej:
1553 3655 1634 3700 Diq.
1656 3654 1710 3694 27,
1730 3660 1758 3687 τ.
1780 3654 1836 3694 46,
1856 3657 1874 3686 e
1900 3648 1980 3684 God-
1999 3650 2032 3690 ⁵,
2051 3654 2098 3682 η.
2119 3654 2154 3682 ιτ
2254 3645 2320 3687 (2⁸)
2345 3643 2425 3679 Gai.

1611 3700 1676 3742 (2·1)
1698 3700 1758 3731 aut
1770 3697 1867 3738 dem-1
1882 3695 1958 3729 dett.
1971 3706 2039 3728 eum
2056 3693 2147 3733 Gai..
2166 3690 2219 3725 vel
2232 3691 2316 3724 dem.
2333 3686 2425 3730 TP⁶,

1348 3705 1379 3747 1,
1390 3709 1457 3738 m.
1474 3709 1529 3736 200

1581 3746 1650 3786 (as)
1672 3745 1723 3784 ut]
1736 3743 1785 3785 B,
1797 3743 1831 3776 ot
1846 3741 1879 3775 T
