2528 3918
138 121 198 153 DE
226 121 481 154 NOXALIBUS
509 121 778 154 AGTIONIBUS

134 234 257 272 eadem
287 232 520 279 intellegimus
551 235 589 268 et
616 232 662 268 de
691 231 764 268 filio
789 234 825 267 et
848 231 923 267 iilia
946 235 1010 268 aut
1033 235 1162 278 nepote
1185 235 1221 267 et

134 284 153 316 7
202 283 318 334 nepte,
343 283 446 325 patre
468 288 578 315 avove
602 277 703 314 cuius
726 277 764 313 in
786 280 967 322 potestate
990 281 1085 313 sunt.
1128 276 1221 313 Illud

134 331 276 372 proprie
310 327 472 361 servatur
504 324 542 359 in
577 334 699 359 eorum
733 333 906 368 persona,
948 322 1045 368 quod
1077 325 1221 359 senatus

134 371 336 408 consultum
358 369 658 405 Macedonianum
680 368 863 414 prohibuit
885 371 1026 404 mutuas
1050 368 1221 414 pecunias

132 416 210 452 dari
233 416 303 459 eis,
334 415 396 461 qui
418 415 455 450 in
478 414 637 460 parentis
662 417 769 450 erunt
798 416 994 459 potestate:
1031 418 1067 449 et
1098 413 1130 449 ei
1161 413 1222 459 qui

132 461 321 498 crediderit
344 461 539 506 denegatur
562 460 656 496 actio
680 462 754 495 tam
777 458 946 495 adversus
970 459 1087 504 ipsum
1110 458 1220 494 filium

132 507 282 543 filiamve
305 509 469 552 nepotem
493 509 696 551 neptemve,
729 505 802 540 sive
833 504 952 540 adhuc
982 505 1019 540 in
1042 508 1221 550 potestate

130 556 225 596 sunt,
250 552 323 588 sive
346 555 460 587 morte
482 551 641 597 parentis
664 550 721 586 vel
744 550 1028 595 emancipatione
1048 560 1136 586 suae
1154 560 1219 595 po-

130 598 271 634 testatis
289 607 367 633 esse
387 597 580 642 coeperint,
602 599 709 641 quam
729 595 898 631 adversus
910 599 1049 641 patrem
1061 605 1218 638 avumve,

130 645 203 680 sive
233 643 367 679 habeat
398 652 459 678 eos
492 642 610 677 adhuc
641 641 678 676 in
709 644 889 686 potestate
920 640 993 677 sive
1016 641 1218 687 emancipa-

130 689 229 725 verit.
264 698 357 734 quae
379 687 459 724 ideo
484 691 629 723 senatus
653 686 854 732 prospexit,
888 686 972 732 quia
1002 697 1109 739 saepe
1132 696 1217 722 one-

129 735 199 771 rati
211 744 294 772 aere
313 733 428 770 alieno
450 732 664 769 creditarum
683 732 928 778 pecuniarum,
950 742 1038 777 quas
1057 743 1095 767 111
1113 732 1217 768 luxu·

129 781 219 817 riam
254 778 531 822 consumebant,
572 778 667 814 vitae
707 777 909 823 parentium
943 777 1215 813 insidiabantur.

129 828 149 861 8
195 824 288 861 Illud
310 825 348 861 in
371 833 510 861 summa
533 823 747 860 admonendi
770 833 892 858 sumus
916 822 971 865 id,
997 822 1094 869 quod
1116 823 1217 858 iussu

128 871 241 917 patris
274 870 449 906 dominive
480 873 706 906 contractum
735 868 846 904 fuerit
878 868 1044 914 quodque
1074 868 1112 904 in
1142 878 1218 904 rem

129 917 204 953 eius
238 926 379 952 versum
412 915 538 959 fuerit,
575 915 711 950 directo
745 924 885 960 quoque
918 924 1026 959 posse
1061 924 1084 949 a
1115 917 1219 960 patre

128 962 314 999 dominove
338 961 489 1004 condici,
511 964 694 1006 tamquam
718 960 748 996 si
770 959 1016 1005 principaliter
1040 970 1120 995 cum
1138 959 1217 1012 ipso

127 1007 307 1054 negotium
329 1010 468 1053 gestum
491 1009 595 1042 esset.
633 1005 665 1041 ei
688 1015 849 1051 quoque,
881 1005 942 1050 qui
964 1005 1020 1040 vel
1044 1008 1216 1041 exercito-

128 1054 182 1090 ria
204 1053 259 1090 vel
280 1052 459 1089 institoria
483 1052 623 1088 actione
646 1054 806 1093 tenetur,
840 1050 974 1086 directo
999 1061 1106 1096 posse
1130 1060 1216 1086 con-

128 1099 199 1181 ¹:difii
221 1098 359 1152 placet,
384 1098 468 1144 quia
490 1097 597 1134 huius
621 1107 764 1143 quoque
786 1096 888 1132 iussu
913 1099 1139 1132 contractum
1162 1096 1216 1132 in-

143 1155 162 1180 e
190 1148 314 1191 egitur.

607 1235 722 1276 V111¹

341 1303 403 1337 DE
428 1303 686 1337 NOXALIBUS
711 1302 992 1336 ACTIONIBUS.

172 1371 263 1408 ’Ἐκ
285 1370 469 1407 maleficiis
493 1380 695 1414 servorum,
719 1369 829 1405 veluti
854 1369 884 1404 si
906 1368 1043 1404 furtum
1067 1368 1219 1404 fecerint

127 1418 199 1453 'aut
229 1418 326 1453 bona
356 1416 543 1462 rapuerint
573 1419 638 1452 aut
661 1416 829 1452 damnum
854 1414 1016 1450 dederint
1039 1417 1103 1450 aut
1125 1414 1216 1449 iniu-

126 1463 225 1499 'riam
257 1462 515 1506 commiserint,
551 1461 698 1498 noxales
733 1461 894 1497 actiones
928 1459 1092 1506 proditae
1123 1463 1217 1501 sunt,

125 1509 263 1555 'quibus
295 1508 438 1544 domino
471 1507 641 1544 damnato
673 1506 890 1553 permittitur
921 1509 985 1541 aut
1015 1505 1086 1541 litis
1111 1505 1216 1540 aesti-

125 1554 327 1590 ‘mationem
370 1553 520 1590 sufferre
563 1556 627 1589 aut
665 1552 868 1588 hominem³
909 1561 1025 1586 noxae
1067 1550 1217 1586 dedere!

130 1603 144 1635 ί
193 1599 299 1636 Noxa
322 1602 441 1635 autem
466 1602 519 1635 est
543 1609 673 1653 corpus
697 1597 792 1644 quod
815 1597 956 1640 nocuit,
987 1596 1024 1632 id
1056 1600 1111 1632 est
1142 1607 1215 1632 ser-

125 1657 210 1682 vus:
235 1646 344 1681 noxia
366 1646 483 1690 ipsum
506 1644 732 1687 maleficium,
756 1643 864 1679 veluti
887 1642 1023 1678 furtum
1049 1642 1216 1677 damnum

125 1693 144 1726 2
162 1691 319 1772 ¹²rapina
341 1690 481 1772 hniffia.
530 1690 686 1770 Sdimma·
699 1692 820 1756 61116111
843 1688 982 1724 ratione
1004 1688 1217 1768 permissum

249 1748 273 1771 x
475 1746 498 1770 n
698 1748 707 1770 ε
815 1745 849 1769 111
971 1744 989 1768 r
1056 1744 1105 1768 1n1

125 1746 327 1842 pgeqffiiffi
347 1746 472 1818 θὲωηῖ
491 1746 587 1817 Sltrg
598 1746 757 1826 ἓξὲξ-11111
767 1745 923 1825 ffirpffig
945 1743 1216 1815 331111116ᾛῖῗὲῙῖ

125 1831 145 1863 3
203 1838 328 1863 nosam
360 1828 459 1863 esse.⁴
505 1826 680 1862 Dominus
711 1826 832 1862 noxali
866 1825 997 1861 iudicio
1033 1824 1126 1860 servi
1161 1824 1215 1859 sui

124 1873 267 1910 nomine
291 1875 487 1909 conventus
511 1883 649 1908 servum
674 1871 788 1907 actori
811 1881 927 1907 noxae
947 1869 1107 1906 dedendo
1128 1870 1214 1905 libe-

124 1922 235 1955 ratur.
268 1928 335 1954 nec
354 1918 469 1954 minus
489 1921 701 1964 perpetuum
721 1917 796 1952 eius
817 1916 1010 1952 dominium
1030 1926 1053 1951 a
1072 1915 1215 1951 domino

123 1962 354 2001 transfertur:
388 1963 418 1999 si
441 1968 561 1999 autem
585 1963 753 1999 damnum
777 1962 809 1997 ei
834 1962 892 1997 cui
916 1961 1056 1997 deditus
1082 1965 1136 1997 est
1159 1970 1215 1996 re-

124 2009 287 2047 sarcierit
318 2009 481 2055 quaesita
518 2008 690 2054 pecunia,
725 2007 858 2043 auxilio
891 2006 1070 2053 praetoris
1104 2006 1215 2042 invito

124 2059 145 2091 4
192 2054 334 2091 domino
359 2054 637 2090 manumittetur.
687 2053 811 2089 ⁵'Sunt
846 2057 965 2088 autem
997 2052 1215 2088 constitutae

125 2100 280 2137 'noxales
316 2100 475 2136 actiones
510 2103 575 2135 aut
606 2099 619 2135 l
665 2099 743 2135 'bus
776 2102 839 2134 aut
870 2098 986 2134 edicto
1019 2097 1214 2143 praetoris:

124 2146 269 2201 'legibus
293 2145 402 2182 veluti
424 2145 511 2181 furti
535 2146 612 2191 lege
621 2109 823 2180 effliodecim
846 2143 1071 2186 tabularum,
1097 2143 1215 2178 damni

123 2192 283 2273 {muriae
305 2190 566 2272 ltegebAquilia:
593 2190 710 2270 editcto
735 2189 911 2271 1116εὲ0τί6
935 2188 1044 2269 1161ιέιί
1067 2188 1213 2269 iniuriis-

434 2248 458 2271 n
482 2247 561 2271 rum
680 2247 698 2270 r
723 2246 769 2270 m.
875 2246 911 2269 n1
946 2245 967 2269 a
980 2246 993 2269 1
1030 2245 1065 2269 m

124 2249 243 2319 'tactileu
244 2247 375 2328 112ng
410 2246 722 2328 ἓ61ῗ1111111·ΤᾶῙὲεξΠι11
741 2281 771 2316 si
803 2244 929 2316 6θῇυὲ
956 2245 1041 2315 tini}
1072 2245 1215 2316 11113ζᾷἒέ

124 2328 360 2371 'commiserit,
387 2327 554 2373 quamdiu
577 2327 615 2362 in
638 2330 702 2362 tua
725 2329 905 2372 potestate
929 2326 992 2368 sit,
1018 2328 1136 2361 tecum
1162 2329 1216 2362 est

124 2374 248 2410 'actim
281 2374 312 2410 si
335 2373 372 2409 in
397 2372 543 2409 alterius
567 2375 782 2418 potestatem
806 2371 1024 2424 pervenerit,
1050 2382 1131 2406 cum
1154 2371 1214 2407 illo

124 2419 259 2465 'incipit
281 2419 375 2455 actio
401 2428 496 2462 esse,
522 2422 586 2454 aut
609 2418 640 2453 si
663 2427 903 2453 manumissus
927 2417 1054 2460 fuerit,
1079 2416 1214 2453 directo

124 2466 209 2511 *ipse
233 2467 376 2500 tenetur
400 2467 436 2500 et
460 2463 676 2509 extinguitur
698 2473 816 2498 noxae
841 2462 984 2498 deditio.
1019 2473 1063 2498 ex
1075 2462 1214 2498 diverso

124 2511 275 2564 'quoque
311 2510 448 2546 directa
478 2509 572 2545 actio
605 2509 744 2544 noxalis
778 2518 856 2544 esse
886 2508 1029 2554 incipit:
1066 2518 1150 2543 nam
1186 2509 1216 2543 si

123 2556 220 2592 ’111161-
242 2556 348 2591 homo
371 2555 516 2590 noxiam
541 2554 756 2590 commiserit
780 2557 816 2589 et
836 2554 867 2589 is
888 2564 1011 2589 servus
1031 2556 1115 2588 tuus
1138 2563 1216 2589 esse

124 2602 198 2638 ’coe
225 2600 292 2637 erit
322 2599 432 2646 (quod
464 2600 608 2636 casibus
633 2599 845 2645 quibusdam
869 2598 964 2634 effici
987 2599 1099 2644 primo
1123 2599 1214 2635 libro

123 2647 199 2729 gra*
213 2646 390 2727 idssmugf),
413 2645 493 2726 tisim
518 2645 547 2699 it
569 2648 792 2726 tetcmg'esse
814 2644 952 2725 noxaalis
977 2644 1090 2697 actio,
1123 2655 1215 2698 quae

224 2703 248 2727 n
266 2701 285 2727 e
339 2702 370 2726 11·
537 2700 621 2726 sse.
696 2701 708 2725 1
741 2700 779 2725 se
978 2701 1015 2724 1n

123 2702 348 2774 'corssmiserit
357 2763 366 2780 ‚
372 2701 493 2772 e(dictio
500 2702 618 2771 uiliulla
640 2700 1008 2781 nascitulrvzusnan‘iffiie
1017 2700 1213 2771 ‘'milei-md&

123 2783 267 2819 'minum
298 2785 334 2818 et
364 2792 446 2818 eum
477 2781 538 2828 qui
559 2781 596 2817 in
622 2781 696 2817 eius
719 2783 900 2826 potestate
924 2784 978 2816 est
1001 2780 1100 2816 nulla
1124 2781 1213 2817 obli-

123 2828 234 2874 ·gatio'
251 2827 353 2864 nasci
376 2830 505 2874 potest.
541 2826 693 2872 ideoque
718 2830 754 2862 et
777 2826 808 2862 si
826 2826 864 2861 in
882 2826 1034 2861 alienam
1053 2829 1212 2872 potesta-

123 2875 203 2910 'tem
226 2884 349 2910 servus
372 2873 574 2919 pervenerit
597 2876 661 2908 aut
683 2871 922 2908 manumissus
946 2870 1073 2914 fuerit,
1099 2881 1214 2917 neque

123 2920 213 2956 'cum
236 2919 315 2966 ipso
340 2928 454 2965 neque
478 2928 560 2955 cum
584 2928 637 2961 eo,
664 2918 764 2954 cuius
784 2927 880 2953 nunc
899 2916 937 2952 in
956 2919 1135 2962 potestate
1155 2916 1212 2960 sit,

123 2965 190 3011 ’agi
212 2967 342 3011 potest.
377 2963 473 3000 unde
497 2963 528 2999 si
552 2963 688 2999 alienus
712 2973 835 2999 servus
859 2962 1003 2998 noxiam
1025 2961 1092 2997 tibi
1116 2972 1212 2998 com-

123 3010 270 3048 *mise'rit
300 3013 335 3045 et
365 3010 396 3045 is
425 3011 552 3055 postea
582 3009 620 3044 in
650 3011 829 3055 potestate
853 3011 917 3044 tua
941 3017 1019 3043 esse
1043 3007 1212 3053 coeperit,

123 3055 312 3092 'intercidit
335 3054 448 3098 actio,
481 3054 565 3100 quia
587 3054 625 3089 in
649 3064 729 3090 eum
753 3064 876 3090 casum
900 3053 1054 3089 deducta
1077 3053 1142 3096 sit,
1174 3053 1213 3088 in

123 3101 202 3147 'quo
228 3101 423 3137 consistere
445 3111 518 3136 non
549 3100 683 3146 potuit:
715 3099 868 3144 ideoque
897 3099 983 3134 licet
1013 3098 1139 3134 exierit
1170 3098 1214 3134 de

123 3147 196 3183 'tua
224 3149 421 3192 potestate,
454 3155 560 3192 agere
590 3155 663 3181 non
693 3148 796 3198 potes
806 3145 824 3188 ,⁴
857 3143 1153 3190 quemadmodum
1183 3144 1213 3179 si

123 3192 286 3235 dominus
309 3191 347 3227 in
370 3201 510 3228 servum
534 3200 638 3227 suum
662 3190 797 3236 ahquid
821 3189 1051 3233 commiserit,
1084 3199 1151 3225 nec
1183 3189 1213 3225 si

123 3236 638 3318 manumissustveldalienatus
646 3235 771 3316 lfugarit
793 3245 933 3316 sergust,
965 3235 1076 3316 ιιέαᾶῐι
1100 3234 1211 3315 agetic-

340 3293 364 3317 n
380 3291 421 3317 ra
590 3292 625 3316 m
674 3291 695 3316 a
926 3307 933 3316 .

123 3293 271 3374 quidlgxld1
294 3292 385 3363 {geo
417 3331 453 3363 et
469 3292 526 3362 ‹iiin
527 3293 616 3363 ι1111111111
640 3291 795 3362 famiiffs
803 3290 988 3361 pgagsculis
1010 3291 1048 3361 {t
1071 3290 1212 3361 geemiffiss

123 3373 353 3410 admiserunt.
390 3383 483 3409 nova
502 3375 621 3408 autem
639 3371 823 3408 hominum
844 3370 1066 3407 conversatio
1088 3371 1211 3406 huius-

124 3418 218 3455 modi
242 3418 471 3464 asperitatem
494 3420 591 3454 recte
620 3417 858 3463 respuendam
889 3426 968 3452 esse
999 3415 1212 3452 existimavit

170 3537 210 3577 (1)
239 3535 289 3579 Cs.
308 3534 385 3569 Gai.
398 3535 429 3575 4,
445 3540 540 3568 'la-79
565 3533 646 3576 Diy.
657 3533 688 3573 9,
699 3539 715 3565 4
744 3530 820 3565 Cod.
831 3532 862 3571 3,
873 3538 903 3564 41
973 3531 1016 3571 (2)
1046 3529 1123 3564 Gai.
1134 3531 1165 3568 4,
1177 3537 1211 3563 75

126 3583 172 3623 (3)
189 3581 368 3620 hominem]
382 3579 451 3617 ΡΘ,
465 3579 556 3610 hunc
568 3576 736 3609 hominem
746 3574 861 3616 ABE,
875 3586 933 3607 om.
946 3574 1024 3608 Gai.
1073 3575 1118 3616 (4)
1135 3574 1211 3608 Gai.

128 3628 161 3667 4,
175 3633 208 3658 75
279 3625 323 3666 (5)
347 3624 422 3658 Gai.
436 3625 469 3664 4,
482 3629 578 3656 was
650 3623 695 3663 (6)
720 3622 747 3658 1,
761 3626 790 3660 3,
803 3626 837 3657 4:
865 3621 977 3660 1,16,1

169 3669 213 3711 (7)
242 3669 292 3712 Qfi
307 3668 386 3711 Diq.
400 3668 431 3706 9,
444 3674 458 3701 1
529 3668 573 3707 (8)
598 3667 646 3699 sic
655 3666 741 3705 deu„
754 3664 835 3707 quid
850 3664 928 3698 libri
938 3664 1016 3698 boni
1091 3665 1135 3706 (9)
1157 3677 1209 3707 pr.

118 3715 182 3757 fin.
196 3714 311 3747 similis
324 3713 449 3755 Diq.9,
462 3719 486 3753 1,
500 3718 524 3751 1,
538 3718 580 3745 10.
596 3717 612 3743 a
627 3710 720 3752 (Ulp.
736 3710 756 3743 l.
770 3717 802 3743 18
817 3710 863 3742 ad
873 3709 936 3750 ed.)
1062 3710 1123 3750 (ιο)
1151 3720 1209 3742 no-

127 3760 245 3796 ralem]
266 3758 346 3794 WE,
356 3749 443 3789 liano
455 3765 532 3789 nox.
545 3754 709 3795 AboAvB,
723 3765 798 3786 nox.
813 3754 899 3786 hanc
912 3752 955 3787 At

1225 104 1272 152 51

1083 3755 1138 3797 (11)
1166 3759 1210 3794 §1
1280 3756 1311 3795 4,
1327 3762 1365 3789 so

1939 112 2085 155 INST.
2116 112 2215 168 1111,
2250 118 2382 157 7-11

1291 235 1326 268 et
1349 231 1394 267 ab
1419 241 1488 267 usu
1513 231 1692 267 communi
1714 231 1803 268 haec
1827 232 1970 278 penitus
1993 232 2159 268 recessit:
2185 233 2265 278 quis
2290 233 2381 269 enim

1289 277 1426 358 861111111-
1456 276 1567 312 filium
1598 287 1703 312 suum
1734 280 1770 312 et
1800 277 1953 314 maxime
1975 277 2084 313 filiam
2106 278 2144 313 in
2167 289 2299 313 noxam
2323 279 2382 314 alii

1315 332 1410 376 πμ.
1427 325 1468 358 ut
1491 332 1605 368 paene
1628 332 1693 368 per
1716 333 1846 375 corpus
1879 327 1982 369 pater
2004 323 2116 369 magis
2148 333 2255 376 quam
2287 323 2381 360 filius

1288 368 1527 448 Benchtetur,
1560 379 1642 403 cum
1671 367 1709 402 in
1742 367 1884 404 fihabus
1916 369 2023 404 etiam
2052 368 2248 416 pudicitiae
2278 368 2382 405 favor

1315 424 1358 449 oc
1381 413 1472 449 bene
1497 413 1677 449 excludit?
1713 416 1748 448 et
1771 412 1851 449 ideo
1872 414 2009 459 placuit
2027 414 2064 450 in
2084 424 2205 451 servos
2224 418 2381 450 tantum-

1289 458 1394 495 modo
1418 459 1565 495 noxales
1590 458 1749 494 actiones
1775 469 1853 494 esse
1875 459 2147 505 proponendas,
2180 470 2261 496 cum
2285 470 2307 495 a
2333 460 2382 496 ud

1289 508 1425 540 veteres
1456 505 1574 550 legum
1598 506 1896 540 commentatores
1919 505 2116 542 invenimus
2140 505 2283 551 saepius
2333 506 2381 541 ‘c-

1288 553 1364 585 tum
1389 550 1493 602 ‘ipsos
1518 550 1608 586 filios
1632 549 1788 586 familias
1811 560 1877 595 pro
1902 550 1975 586 suis
2001 551 2139 587 delictis
2163 561 2269 598 posse
2294 562 2378 587 con-

1288 596 1409 631 veniri.

1763 642 1900 682 V1111⁷

1288 712 1329 764 Sl
1354 710 1626 748 QUADRUPES
1660 709 1929 743 PAUPERIEM
1961 709 2150 759 FECISSE
2183 710 2382 746 DICITUR.

1331 777 1548 813 Animalium
1574 776 1734 819 nomine,
1768 786 1860 823 quae
1890 776 2030 812 ratione
2063 780 2204 820 carent,
2240 777 2271 814 si
2303 778 2380 824 qui-

1288 823 1392 858 dem⁸
1415 823 1562 859 lascivia
1586 826 1650 858 aut
1671 822 1811 858 fervore
1834 824 1898 857 aut
1920 821 2062 857 feritate
2085 823 2291 868 pauperiem
2322 823 2375 859 fe-

1287 869 1412 910 cerint,
1436 868 1575 904 noxalis
1595 868 1689 904 actio
1710 867 1786 913 lege
1806 867 1994 904 duodecim
2014 867 2219 903 tabularum
2239 868 2381 914 prodita

1287 917 1341 950 est
1366 917 1470 994 (Quae
1494 914 1664 949 animalia
1687 913 1718 949 si
1741 923 1857 950 noxae
1881 912 2076 955 dedantur,
2101 913 2293 958 proficiunt
2315 924 2376 950 reo

1287 959 1334 995 ad
1363 959 1388 994 li
1415 960 1627 1002 erationem,
1664 959 1748 1005 quia
1778 958 1830 994 ita
1864 958 1923 994 lex
1958 958 2144 994 duodecim
2179 959 2381 995 tabularum

1287 1005 1423 1050 scripta
1454 1008 1541 1048 est):
1574 1008 1661 1050 puta
1686 1004 1716 1040 si
1740 1014 1853 1050 equus
1878 1003 2088 1040 calcitrosus
2113 1004 2213 1040 calce
2235 1014 2380 1050 percus-

1287 1051 1374 1087 serit
1397 1054 1460 1086 aut
1483 1051 1548 1087 bos
1574 1061 1687 1086 cornu
1709 1053 1832 1095 petere
1856 1050 1981 1085 solitus
2006 1049 2158 1095 petierit.
2202 1050 2292 1085 haec
2317 1061 2379 1086 au-

1285 1100 1358 1132 tem
1392 1096 1487 1132 actio
1518 1096 1556 1132 in
1587 1096 1663 1139 his,
1700 1106 1792 1141 quae
1824 1099 1951 1131 contra
1982 1098 2150 1131 naturam
2182 1099 2378 1138 moventur,

1285 1142 1404 1178 locum
1426 1141 1558 1177 habet:
1593 1144 1750 1177 ceterum
1775 1141 1805 1176 si
1827 1140 1991 1186 genitalis
2014 1141 2062 1176 sit
2084 1139 2226 1184 feritas,
2253 1145 2379 1177 cessat.

1288 1187 1472 1233 ⁹Denique
1495 1187 1527 1223 si
1549 1197 1655 1223 ursus
1679 1186 1771 1231 fugit
1795 1197 1817 1222 a
1841 1186 1983 1221 domino
2009 1189 2045 1221 et
2067 1186 2119 1222 sic
2143 1186 2283 1229 nocuit,
2308 1198 2380 1222 non

1286 1237 1406 1279 potest
1430 1232 1611 1279 quondam
1635 1232 1800 1268 dominus
1826 1231 2023 1274 conveniri,
2056 1232 2140 1277 quia
2164 1232 2293 1268 desinit
2317 1232 2379 1268 do-

1287 1279 1403 1314 minus
1425 1289 1513 1321 esse,
1533 1278 1595 1314 ubi
1607 1278 1686 1313 fera
1700 1278 1821 1313 evasit.
1855 1277 2045 1323 pauperies
2066 1281 2185 1313 autem
2207 1281 2262 1313 est
2281 1277 2380 1313 dam-

1287 1335 1371 1359 num
1395 1324 1471 1360 sine
1501 1324 1631 1360 iniuria
1662 1323 1828 1359 facientis
1861 1322 2003 1358 datum:
2040 1333 2106 1358 nec
2139 1323 2233 1358 enim
2264 1326 2381 1368 potest

1287 1370 1417 1405 animal
1440 1369 1606 1404 iniuriam
1628 1369 1758 1405 fecisse
1782 1368 1864 1412 dici,
1889 1368 1985 1414 quod
2009 1378 2118 1404 sensu
2142 1372 2250 1404 caret.
2288 1369 2379 1404 haec

1287 1415 1383 1461 quod
1406 1415 1453 1451 ad
1476 1415 1642 1451 noxalem
1654 1415 1682 1436 ¹⁰
1706 1414 1885 1450 actionem
1908 1413 2074 1459 pertinet.

1292 1466 1303 1496 l
1402 1460 1567 1497 Ceterum
1591 1460 1777 1496 sciendum
1801 1462 1855 1495 est
1878 1457 2040 1495 aedilicio
2060 1458 2175 1495 edicto
2201 1459 2379 1504 prohiberi

1287 1517 1351 1543 nos
1384 1517 1510 1542 canem
1541 1516 1678 1542 verrem
1702 1516 1829 1551 aprum
1854 1515 1978 1540 ursum
2003 1505 2140 1540 leonem
2164 1504 2214 1539 ibi
2237 1505 2380 1546 habere,

1286 1563 1358 1598 qua
1380 1552 1484 1598 vulgo
1508 1552 1576 1587 iter
1600 1551 1656 1587 fit:
1691 1555 1727 1587 et
1758 1551 1788 1587 si
1819 1550 1991 1586 adversus
2023 1560 2066 1586 ea
2094 1550 2232 1585 factum
2257 1550 2323 1585 erit
2347 1554 2381 1586 et

1286 1597 1446 1634 nocitum
1469 1597 1603 1633 homini
1626 1597 1739 1632 libero
1765 1606 1843 1632 esse
1866 1595 2024 1638 dicetur,
2058 1595 2155 1642 quod
2186 1595 2321 1631 bonum
2344 1599 2381 1631 et

1286 1653 1439 1689 aequum
1471 1643 1580 1678 iudici
1612 1643 1770 1685 videtur,
1802 1641 1896 1677 tanti
1927 1641 2089 1677 dominus
2115 1640 2379 1683 condemnetur,

1286 1693 1485 1725 ceterarum
1509 1699 1647 1731 rerum,
1679 1687 1804 1733 quanti
1836 1687 2003 1722 damnum
2027 1686 2150 1722 datum
2174 1686 2236 1729 sit,
2269 1686 2378 1732 dupli.

1311 1738 1429 1770 raeter
1458 1735 1524 1769 has
1556 1738 1677 1769 autem
1700 1731 1882 1769 aedilicias
1899 1732 2058 1768 actiones
2083 1735 2120 1767 et
2143 1731 2187 1767 de
2210 1732 2379 1777 pauperie

1299 1791 1404 1816 ocum
1427 1780 1593 1815 habebit:
1624 1781 1855 1824 ¹¹numquam
1879 1777 1972 1813 enim
1993 1777 2151 1813 actiones
2197 1777 2378 1813 raesertim

1285 1826 1454 1872 poenales
1489 1825 1533 1861 de
1565 1824 1690 1861 eadem
1721 1834 1761 1860 re
1785 1826 2041 1860 concurrentes
2066 1823 2138 1859 alia
2161 1823 2268 1858 aiam
2293 1834 2378 1859 con-

1286 1871 1403 1907 sumit.
1795 1918 1832 1957 X
1843 1916 1872 1938 ¹2

1394 1986 1455 2019 DE
1481 1986 1559 2019 HIS
1584 1985 1673 2018 PER
1698 1984 1814 2022 QUOS
1838 1984 1994 2017 AGERE
2020 1982 2267 2016 POSSUMUS.

1334 2053 1415 2089 ¹³*N
1417 2063 1487 2089 unc
1503 2052 1718 2088 admonendi
1738 2062 1860 2088 sumus
1923 2061 1982 2087 ere
1997 2060 2104 2097 posse
2115 2050 2306 2096 quemlibet
2318 2053 2379 2086 aut

1286 2100 1359 2135 ’suo
1371 2098 1718 2135 nomineautalieno.
1739 2098 1905 2133 alienove
1920 2096 1972 2132 uti
2005 2095 2227 2132 rocuratorio
2245 2096 2378 2131 tutorio

1286 2144 1488 2187 'curatorio,
1503 2153 1584 2179 cum
1597 2143 1680 2179 olim
1693 2143 1730 2178 in
1742 2153 1811 2179 usu
1822 2142 1951 2178 fuisset
1962 2152 1985 2178 a
1999 2141 2109 2178 terius
2122 2141 2265 2177 nomine
2277 2151 2380 2187 agere

1285 2191 1366 2226 'non
1391 2200 1496 2235 posse
1521 2189 1600 2225 nisi⁴
1612 2199 1678 2234 pro
1701 2189 1847 2234 populo,
1872 2198 1937 2234 pro
1957 2187 2135 2231 libertate,
2185 2197 2225 2222 ro
2250 2187 2378 2224 tutela.

1283 2239 1471 2282 praeterea
1513 2234 1592 2280 lege
1625 2234 1782 2270 Hostilia
1815 2233 2029 2314 Hermissum
2066 2236 2120 2268 est
2170 2232 2240 2268 urti
2276 2241 2380 2277 agere

1285 2292 1408 2318 eorum
1431 2280 1584 2323 nomine,
1610 2280 1672 2325 qui
1696 2279 1792 2325 apud
1841 2282 1938 2315 ostes
1963 2282 2081 2314 essent
2104 2281 2168 2313 aut
2191 2277 2243 2313 rei
2261 2277 2378 2323 publi-

1286 2337 1350 2363 cae
1370 2336 1481 2362 causa
1501 2326 1670 2362 abessent
1690 2325 1792 2370 quive
1810 2325 1848 2360 in
1868 2335 1989 2360 eorum
2010 2324 2109 2359 cuius
2122 2323 2235 2359 tutela
2248 2326 2377 2358 essent.

1285 2376 1321 2409 et
1352 2372 1436 2453 Ἅυίε.
1466 2372 1537 2407 hoc
1560 2382 1633 2407 non
1657 2371 1837 2407 minimam
1859 2369 2186 2406 incommoditatem
2208 2368 2378 2410 habebat,

1285 2429 1356 2471 quo
1414 2417 1532 2453 alieno
1558 2417 1700 2453 nomine
1723 2426 1837 2462 neque
1863 2426 1967 2461 agere
1991 2425 2106 2460 neque
2131 2414 2295 2459 excipere
2318 2423 2378 2449 ac-

1284 2467 1417 2500 tlonem
1448 2462 1597 2505 licebat,
1632 2465 1829 2508 coeperunt
1851 2460 2013 2499 homines
2037 2471 2102 2505 per
2125 2461 2379 2505 procuratores

1283 2509 1440 2555 litigare:
1466 2518 1549 2543 nam
1574 2511 1609 2543 et
1632 2508 1778 2543 morbus
1803 2510 1840 2543 et
1863 2509 1964 2541 aetas
1989 2509 2025 2541 et
2048 2504 2252 2541 necessaria
2275 2514 2377 2550 pere-

1307 2554 1434 2590 rinatio
1459 2554 1615 2599 itemque
1647 2553 1740 2588 aliae
1771 2552 1944 2587 1111111116Μ
1969 2560 2099 2586 causae
2131 2560 2239 2595 saepe
2267 2550 2377 2595 impe-

1282 2566 1439 2636 dimento
1475 2602 1577 2640 sunt,
1613 2608 1684 2643 quo
1717 2597 1833 2633 minus
1864 2607 1940 2632 rem
1980 2607 2083 2632 suam
2120 2596 2191 2642 ipsi
2233 2595 2377 2641 exsequi

1286 2648 1302 2681 1
1351 2644 1501 2691 possint.
1556 2644 1775 2679 Procurator
1817 2651 1933 2688 neque
1969 2641 2075 2678 certis
2110 2640 2227 2677 verbis
2262 2651 2378 2686 neque

1282 2693 1471 2737 praesente
1502 2689 1723 2732 adversario,
1753 2688 1859 2724 immo
1893 2687 2101 2740 plerumque
2123 2687 2312 2733 ignorante
2335 2697 2376 2722 eo

1283 2735 1532 2773 constituitur:
1569 2734 1780 2780 cuicumque
1811 2733 1903 2769 enim
1934 2731 2138 2778 permlseris
2167 2742 2243 2768 rem
2278 2735 2376 2767 tuam

1283 2785 1303 2817 2
1351 2792 1455 2827 agere
1463 2784 1527 2816 aut
1535 2779 1735 2822 defendere,
1744 2779 1774 2815 is
1809 2777 2230 2823 rocuratorintellegitur.
2258 2777 2376 2813 15*Τιι-

1284 2828 1388 2863 ’tores
1403 2830 1438 2862 et
1450 2829 1634 2862 curatores
1648 2835 1775 2871 quema
1838 2824 1946 2860 odum
1960 2824 2241 2867 constituuntur,
2261 2823 2375 2870 primo

1283 2872 1383 2909 'libro
1409 2872 1609 2918 expositum
1633 2871 1709 2907 est.⁴

1782 2963 1838 3003 XI
1848 2961 1876 2984 16

1577 3030 1639 3064 DE
1665 3029 2081 3064 SATISDATIONIBUS.

1327 3096 1606 3133 Satisdationum
1617 3095 1744 3133 modus
1764 3096 1856 3133 alius
1876 3095 2081 3142 antiquitati
2099 3094 2246 3142 placuit,
2266 3095 2374 3131 alium

1282 3143 1420 3180 novitas
1444 3152 1508 3188 per
1531 3152 1636 3178 usum
1659 3142 1826 3189 amplexa
1850 3145 1916 3178 est.

1328 3188 1419 3224 Olim
1444 3188 1537 3223 enim
1565 3187 1641 3224 ¹⁷*si
1663 3188 1701 3224 in
1723 3198 1798 3224 rem
1823 3188 2007 3234 agebatur,
2033 3185 2209 3222 satisdare
2232 3196 2373 3232 posses-

1283 3234 1352 3270 'sor
1376 3233 1675 3279 compellebatur,
1707 3237 1764 3277 ut,
1797 3234 1828 3270 si
1851 3234 1966 3270 victus
1991 3242 2057 3268 nec
2081 3242 2155 3267 rem
2168 3231 2294 3277 ipsam
2318 3241 2372 3266 re-

1283 3279 1455 3315 'stitueret
1466 3289 1533 3315 nec
1544 3278 1616 3315 litis
1629 3279 1913 3315 aestimationem
1926 3279 1965 3321 ¹⁸,
2013 3280 2147 3314 otestas
2169 3280 2263 3313 esset
2281 3276 2371 3321 peti-

1282 3324 1360 3360 'tori
1384 3327 1449 3360 aut
1472 3334 1553 3360 cum
1577 3335 1618 3361 eo
1643 3324 1772 3370 agendi
1796 3327 1859 3360 aut
1882 3335 1963 3359 cum
2013 3322 2254 3359 deiussoribus
2276 3321 2372 3356 eius.⁴

1282 3380 1373 3415 quae
1397 3369 1582 3405 satisdatio
1607 3370 1807 3415 appellatur
1830 3369 2026 3406 iudicatum
2050 3367 2156 3404 solvi:
2190 3366 2285 3402 unde
2309 3375 2370 3400 au-

1280 3418 1352 3450 tem
1376 3414 1427 3450 sic
1451 3415 1665 3461 appellatur,
1688 3414 1796 3451 facile
1820 3418 1874 3451 est
1890 3414 2109 3458 intellegere:
2135 3420 2289 3456 namque
2310 3410 2374 3445 sti-

1273 3530 1338 3569 fin.
1352 3530 1468 3563 similis
1481 3519 1562 3574 οἷς.
1575 3530 1629 3572 50,
1645 3537 1686 3569 ιτ,
1701 3537 1752 3563 130
1768 3529 1862 3572 (σιμ.
1877 3529 1895 3562 ι.
1912 3529 1925 3561 ι
1937 3525 1950 3565 )

1327 3575 1386 3616 (11)
1416 3575 1465 3618 Cs.
1484 3575 1562 3609 Gai.
1576 3575 1608 3614 4,
1623 3582 1720 3609 aas-1
1747 3575 1904 3618 Di9.3,3
1934 3573 2009 3607 Cod.
2025 3573 2055 3614 2,
2072 3579 2101 3605 13
2207 3573 2264 3607 (13)
2294 3569 2370 3603 Gai.

1281 3621 1311 3659 4,
1326 3626 1364 3654 82
1434 3620 1491 3661 (1⁴)
1517 3619 1656 3660 multae]
1671 3621 1746 3653 dett.
1762 3632 1830 3652 cum
1845 3620 1884 3659 Θ,
1900 3630 1941 3651 111.
1957 3618 2065 3650 iustae
2081 3618 2136 3658 (m.
2151 3619 2185 3649 et
2199 3615 2307 3647 iustae
2325 3614 2370 3655 Β)

1282 3663 1361 3698 libri
1451 3665 1509 3706 (15)
1539 3664 1616 3698 Gai.
1632 3666 1663 3704 4,
1680 3672 1715 3698 85

1326 3710 1387 3751 (16)
1416 3710 1465 3754 Os.
1483 3710 1559 3744 Gai.
1574 3710 1605 3750 4,
1621 3716 1734 3744 88..102
1760 3710 1917 3752 D1'9.2,8
1947 3708 2024 3741 Cod.
2039 3708 2070 3749 2,
2085 3713 2119 3740 5⁸1
2204 3706 2264 3745 (11)
2293 3704 2368 3738 Gai.

1461 3755 1520 3796 (18)
1546 3754 1618 3787 eius
1631 3755 1693 3788 ins.
1706 3755 1784 3788 libri
2075 3789 2115 3824 7*
