2528 3918
184 106 464 152 xxxvmi

183 238 322 275 semper
344 228 415 264 hae
426 229 449 271 ¹,
502 236 581 280 uae·
599 226 886 266 manumissionis
915 231 1077 275 tempore
1099 228 1273 274 praestari

183 275 396 311 debuerunt.
451 282 490 308 se
551 282 583 308 si
617 275 634 307 t
703 282 742 310 es
777 283 907 320 operas
943 278 1071 320 postea
1105 283 1273 310 exercere

184 316 687 409 ‘reiigssassfz‘ssz‘t‘ssb‘l‘zbe
702 318 826 400 3212?
833 318 1272 410 ’,fflsszffimergefflfflff

182 413 259 452 tur,
297 409 421 453 quales
457 417 503 444 ex
532 411 651 444 aetate
682 407 853 454 dignitate
884 409 1088 445 valetudine
1115 410 1271 445 necessi-

183 459 257 489 tate
288 453 474 499 proposito
505 453 704 499 ceterisque
733 454 835 490 eius²
868 454 1009 500 generis
1045 454 1084 491 in
1120 458 1272 499 utraque

183 509 340 544 persona
362 498 544 535 aestimari
566 498 737 535 debent⁸2

234 540 283 581 17
307 543 414 579 IDEM
434 543 528 580 libro
550 544 735 590 sinyulari
761 544 806 580 de
834 544 914 580 iure
935 547 1159 591 patronatus
1205 553 1272 580 nec

183 588 384 625 audiendus
411 591 469 625 est
494 592 685 642 patronus,
716 589 748 625 si
775 589 894 635 poscit
922 599 1070 635 operas,
1102 600 1192 635 quas
1216 590 1273 626 vel

183 638 284 670 aetas
307 637 452 670 recusat
473 633 531 669 vel
553 634 741 671 infirmitas
766 634 927 680 corporis
944 645 1018 671 non
1037 635 1198 687 patiatur
1216 635 1272 671 vel

184 679 314 725 quibus
336 678 540 715 institutum
562 679 618 715 vel
639 679 864 725 propositum
887 680 981 716 vitae
1003 679 1187 715 minuitur.

233 723 284 763 18
313 723 422 760 Imm
445 724 538 761 libro
569 725 875 771 quadraqensimo
910 726 961 761 ad
987 725 1141 761 edictum
1199 725 1271 761 Suo

183 770 280 805 victu
303 769 503 814 vestituque
526 779 656 814 operas
679 773 864 815 praestare
878 770 1008 807 debere
1023 770 1190 806 libertum
1206 770 1271 806 Sa-

182 815 289 851 binus
314 814 361 850 ad
385 814 540 850 edictum
563 815 739 859 praetoris
767 815 896 851 urbani
919 816 1009 852 libro
1034 815 1159 861 quinto
1183 816 1271 852 scri-

184 861 255 896 bit:
282 859 383 905 quod
413 860 445 896 si
474 860 571 896 alere
601 870 641 895 se
669 871 743 896 non
771 860 906 906 possit,
937 861 1156 907 praestanda
1187 861 1219 897 ei
1250 871 1273 897 a

182 909 338 951 patrono
361 904 547 941 alimenta:

232 947 284 988 19
317 950 441 987 GAws
467 950 558 986 libro
589 954 720 1004 quarto
753 950 889 987 decimo
922 951 973 987 ad
1002 951 1156 988 edictum
1181 963 1272 998 pro-

181 996 336 1032 vinciale
383 998 447 1031 aut
469 999 567 1031 certe
589 1000 643 1031 ita
666 996 861 1041 exigendae
885 1000 969 1032 sunt
991 997 1038 1032 ab
1062 1007 1104 1033 eo
1129 1007 1271 1042 operae,

182 1044 224 1077 ut
245 1040 301 1077 his
325 1050 467 1086 quoque
491 1040 627 1085 diebus,
651 1041 782 1087 quibus
807 1051 935 1087 operas
959 1042 1053 1086 edat,
1079 1042 1166 1078 satis
1183 1045 1271 1078 tem-

181 1096 251 1132 pus
275 1085 323 1121 ad
347 1090 534 1131 quaestum
551 1085 765 1129 faciendum,
788 1087 885 1123 unde
903 1087 951 1122 ali
970 1087 1096 1133 possit,
1120 1088 1271 1123 habeat:

228 1129 282 1169 20
307 1130 365 1167 ΡΑ
372 1139 467 1167 mos
481 1131 573 1167 libro
591 1132 889 1183 qradraqensimo
908 1132 958 1167 ad
974 1132 1130 1168 edictum
1176 1132 1273 1178 quod

182 1176 253 1212 nisi
275 1175 350 1220 fiat,
375 1179 578 1221 praetorem
600 1186 716 1221 ipsam
735 1180 890 1222 patrono
911 1177 1166 1222 denegaturum
1186 1188 1271 1223 ope-

181 1232 304 1257 rarum
335 1221 631 1266 praestationem:
662 1221 771 1266 idque
802 1226 858 1258 est
880 1232 1019 1266 verum,
1077 1222 1137 1258 uia
1160 1234 1271 1259 unus-

183 1267 350 1312 quisque,
383 1266 479 1311 quod
508 1277 573 1312 spo
602 1266 719 1310 ondit,
752 1277 818 1303 suo
841 1267 1020 1313 impendio
1070 1277 1131 1303 are
1155 1267 1272 1311 debet,

186 1316 201 1347 1
251 1311 420 1357 quamdiu
442 1311 480 1346 id
504 1277 599 1356 quodJ
621 1311 729 1348 debet
750 1312 788 1347 in
811 1323 931 1348 rerum
956 1317 1087 1348 natura
1110 1316 1176 1349 est.
1213 1313 1272 1348 Ex

207 1357 366 1393 rovincia
387 1356 556 1392 libertum
580 1356 732 1392 Romam
754 1358 874 1393 venire
897 1358 1028 1394 debere
1051 1358 1098 1393 ad
1121 1358 1273 1394 redden-

207 1413 246 1438 as
271 1402 424 1448 operas⁴
446 1402 624 1438 Proculus
648 1402 717 1438 ait:
751 1403 815 1439 sed
846 1403 907 1448 qui
936 1403 1010 1439 dies
1034 1403 1172 1439 interea
1195 1414 1272 1440 ces-

181 1447 304 1491 serint,
327 1447 411 1482 dum
426 1446 578 1482 Romam
594 1447 692 1483 venit
701 1449 726 1490 ⁵,
750 1452 904 1493 patrono
927 1449 1055 1501 perire,
1081 1449 1272 1485 dummodo

208 1496 355 1528 atronus
378 1496 561 1538 tamquam
584 1492 638 1528 vir
660 1494 776 1529 bonus
799 1495 860 1529 et⁰
884 1494 1032 1539 diligens
1049 1497 1153 1539 pater
1167 1494 1272 1530 fami-

231 1548 248 1574 s
271 1537 409 1574 Romae
438 1541 641 1573 moraretur
670 1538 728 1574 vel
758 1538 797 1574 in
819 1539 1040 1584 provinciam
1062 1539 1271 1584 proficisca-

180 1588 258 1619 tur:
283 1586 441 1619 ceterum
465 1582 497 1618 si
514 1583 637 1627 vagari
654 1593 721 1628 per
740 1584 863 1620 orbem
880 1587 1059 1620 terrarum
1080 1584 1177 1627 velit,
1200 1594 1273 1620 non

180 1628 542 1682 esse-iniungendam
573 1628 824 1664 necessitatem
854 1629 985 1665 liberto
1022 1628 1155 1673 ubique
1192 1639 1273 1665 eum

180 1684 220 1711 se
244 1685 293 1710 m.

259 1719 277 1756 1
306 1718 352 1755 ΙΔ
361 1727 532 1755 romnus
551 1718 644 1755 libro
660 1721 766 1755 sexto
789 1729 841 1755 ex
860 1718 982 1755 Cassio
1018 1718 1159 1763 Operae
1179 1718 1272 1755 enim

180 1766 285 1801 loco⁷
309 1764 367 1800 edi
390 1763 522 1800 debent
543 1763 607 1799 ubi
629 1767 805 1809 patronus
827 1767 1008 1807 moratur,
1033 1767 1180 1810 sumptu
1203 1765 1272 1800 sci-

181 1811 266 1846 licet
289 1813 325 1846 et
347 1812 497 1846 vectura
518 1809 674 1855 patroni.

227 1852 282 1893 22
315 1854 439 1892 Gams
464 1854 556 1890 libro
587 1857 719 1900 quarto
751 1854 888 1891 decimo
922 1853 972 1890 ad
1001 1854 1155 1890 edictum
1180 1865 1272 1901 pro-

181 1900 336 1937 vinciale
381 1899 472 1936 Cum
501 1904 676 1952 patronus
708 1909 838 1945 operas
868 1899 1061 1945 stipulatus
1090 1900 1152 1942 sit,
1184 1906 1272 1935 tunc

180 1946 320 1982 scilicet
350 1945 583 1981 committitur
614 1944 814 1990 stipulatio,
856 1954 938 1981 cum
966 1945 1174 1999 poposcerit
1205 1955 1272 1981 nec

181 1991 331 2027 libertus
354 1990 584 2036 praestiterit.
632 2000 700 2026 nec
722 1990 890 2034 interest,
923 1990 1066 2026 adiecta
1089 1990 1160 2026 sint
1182 1991 1272 2026 haec

181 2037 292 2073 verba
324 2038 418 2072 ‘cum
447 2036 661 2082 poposcero'
692 2045 740 2071 an
770 2046 844 2071 non
875 2035 947 2072 sint
978 2035 1137 2072 adiecta:
1175 2036 1273 2071 aliud

182 2082 275 2118 enim
298 2084 354 2117 est
376 2080 421 2117 de
444 2081 573 2134 operis,
599 2080 698 2116 aliud
713 2081 757 2117 de
772 2081 900 2117 ceteris
915 2081 1036 2116 rebus.
1074 2091 1156 2117 cum
1180 2081 1272 2117 enim

181 2137 374 2172 operarum
396 2125 506 2162 edituo
528 2126 618 2162 nihil
641 2126 739 2162 aliud
762 2126 810 2162 sit
833 2135 940 2171 quam
969 2126 1078 2162 officii
1108 2130 1270 2172 praesta-

180 2174 252 2218 tio,
285 2172 481 2209 absurdum
513 2175 568 2207 est
595 2172 742 2208 credere
772 2171 843 2207 alio
875 2171 932 2207 die
961 2171 1083 2207 deberi
1114 2172 1272 2207 officium

187 2220 201 2251 1
251 2226 358 2261 quam
389 2226 462 2261 quo
493 2216 526 2251 is
551 2217 675 2262 vellet,
705 2216 766 2253 cui
787 2216 1045 2262 praestandum
1069 2219 1134 2252 est.
1183 2217 1272 2253 Cum

181 2261 331 2297 libertus
354 2260 561 2307 promiserit
579 2265 732 2307 patrono
757 2271 884 2307 operas
908 2271 947 2298 se
971 2261 1138 2297 daturum
1155 2272 1271 2307 neque

182 2306 353 2342 adiecerit
387 2306 591 2359 ‘liberisque
623 2306 723 2350 eius’,
764 2309 907 2342 constat
943 2306 1066 2342 liberis
1104 2307 1180 2343 eius
1220 2308 1271 2342 ita

182 2352 323 2387 demum
347 2351 486 2394 deberi,
517 2361 548 2387 si
575 2351 672 2397 patri
701 2351 849 2392 heredes
881 2351 1073 2387 extiterint.
1121 2352 1271 2388 heredes

181 2401 301 2433 tamen
334 2397 496 2433 extitisse
523 2396 656 2433 liberos
687 2397 829 2442 parenti
858 2396 911 2432 ita
934 2397 1076 2433 demum
1098 2397 1271 2443 prodesse

182 2441 229 2477 ad
253 2452 443 2487 operarum
470 2442 679 2487 petitionem
702 2442 840 2478 Iuliano
870 2442 1009 2487 placet,
1041 2442 1072 2478 si
1103 2452 1177 2478 non
1206 2452 1271 2488 per

183 2488 291 2522 alium
314 2486 462 2523 heredes
488 2487 692 2523 extiterunt.
739 2487 860 2533 itaque
891 2487 922 2523 si
951 2487 1030 2532 quis
1053 2487 1270 2524 exheredato

181 2532 406 2577 emancipato
436 2531 511 2568 filio
545 2542 686 2568 servum
717 2532 792 2568 cius
823 2532 989 2568 heredem
1017 2532 1214 2569 instituerit
1237 2537 1272 2568 et

182 2588 247 2623 per
271 2587 351 2612 eum
374 2587 513 2613 servum
536 2577 641 2614 heres
666 2577 824 2613 extiterit
842 2577 949 2620 filius,
973 2577 1097 2623 repelli
1119 2587 1200 2613 eum
1223 2578 1270 2614 ab

183 2632 372 2667 operarum
403 2622 573 2667 petitione
604 2622 751 2665 debere,
787 2622 935 2667 perinde
964 2632 1008 2659 ac
1040 2623 1271 2668 repelleretur

181 2671 373 2713 patronus,
406 2667 468 2712 qui
498 2677 627 2713 operas
658 2678 732 2703 non
760 2667 990 2712 imposuisset
1011 2668 1068 2703 vel
1091 2678 1181 2713 quas
1203 2667 1268 2703 im-

182 2717 203 2747 2
250 2713 371 2757 posuit
392 2712 658 2749 revendidisset.
693 2713 736 2747 In
755 2711 919 2749 omnibus
939 2712 1057 2758 operis
1076 2713 1270 2758 praecipue

182 2757 444 2793 observandum
469 2760 534 2800 est,
558 2761 600 2793 ut
622 2757 791 2803 temporis
816 2757 943 2802 spatia,
969 2767 1060 2803 quae
1081 2758 1129 2793 ad
1146 2768 1269 2794 curam

182 2813 225 2838 co
273 2802 344 2838 oris
368 2803 571 2839 necessaria
593 2806 688 2846 sunt,
712 2803 840 2839 liberto
863 2802 1123 2848 relinquantur.

258 2845 282 2885 3
308 2847 501 2884 Iomanes
521 2849 612 2884 libro
641 2849 833 2884 vicensimo
861 2848 1019 2884 secundo
1048 2848 1269 2895 diqestorum

182 2892 261 2928 Hae
284 2902 426 2944 operae,
451 2903 540 2938 quas
563 2893 712 2929 libertus
735 2892 929 2939 promittit,
961 2893 1111 2929 multum
1135 2893 1269 2930 distant

182 2948 206 2973 a
227 2937 417 2973 fabrilibus
439 2938 495 2974 vel
518 2938 679 2983 pictoriis
703 2938 834 2984 operis.
882 2938 1034 2983 denique
1065 2939 1096 2974 si
1118 2939 1268 2975 libertus

181 2983 286 3019 faber
308 2985 373 3018 aut
394 2982 512 3028 pictor
534 2983 660 3027 fuerit,
691 2983 858 3029 quamdiu
886 2983 923 3019 id
952 2983 1143 3019 artificium
1167 2994 1268 3020 exer-

183 3028 296 3072 cebit,
328 3028 394 3063 has
426 3038 553 3073 operas
577 3033 729 3073 patrono
751 3032 937 3074 praestare
961 3029 1110 3074 cogitur.
1158 3039 1269 3075 quare

182 3073 277 3109 sicut
298 3072 444 3108 fabriles
468 3083 597 3118 operas
645 3074 699 3110 uis
724 3077 844 3119 potest
866 3074 935 3109 sibi
957 3079 1021 3109 aut
1038 3074 1133 3110 Titio
1154 3074 1267 3120 stipu-

178 3118 269 3161 lari,
299 3118 352 3154 ita
379 3122 555 3163 patronus
586 3128 609 3153 a
650 3119 764 3155 iberto
796 3119 951 3164 operas⁸
983 3119 1052 3155 sibi
1082 3123 1146 3155 aut
1168 3119 1267 3156 Sem·

182 3163 309 3209 pronio
340 3166 439 3199 recte
468 3163 678 3208 stipulatur:
711 3168 747 3200 et
776 3164 926 3200 libertus
957 3164 1173 3210 obligatione
1195 3165 1266 3201 sol-

182 3212 294 3251 vetur,
319 3208 350 3244 si
364 3207 456 3244 tales
475 3219 496 3244 o
524 3218 604 3244 eras
619 3212 789 3244 extraneo
806 3209 952 3263 dederit,
997 3210 1095 3245 uales
1112 3214 1266 3256 patrono

186 3257 199 3288 1
275 3253 466 3290 raestando
504 3253 713 3289 iberaretur.
751 3254 787 3289 Si
807 3258 949 3299 patroni
965 3219 1086 3299 pllures
1103 3255 1266 3292 consulto

181 3299 219 3334 in
267 3299 400 3335 iversas
424 3298 586 3345 regiones
610 3298 839 3334 discesserint
864 3303 900 3335 et
915 3299 1044 3336 liberto
1061 3300 1165 3336 simul
1181 3310 1266 3345 ope-

181 3354 242 3380 ras
265 3343 467 3389 indixerint,
517 3346 612 3380 otest
634 3343 704 3379 dici
724 3344 815 3379 diem
837 3354 1026 3389 operarum
1043 3345 1179 3389 cedere,
1204 3345 1267 3381 sed

181 3389 347 3425 libertum
377 3398 451 3426 non
481 3399 503 3426 o
528 3388 650 3434 ligari,
681 3389 765 3434 quia
794 3400 867 3424 non
898 3400 963 3435 per
988 3399 1085 3435 eum,
1118 3391 1180 3427 sed
1203 3401 1267 3436 per

181 3437 353 3479 patronos
377 3437 506 3479 staret,
531 3445 602 3481 quo
624 3433 741 3469 minus
765 3444 895 3479 operae
918 3435 1064 3479 dentur,
1088 3436 1181 3471 sicut
1205 3446 1266 3471 ac-

182 3479 279 3523 cidit,
304 3489 385 3515 cum
408 3479 609 3524 aegrotanti
626 3479 755 3515 liberto
771 3489 902 3524 operae
918 3480 1133 3517 indicuntur.
1170 3481 1266 3527 quod

1260 100 1349 153 566
1556 104 1593 136 *ὲ
1634 121 1637 130 ²

1100 168 1514 178 ψ

1485 0 1557 80 5

1546 85 1550 105 1

2177 121 2240 154 DE
2268 120 2428 157 ormus

1341 228 1374 266 si
1397 228 1616 266 diversarum
1639 228 1834 267 civitatium
1857 229 2001 276 patroni
2026 230 2099 267 sint
2120 234 2157 268 et
2178 231 2216 268 in
2239 242 2307 269 sua
2328 233 2425 280 quis-

1343 283 1413 320 que
1435 278 1610 318 moretur,
1639 275 1840 312 consentire
1870 275 2002 311 debent
2025 275 2064 311 in
2088 276 2205 322 operis
2228 278 2275 314 ab
2297 288 2341 315 eo
2364 289 2425 315 ac-

1343 318 1533 364 cipiendis:
1564 320 1693 357 durum
1721 320 1879 367 alioquin
1910 323 1966 357 est
1988 330 2085 364 eum,
2117 322 2178 368 qui
2207 332 2247 358 se
2273 323 2427 360 liberare

1343 368 1463 410 potest
1485 363 1608 401 decem
1630 365 1755 403 diebus
1780 366 1979 411 operando,
2003 366 2108 402 simul
2130 368 2248 413 operis
2270 368 2426 411 indictis,

1342 409 2036 501 ztffdxffii’ft‘ssiffi&3113052232‘22‘
2049 412 2424 494 aiiffssffloiffmpm'

1388 497 1442 537 24
1471 500 1581 535 Imm
1605 467 1696 537 limgo
1727 468 2052 548 quinqulzzqensimo
2083 502 2240 539 secundo
2270 503 2425 551 diqesto-

1342 555 1424 580 rum
1471 545 1642 589 Quotiens
1666 551 1765 581 certa
1788 546 1925 592 species
1949 556 2138 592 operarum
2163 548 2202 583 in
2224 548 2425 594 stipulatio·

1342 600 1424 625 nem
1447 589 1656 634 deducitur,
1679 591 1787 627 veluti
1809 591 1982 637 pictoriae
2003 592 2167 636 fabriles,
2190 593 2265 639 peti
2310 594 2427 630 uidem

1341 645 1414 671 non
1436 639 1591 681 possunt
1611 636 1679 672 nisi
1701 636 1926 681 praeteritae,
1950 638 2036 683 quia
2059 638 2126 674 etsi
2145 648 2218 674 non
2236 648 2298 675 ver
2322 639 2365 683 is,
2388 643 2428 675 at

1341 690 1381 716 re
1403 680 1483 726 ipsa
1505 680 1599 716 inest
1623 681 1670 717 ob
1687 681 1696 689 ⁶
1742 681 1832 718 tioni
1854 686 1991 718 tractus
2015 684 2197 728 temporis,
2221 683 2327 719 sicuti
2345 694 2427 720 cum

1344 725 1481 778 Ephesi
1504 725 1582 761 dari
1604 726 1675 772 stip
1716 737 1826 769 emur,
1850 727 1925 763 dies
1949 728 2161 764 continetur.
2209 732 2247 765 et
2269 729 2350 765 ideo
2373 730 2427 765 in-

1342 770 1440 807 utilis
1464 775 1520 806 est
1541 772 1631 807 haec
1653 772 1855 817 stipulatio:
1881 775 2021 818 ‘operas
2043 776 2126 809 tuas
2148 773 2320 819 pictoriae
2343 785 2427 811 cen·

1343 819 1431 851 ‘tum
1453 815 1560 852 hodie
1583 816 1670 852 dare
1693 816 1887 862 spondes'?
1926 817 2058 853 cedunt
2086 822 2205 854 tamen
2229 829 2361 865 operae
2383 829 2428 856 ex

1343 860 1400 897 die
1423 861 1656 907 interpositae
1678 862 1931 907 stipulationis.
1979 863 2043 898 sed
2066 873 2213 909 operae,
2246 875 2334 909 quas
2362 875 2427 911 pa-

1342 909 1469 942 tronus
1493 916 1517 942 a
1539 907 1666 943 liberto
1690 907 1858 952 postulat,
1883 907 2070 944 confestim
2086 919 2158 945 non
2177 909 2319 955 cedunt,
2343 910 2428 955 quia

1341 951 1380 987 id
1418 951 1476 996 agi
1512 951 1606 988 inter
1641 962 1703 988 eos
1739 952 1898 996 videtur,
1934 963 1980 989 ne
2011 957 2095 989 ante
2126 954 2291 990 cederent
2321 965 2428 1000 quam

1342 996 1498 1033 indictae
1521 997 1692 1040 fuissent,
1723 997 1860 1033 scilicet
1890 998 1974 1043 quia
2002 1008 2047 1034 ex
2078 999 2264 1036 commodo
2286 1000 2429 1046 patroni

1341 1041 1492 1077 libertus
1516 1052 1645 1088 operas
1669 1042 1774 1078 edere
1797 1042 1921 1079 debetz
1953 1043 2051 1089 quod
2081 1044 2118 1079 in
2146 1044 2249 1081 fabro
2271 1045 2329 1081 vel
2350 1045 2427 1091 pic-

1341 1090 1422 1122 tore
1445 1087 1515 1122 dici
1537 1098 1610 1124 non
1633 1088 1810 1124 convenit.

1389 1129 1442 1170 25
1477 1132 1585 1168 lom
1620 1133 1711 1170 libro
1749 1134 2004 1187 sexaqensimo
2042 1135 2168 1182 quinto
2207 1135 2427 1182 diqestorum

1342 1177 1540 1220 Patronus,
1576 1178 1638 1223 qui
1669 1188 1798 1224 operas
1828 1179 1947 1215 hberti
1975 1180 2032 1216 sui
2060 1181 2176 1223 locat,
2207 1191 2280 1216 non
2309 1181 2429 1217 statim

1341 1222 1598 1268 intellegendus
1631 1227 1685 1259 est
1715 1224 1913 1260 mercedem
1944 1225 1990 1260 ab
2020 1235 2063 1261 eo
2095 1235 2242 1271 capere:
2273 1225 2337 1262 sed
2358 1226 2428 1262 hoc

1342 1277 1387 1348 ‘1³¹‘
1410 1271 2293 1361 {331153arxfflfflsszipffiffltffissqffi
2310 1271 2429 1352 Ξέἒιῗί

1342 1358 1487 1394 mimum
1510 1359 1674 1395 libertum
1697 1360 1830 1395 habeat
1860 1365 1897 1396 et
1918 1360 1996 1397 eius
2018 1361 2206 1397 mediocris
2225 1361 2429 1407 patrimonii

1341 1404 1406 1447 sit,
1438 1408 1480 1439 ut
1508 1415 1581 1440 non
1613 1405 1718 1440 aliter
1747 1405 1864 1450 operis
1889 1405 1964 1441 eius
1988 1406 2041 1441 uti
2064 1406 2180 1452 possit
2202 1416 2308 1451 quam
2331 1407 2427 1443 loca-

1341 1449 1431 1484 verit
1455 1459 1534 1492 eas,
1562 1450 1704 1494 exigere
1727 1450 1838 1495 magis
1863 1461 1884 1486 o
1911 1460 1991 1487 eras
2015 1461 2122 1497 quam
2146 1451 2343 1487 mercedem
2368 1462 2428 1487 ca-

1343 1496 1363 1528 2
1409 1504 1494 1539 pere
1508 1495 1765 1531 existimandus
1781 1499 1847 1531 est.
1898 1499 1971 1532 tem
1985 1496 2195 1542 plerumque
2209 1496 2337 1533 medici
2352 1507 2428 1533 ser-

1342 1549 1406 1575 vos
1430 1539 1588 1575 eiusdem
1611 1540 1700 1575 artis
1722 1539 1869 1577 libertos
1892 1540 2112 1586 perducunt,
2137 1552 2287 1588 quorum
2311 1543 2428 1588 operis

1341 1587 1515 1629 perpetuo
1539 1584 1593 1620 uti
1614 1595 1687 1621 non
1710 1585 1815 1621 aliter
1864 1590 2000 1630 ossunt,
2024 1596 2131 1640 quam
2153 1590 2196 1623 ut
2214 1597 2276 1623 eas
2296 1587 2426 1623 locent.

1343 1632 1363 1663 3
1411 1638 1455 1665 ea
1478 1633 1514 1665 et
1535 1630 1573 1665 in
1597 1630 1724 1666 ceteris
1749 1597 1947 1667 artifilgzibus
1971 1631 2042 1667 dic1
2063 1636 2227 1678 possunt.
2274 1632 2345 1669 Sed
2368 1633 2428 1679 qui

1342 1674 1460 1719 operis
1475 1674 1595 1710 liberti
1610 1675 1666 1711 sui
1681 1675 1736 1711 uti
1750 1679 1871 1721 potest
1883 1680 1920 1712 et
1934 1676 2088 1713 locando
2106 1677 2261 1723 pretium
2280 1687 2404 1713 earum
2414 1679 2429 1699 ⁹

1343 1720 1514 1765 consequi
1541 1720 1681 1763 mallet,
1721 1721 1752 1756 is
1783 1722 2039 1758 existimandus
2069 1727 2126 1758 est
2154 1722 2353 1759 mercedem
2383 1733 2428 1759 ex

1342 1767 1363 1799 4
1411 1765 1528 1810 operis
1566 1765 1686 1801 liberti
1721 1766 1779 1802 sui
1816 1777 1956 1812 capere.
2009 1767 2274 1814 Nonnunquam
2308 1771 2428 1805 autem

1341 1809 1430 1855 ipsis
1462 1810 1600 1846 libertis
1636 1811 1903 1864 postulantibus
1941 1813 2086 1858 patroni
2122 1823 2251 1859 operas
2287 1813 2426 1849 locant:

1342 1864 1412 1900 quo
1435 1855 1534 1891 facto
1558 1860 1712 1901 pretium
1736 1857 1847 1902 magis
1871 1867 2061 1903 operarum
2092 1868 2198 1904 quam
2229 1858 2427 1895 mercedem

1342 1910 1385 1936 ca
1413 1910 1473 1936 ere
1495 1900 1722 1937 existimandi
1744 1906 1839 1937 sunt.

1417 1943 1442 1983 6
1466 1946 1648 1982 ALFENUS
1670 1947 1793 1983 Istum
1812 1948 1904 1984 libro
1923 1948 2075 1994 septimo
2095 1948 2315 1995 diqestorum
2349 1949 2426 1985 Me-

1341 1990 1443 2026 dicus
1458 1991 1619 2035 libertus,
1639 1992 1735 2037 quod
1749 1995 1905 2038 putaret,
1929 1993 1962 2029 si
1974 1992 2094 2028 liberti
2106 1993 2163 2029 sui
2176 1993 2387 2030 medicinam
2401 1996 2427 2016 ¹⁰

1340 2046 1413 2072 non
1432 2036 1603 2080 facerent,
1628 2038 1740 2073 multo
1755 2038 1877 2083 plures
1893 2038 2109 2084 imperantes
2125 2038 2193 2074 sibi
2208 2039 2425 2080 habiturum,

1340 2081 1627 2163 i'i’fflai’g’ff‘nffi
1646 2086 2107 2173 igiusserseffijffiusniffe?
2125 2083 2426 2166 ἕὲἓῖιξῗῗέῗὲἑέ

1340 2181 1400 2208 ras
1414 2173 1441 2194 ¹¹
1465 2182 1593 2218 operas
1618 2173 1664 2209 ab
1688 2173 1739 2209 eis
1763 2173 1937 2219 exigeret,
1961 2174 2031 2210 hoc
2055 2178 2110 2210 est
2131 2177 2173 2209 ut
2196 2174 2427 2220 adquiescere

1340 2227 1401 2253 eos
1431 2217 1626 2254 meridiano
1655 2221 1815 2264 tempore
1846 2222 1883 2254 et
1912 2218 2124 2255 valetudinis
2157 2222 2195 2255 et
2227 2219 2425 2256 honestatis

1343 2266 1357 2296 1
1408 2272 1495 2298 suae
1518 2263 1691 2299 rationem
1715 2263 1849 2299 habere
1871 2264 2015 2300 sineret.
2050 2264 2140 2300 Item
2155 2265 2288 2310 rogavi,
2313 2265 2345 2301 si
2358 2266 2425 2301 has

1340 2314 1469 2352 operas
1491 2307 1612 2343 liberti
1623 2309 1651 2330 ¹²
1673 2308 1760 2344 dare
1783 2309 1937 2351 nollent,
1965 2310 2089 2363 quanti
2112 2314 2295 2355 oporteret
2317 2310 2425 2346 aesti-

1338 2352 1442 2387 mari.
1487 2353 1682 2399 respondit,
1707 2357 1880 2398 quantum
1903 2364 1948 2390 ex
1970 2355 2110 2390 illorum
2134 2355 2250 2400 operis
2273 2354 2424 2400 fructus,

1338 2408 1412 2433 non
1435 2402 1606 2442 quantum
1630 2408 1673 2434 ex
1691 2398 1916 2434 incommodo
1934 2399 2051 2435 dando
2071 2399 2150 2443 illis,
2175 2400 2206 2435 si
2220 2400 2426 2446 prohiberet

1340 2443 1634 2478 eos-medicinam
1658 2443 1786 2487 facere,
1812 2444 1988 2480 commodi
2010 2448 2184 2490 patronus
2209 2450 2423 2482 consecutu-

1338 2498 1400 2523 rus
1424 2492 1530 2523 esset.

1385 2530 1438 2569 27
1462 2532 1655 2569 IULIANUS
1681 2533 1773 2570 libro
1797 2534 1922 2581 primo
1946 2545 1996 2571 ex
2019 2534 2168 2571 Minicio
2214 2535 2253 2571 Si
2275 2536 2423 2572 libertus

1338 2581 1451 2613 artem
1482 2579 1690 2623 pantomimi
1718 2583 1900 2623 exerceat,
1938 2590 2060 2616 verum
2095 2583 2150 2615 est
2183 2579 2313 2617 debere
2343 2591 2423 2617 eum

1338 2633 1411 2659 non
1441 2624 1556 2659 solum
1578 2623 1647 2669 ipsi
1670 2628 1840 2669 patrono,
1871 2623 1935 2661 sed
1966 2625 2072 2660 etiam
2103 2625 2298 2661 amicorum
2327 2626 2423 2663 ludis

1336 2668 1528 2713 gratuitam
1553 2679 1698 2715 operam
1720 2670 1911 2715 praebere:
1936 2669 2030 2706 sicut
2053 2680 2134 2706 eum
2157 2669 2422 2717 quoque‘liber-

1336 2717 1432 2757 tum,
1470 2714 1531 2759 qui
1564 2714 1776 2750 medicinam
1807 2719 1966 2757 exercet,
2002 2725 2123 2751 verum
2154 2719 2211 2751 est
2239 2716 2423 2753 voluntate

1336 2758 1480 2804 patroni
1511 2763 1719 2796 curaturum
1748 2760 1859 2805 gratis
1889 2761 2023 2797 amicos
2053 2761 2140 2797 eius.
2186 2771 2302 2806 neque
2329 2762 2422 2798 enim

1336 2805 2078 2896 fiii?{effissss‘ssnffle’muiu‘ipssssmfflfi
2106 2805 2164 2843 ⁸¹¹³
2185 2810 2327 2852 “mu'’
2357 2811 2423 2843 ²⁰²

1383 2891 1437 2932 28
1462 2894 1623 2931 Pavws
1642 2895 1733 2931 libro
1756 2896 1941 2943 sinqulari
1961 2896 2006 2931 de
2028 2897 2109 2932 iure
2123 2899 2347 2950 patronatus
2383 2898 2421 2934 Si

1338 2939 1488 2975 duorum
1506 2940 1705 2986 pluriumve
1724 2941 1922 2976 communis
1937 2940 2067 2978 liberta
2079 2952 2185 2978 umus
2200 2942 2344 2988 patroni
2358 2954 2419 2979 vo-

1336 2984 1475 3021 luntate
1498 2986 1671 3030 nupserit,
1698 2986 1801 3021 alteri
1824 2990 1976 3032 patrono
1998 2986 2055 3023 ius
2078 2996 2266 3033 operarum
2288 2992 2418 3024 manet.

1383 3028 1438 3068 29
1469 3029 1665 3066 Umsws
1690 3031 1782 3067 libro
1812 3032 2065 3079 sexagensimo
2094 3036 2226 3078 quarto
2255 3033 2306 3069 ad
2326 3033 2420 3070 edic-

1339 3078 1413 3110 tum
1459 3074 1498 3111 Si
1528 3085 1717 3120 operarum
1748 3076 1880 3113 iudicio
1910 3079 2031 3112 actum
2055 3076 2164 3113 fuerit
2187 3087 2268 3113 cum
2291 3078 2419 3114 liberto

1336 3123 1373 3157 et
1394 3123 1569 3166 patronus
1593 3120 1797 3164 decesserit,
1821 3121 1986 3158 convenit
2006 3122 2275 3158 translationem
2297 3123 2420 3159 heredi

1336 3168 1505 3201 extraneo
1529 3175 1603 3201 non
1616 3167 1643 3187 ¹³
1667 3176 1745 3203 esse
1768 3166 1939 3203 dandam:
1963 3165 2037 3203 filio
2060 3171 2180 3202 autem
2203 3171 2240 3203 et
2261 3167 2293 3204 si
2315 3168 2418 3205 heres

1336 3221 1410 3246 non
1440 3213 1539 3247 extat
1568 3214 1606 3247 et
1634 3211 1664 3247 si
1694 3211 1738 3248 lis
1762 3215 1964 3248 contestata
1974 3212 2002 3233 ¹⁴
2030 3222 2103 3248 non
2133 3212 2269 3256 fuerat,
2298 3217 2418 3250 tamen

1335 3255 1537 3292 omnimodo
1562 3257 1741 3301 competit,
1764 3257 1834 3293 nisi
1856 3256 2092 3293 exheredatus
2115 3257 2173 3293 sit.

1381 3298 1434 3338 30
1462 3300 1609 3336 Cusus
1628 3302 1719 3337 libro
1743 3302 1951 3338 duodecimo
1974 3302 2194 3349 diqestorum
2240 3302 2278 3338 Si
2308 3302 2417 3339 liber-

1334 3348 1394 3381 tus
1416 3345 1469 3381 ita
1490 3345 1661 3382 iuraverit
1683 3346 1769 3383 dare
1792 3356 1841 3390 se,
1865 3350 1952 3392 quot
1973 3357 2102 3392 operas
2122 3351 2298 3401 patronus
2321 3349 2417 3384 arbi-

1333 3394 1451 3426 tratus
1475 3391 1540 3433 sit,
1570 3401 1643 3427 non
1673 3392 1778 3427 aliter
1805 3395 1924 3428 ratum
1953 3391 2031 3428 fore
2053 3393 2239 3428 arbitrium
2261 3393 2417 3439 patroni,

1335 3446 1441 3481 quam
1464 3436 1494 3470 si
1518 3446 1670 3481 aequum
1695 3437 1889 3474 arbitratus
1913 3436 1970 3473 sit.
2018 3441 2055 3473 et
2075 3437 2151 3474 fere
2174 3448 2218 3474 ea
2238 3447 2338 3474 mens
2360 3442 2418 3475 est

1334 3491 1522 3527 personam
1552 3482 1700 3518 arbitrio
1731 3482 2040 3525 substituentium,
2070 3486 2129 3527 ut,
2158 3483 2244 3528 quia
2271 3487 2417 3529 sperent

182 3570 225 3636 (i)
248 3593 380 3629 hasten
450 3594 493 3636 (2)
519 3593 664 3627 eiusdem
677 3591 730 3626 F·
800 3595 842 3635 (3)
868 3593 981 3635 quales
993 3597 1135 3637 patrono
1146 3605 1265 3638 operae
1332 3593 1446 3628 liberti
1458 3595 1547 3637 quod
1559 3595 1942 3639 putaretsimedioinam
1954 3597 2191 3642 Bynkerehoek
2253 3599 2308 3637 (ιι)
2331 3596 2415 3632 libo-

182 3638 334 3682 edantur,
346 3648 387 3673 ex
398 3640 505 3673 aetate
516 3660 526 3673 .
534 3662 559 3672 ..
571 3638 740 3673 aestimari
750 3637 847 3672 debet
856 3650 920 3672 scr.
984 3642 1027 3681 (⁴)
1045 3643 1078 3672 et
1089 3640 1160 3673 vice
1173 3650 1265 3674 versa

182 3685 242 3717 im.
307 3685 351 3725 (a)
375 3683 453 3718 inve
463 3684 671 3727 provinciam
683 3685 742 3718 im.
810 3685 857 3726 (ο)
881 3693 919 3716 ao
931 3683 984 3716 F²
1048 3687 1090 3726 (7)
1115 3684 1189 3718 loco
1202 3686 1264 3719 del.

182 3728 229 3772 (ι)
250 3740 305 3762 eas
319 3732 377 3763 ine.
391 3738 449 3763 aut
458 3738 574 3773 operas
585 3729 648 3763 dcl.
718 3732 761 3771 (ο)
786 3739 901 3763 eorum
911 3728 967 3761 Γ*
1035 3731 1094 3771 (ιο)
1118 3730 1266 3762 medicus

1332 3638 1483 3718 ἓξὲξ·
1536 3642 1596 3682 (12)
1619 3640 1716 3674 liberi
1732 3641 1767 3674 F
1814 3644 1871 3682 (13)
1896 3652 1964 3675 non
1977 3643 2038 3676 del.
2055 3643 2208 3677 Cbiaca'm
2253 3644 2312 3685 (u)
2335 3652 2415 3676 oon-
