2528 3918
173 124 419 167 xxxma

173 247 265 284 enim
289 247 335 283 ab
359 247 499 283 heredis
521 247 651 284 herede
674 248 745 284 inci
770 248 799 283 it
822 259 908 284 usus
933 248 1083 291 fructus,
1108 249 1190 294 qui¹
1214 258 1260 284 ex

172 303 327 339 persona
351 293 426 328 eius
455 291 610 328 finietur.
657 292 722 329 sed
777 293 786 301 '
831 294 974 329 casibus
1005 293 1051 329 de
1082 294 1261 330 sententia

172 337 354 374 testatoris
372 337 615 383 quaerendum
631 341 696 383 est,
713 338 773 391 qui
788 338 911 384 utique
927 338 971 373 de
991 348 1033 374 eo
1051 349 1120 374 usu
1140 338 1260 374 fructu

174 382 392 419 detrahendo
417 382 545 426 sensit,
577 383 638 429 qui
661 387 872 419 comunctus
898 387 992 419 esset
1014 384 1155 419 heredis
1178 394 1259 429 per-

173 438 298 463 sonae:
348 438 394 463 uo
419 428 576 463 extincto
599 428 751 464 solidam
772 428 1024 474 proprietatem
1053 428 1101 464 ad
1123 429 1259 474 legata-

172 473 264 508 rium
286 438 397 508 voffuit
418 473 597 525 pertinere
629 483 695 509 nec
717 474 798 519 plus
822 473 1015 509 transmitti
1046 474 1093 509 ad
1116 484 1259 510 succes-

172 528 288 553 sorem
312 528 428 561 suum,
453 518 535 564 qm²
558 518 716 554 nondum
739 518 872 553 habere
895 518 1012 563 coepit
1034 529 1140 554 usum
1162 518 1259 554 fruc-

175 566 190 597 1
240 566 335 606 tum,
349 573 475 643 εἰῈίιιιιιι
498 563 530 599 si
550 563 623 599 iam
652 563 786 599 habere
818 563 1006 615 coepisset.
1058 563 1098 616 Si
1126 563 1259 616 fundus

173 607 324 650 duobus,
433 618 520 644 usus
543 608 684 644 finctus
707 609 845 653 legatus
868 612 925 650 sit,
957 619 1031 644 non
1053 612 1199 644 trientes
1222 619 1260 644 ιιι

174 663 241 688 usu
265 652 398 695 fructu,
422 653 487 690 sed
508 654 673 690 semisses
697 653 983 689 constituuntur:
1017 653 1182 700 idemque
1206 658 1261 689 est

173 708 217 733 ex
240 698 433 742 contrario,
457 699 489 734 si
512 698 583 734 duo
608 699 680 734 sint
702 698 892 734 fructuarii
916 703 953 733 et
976 698 1036 734 alii
1084 699 1260 745 roprietas

171 745 289 788 legata
311 747 377 780 est.
423 747 460 780 et
481 744 575 780 inter
598 754 659 780 eos
682 747 822 779 tantum
851 742 1046 780 adcrescen
1073 745 1082 752 '
1113 745 1170 780 ius
1193 748 1259 780 est.

217 785 271 826 27
296 787 501 825 Scaevoza
539 789 631 826 libro
662 790 788 835 primo
829 799 1087 834 responsorum
1150 789 1261 825 Uxori

174 834 319 914 niiatziltilus
344 844 414 915 peg-l
429 833 740 914 fideigomrflissiam
762 844 868 870 usum
890 834 1047 915 &fflirtm
1071 838 1107 870 et
1130 834 1202 887 alia
1226 838 1261 870 et

174 889 219 915 ιο
340 889 381 914 ra
481 890 514 915 vi
563 892 572 914 :
630 889 890 915 ereesusum
981 890 1259 915 cumeicon-

173 890 373 960 cessenffit:
397 889 482 970 p&
495 924 676 960 biennium
691 924 857 960 illicitum
869 925 1134 960 matrimonium
1149 924 1261 960 fuisse

174 969 443 1014 pronuntiatum
466 973 538 1006 est:
572 969 772 1015 quaesitum
796 974 862 1012 est,
887 980 933 1005 an
956 970 1005 1013 id,
1036 970 1133 1016 quod
1156 980 1259 1016 prae-

172 1014 277 1050 terito
308 1018 470 1060 tempore
517 1015 696 1057 ossedit⁴,
728 1015 775 1051 ab
807 1025 851 1051 ea
874 1015 988 1060 repeti
1012 1015 1136 1060 possit.
1185 1025 1259 1050 res-

173 1059 298 1104 pondit
323 1059 380 1103 id,
411 1026 516 1106 quod)
538 1060 677 1096 fructus
709 1060 850 1096 nomine
872 1060 1110 1106 percepisset,
1146 1060 1260 1106 repeti

198 1115 291 1140 osse.

173 1117 195 1150 p
217 1146 271 1188 28
295 1149 353 1185 ΡΑ
360 1160 404 1186 Ul.
411 1160 455 1186 vs
468 1150 559 1186 libro
576 1151 680 1186 tertio
697 1150 834 1186 decimo
849 1160 1108 1196 responsorum
1174 1161 1258 1187 uae-

172 1207 224 1239 ro,
248 1195 279 1231 si
302 1205 389 1231 usus
412 1194 553 1230 fructus
576 1194 679 1230 fundi
707 1196 845 1240 legatus
869 1200 924 1230 est
946 1199 984 1231 et
1007 1196 1119 1231 eidem
1213 1195 1259 1232 do

171 1240 383 1276 indictiones
407 1244 477 1275 tem
504 1241 642 1276 orariae
671 1240 829 1276 indictae
851 1240 941 1282 sint,
998 1240 1059 1276 uid
1089 1241 1177 1276 iuris
1201 1241 1259 1277 sit.

173 1285 305 1321 Paulus
328 1295 460 1331 respon
498 1290 514 1320 t
536 1285 630 1320 idem
652 1286 739 1321 iuris
772 1295 849 1321 esse
872 1289 909 1320 et
930 1285 970 1321 in
1020 1286 1027 1293 '
1072 1286 1259 1331 speciebus

170 1341 262 1410 auiae
284 1334 412 1376 postea
433 1330 659 1373 indicuntur,
692 1330 789 1376 quod
810 1330 847 1365 in
870 1331 1103 1376 vectigalibus
1128 1331 1258 1377 depen-

195 1376 293 1412 endis
317 1386 527 1421 responsum
551 1380 623 1411 est:
648 1376 800 1421 ideoque
822 1376 892 1411 hoc
917 1386 1008 1412 onus
1032 1376 1079 1412 ad
1097 1375 1258 1412 fructua-

172 1422 263 1456 rium
285 1421 454 1466 pertinet.

216 1463 269 1503 29
298 1466 421 1502 Galus
439 1465 531 1502 libro
555 1467 681 1512 primo
709 1465 1067 1511 fideicommissorum
1119 1465 1158 1502 Si
1181 1467 1259 1513 quis

172 1522 275 1546 usum
298 1510 455 1546 fructum
477 1510 633 1555 legatum
657 1510 725 1546 sibi
748 1511 810 1546 alii
832 1512 1021 1548 restituere
1042 1522 1083 1548 ro
1130 1515 1190 1548 tus
1214 1513 1261 1548 sit

171 1555 1260 1648 {izssffloss-{ef‘ssffissitissdissffiufissssssffiessaffiioffl{33⁶

170 1646 250 1681 tatii
273 1649 398 1691 pereat
420 1647 534 1682 usus⁵
557 1645 715 1690 fructus,
749 1646 846 1692 quod
873 1647 958 1683 huic
986 1648 1064 1693 ipso
1094 1647 1174 1683 iure
1197 1648 1258 1683 ad-

170 1691 321 1772 ·piisitus
345 1695 411 1734 est,
434 1694 555 1727 tamen
577 1695 724 1737 praetor
746 1691 991 1729 iurisdictione
1013 1702 1080 1728 sua
1092 1692 1130 1728 id
1153 1703 1260 1745 agere

170 1751 182 1772 ι
195 1737 294 1780 ebet‚
325 1741 367 1771 ιιι
389 1736 482 1772 idem
506 1740 684 1780 servetur,
717 1737 813 1783 quod
840 1737 1002 1773 futurum
1026 1742 1131 1781 esset,
1160 1748 1192 1774 si
1215 1739 1258 1780 ei,

170 1782 229 1835 cui
251 1792 296 1834 ex
318 1781 588 1834 fideicommisso
613 1782 800 1818 restitutus
825 1787 931 1826 esset,
962 1783 1071 1828 legati
1093 1783 1171 1818 iure
1196 1783 1258 1819 ad-

169 1827 520 1924 ῳιξὸωῗᾼίιξιιῖῗιξῇε
541 1871 631 1907 libro
654 1872 813 1908 secundo
836 1883 886 1908 ex
902 1873 1172 1919 posterioribus
1189 1872 1259 1909 La-

169 1918 293 1954 beonis
339 1916 406 1952 Cui
428 1927 516 1952 usus
539 1916 679 1953 fructus
702 1917 841 1963 legatus
866 1922 976 1961 esset,
1010 1918 1124 1954 donec
1149 1918 1181 1954 ei
1203 1922 1259 1954 ιο-

168 1965 240 1998 tius
263 1962 357 1998 dotis
388 1961 597 2004 satisfieret,
628 1973 710 1997 cum
741 1963 774 1997 ei
803 1963 931 1999 heres⁶
960 1974 1027 2009 pro
1058 1973 1126 1999 sua
1156 1967 1260 2009 parte

169 2007 257 2043 satis
273 2007 440 2051 dedisset,
460 2007 622 2053 quamvis
638 2007 765 2053 reliqui
784 2008 872 2044 satis
889 2019 964 2044 non
979 2008 1116 2052 darent,
1141 2013 1260 2044 tamen

170 2063 234 2098 pro
259 2062 303 2088 ea
324 2056 430 2098 parte
451 2063 556 2088 usum
574 2052 732 2088 fructum
750 2053 911 2089 desinere
926 2054 1060 2090 habere
1079 2054 1259 2089 mulierem

169 2098 220 2133 ait
241 2097 386 2133 Labeo:
410 2097 505 2133 idem
527 2097 606 2133 fieri
629 2102 666 2133 et
688 2098 719 2133 si
733 2108 800 2143 per
823 2098 1004 2134 mulierem
1023 2110 1123 2135 mora
1145 2099 1258 2142 fieret,

172 2146 187 2178 1
236 2153 306 2188 quo
331 2143 447 2179 minus
471 2143 559 2178 satis
584 2142 773 2189 acciperet.
830 2142 965 2179 Colono
997 2154 1063 2180 suo
1096 2145 1258 2180 dominus

168 2199 272 2224 usum
287 2187 446 2224 fructum
459 2187 572 2231 fundi,
596 2198 701 2240 quem
720 2188 751 2224 is
764 2188 916 2231 colebat,
932 2189 1127 2234 legaverat:
1153 2191 1259 2235 agat⁷

169 2233 320 2269 colonus
345 2243 427 2268 cum
449 2232 581 2269 herede
603 2236 673 2275 ita,
705 2237 747 2268 ιιι
768 2233 875 2269 iudex
899 2239 1005 2279 cogat
1027 2234 1194 2270 heredem
1217 2245 1261 2270 ex

168 2278 362 2315 locationis
385 2278 528 2314 actione
550 2288 631 2314 eum
654 2278 816 2314 liberare.

214 2320 265 2362 31
294 2323 428 2358 Lasso
457 2322 549 2359 libro
580 2323 738 2360 secundo
762 2324 1010 2371 posteriorum
1041 2336 1065 2360 a
1087 2323 1259 2359 Iauoleno

168 2370 445 2416 epitomatorum
491 2368 527 2403 Is
552 2368 614 2414 qui
635 2368 786 2404 fundum
807 2372 927 2404 tecum
949 2379 1171 2406 communem
1194 2370 1258 2404 ha-

168 2414 278 2449 bebat
300 2423 404 2449 usum
426 2412 584 2449 fructum
606 2413 710 2449 fundi
725 2414 830 2449 uxori
845 2414 1042 2459 legaverat:
1093 2419 1151 2450 ost
1165 2424 1258 2450 mor-

167 2464 240 2495 tem
263 2459 340 2494 eius
368 2463 488 2494 tecum
518 2459 622 2494 heres
651 2459 826 2495 arbitrum
857 2460 1035 2495 communi
1092 2459 1258 2495 ‘vidundo

194 2504 329 2540 etierat.
376 2503 528 2539 Blaesus
551 2504 604 2539 ait
626 2504 836 2540 Trebatium
864 2504 1113 2551 respondisse,
1145 2505 1176 2540 si
1198 2514 1258 2540 ar-

167 2516 260 2585 Biter
284 2548 392 2584 certis
415 2549 619 2594 regionibus
642 2549 793 2585 fundum
818 2549 1003 2593 divisisset,
1033 2550 1109 2588 eius
1159 2550 1257 2592 artis,

169 2605 260 2640 quae
283 2594 349 2630 tibi
373 2594 561 2639 optigerit,
597 2605 703 2630 usum
737 2594 894 2630 fructum
924 2595 1064 2630 mulieri
1093 2606 1118 2630 ιι
1169 2605 1191 2630 a
1214 2605 1257 2630 ex

169 2643 273 2685 parte
297 2639 429 2682 deberi,
452 2639 517 2675 sed
540 2640 627 2681 eius,
652 2639 748 2685 quod
771 2639 895 2676 heredi
918 2650 964 2686 op
983 2640 992 2648 ⁶
1019 2640 1027 2647 '
1048 2644 1114 2683 set,
1146 2640 1257 2676 totius

168 2695 272 2720 usum
295 2683 452 2719 fructum
469 2695 547 2720 eam
566 2685 781 2721 habituram.
825 2695 889 2730 ego
907 2685 978 2721 hoc
1017 2685 1132 2721 alsum
1150 2689 1256 2731 puto:

170 2740 252 2764 nam
292 2740 372 2764 cum
412 2733 496 2764 ante
527 2730 701 2766 arbitrum
733 2730 912 2766 communi
948 2729 1139 2766 dividundo
1173 2741 1257 2766 con-

168 2775 312 2810 iunctus
343 2784 409 2819 pro
440 2774 590 2810 indiviso
622 2785 665 2810 ex
697 2779 800 2822 parte
831 2774 977 2811 dimidia
1011 2776 1121 2811 totius
1155 2775 1258 2811 fundi

170 2829 256 2855 usus
279 2818 419 2855 fructus
443 2820 599 2855 mulieris
623 2820 768 2863 fuisset,
805 2831 878 2857 non
899 2820 1060 2866 potuisse
1083 2821 1257 2857 arbitrum

168 2865 263 2900 inter
278 2864 385 2943 talios
416 2864 606 2944 iudicando
641 2865 786 2901 alterius
818 2866 875 2901 ius
899 2870 1056 2901 mutare:
1093 2865 1190 2911 quod
1222 2871 1258 2901 et

170 2919 253 2945 rece
295 2920 355 2944 um
380 2919 442 2944 es.

215 2951 240 2992 3
294 2953 399 2990 Scae
406 2963 496 2989 νοιᾼ
515 2954 605 2990 libro
621 2956 749 3001 quinto
768 2955 905 2992 decimo
921 2955 1142 3002 diqestorum
1186 2956 1256 2991 Ge-

170 2999 283 3036 nerali
306 3009 351 3035 ca
375 2998 424 3035 ite
447 3000 651 3045 praeposito
672 3000 815 3046 quidam
830 3001 870 3036 in
885 3003 1099 3037 testamento
1123 3011 1189 3037 suo
1206 3001 1259 3037 ita

170 3044 320 3081 adiecit:
347 3048 356 3063 ‘
391 3044 482 3087 elici,
507 3055 611 3089 quem
634 3045 785 3081 liberum
809 3055 888 3082 esse
909 3046 1007 3089 iussi,
1032 3056 1136 3082 usum
1159 3046 1256 3082 fruc-

170 3093 258 3125 ‘tum
281 3088 385 3125 fundi
406 3088 610 3142 Vestigiani·
625 3090 725 3136 lego:
759 3091 861 3126 cuius
915 3091 1144 3137 roprietatem
1167 3095 1256 3137 puto

170 3138 218 3171 ‘te
252 3138 546 3177 consecuturum,
583 3145 612 3170 si
646 3146 718 3171 non
753 3140 882 3172 conten
909 3136 977 3172 eris
1013 3147 1095 3172 cum
1128 3136 1258 3172 herede

170 3184 279 3222 ‘meo‚
311 3179 375 3216 sed
407 3179 849 3231 potiusroncordaveris:
890 3180 953 3217 sed
985 3185 1021 3217 et
1051 3185 1109 3224 tu,
1141 3182 1257 3225 heres,

170 3225 301 3261 ‘omnia
324 3224 395 3267 fac,
420 3229 460 3260 ut
482 3225 587 3260 amici
610 3225 706 3260 sitis:
739 3226 808 3261 hoc
838 3226 931 3262 enim
958 3227 1059 3263 vobis
1084 3226 1256 3272 expedit':

194 3271 371 3307 uaesitum
394 3274 459 3312 est,
484 3279 532 3305 an
554 3269 691 3305 vivente
706 3271 838 3306 herede
861 3271 1000 3318 exigere
1023 3272 1137 3318 possit
1155 3271 1258 3307 Felix

185 3315 273 3351 undi
294 3314 560 3361 proprietatem.
833 3316 842 3324 ’
1058 3317 1067 3325 ’

176 3365 188 3395 1
238 3360 299 3397 lici
328 3360 529 3406 proprietas
564 3358 666 3395 fundi
696 3360 814 3405 legata
843 3361 1032 3398 videretur.
1078 3362 1189 3398 Filios
1213 3372 1258 3397 ex

171 3406 252 3442 Seio
277 3410 312 3441 et
334 3405 445 3441 filiam
468 3415 513 3441 ex
536 3404 605 3440 alio
630 3405 757 3440 marito
781 3405 929 3442 heredes
952 3407 1107 3443 instituit
1135 3407 1257 3453 aequis

170 3451 393 3497 portionibus
424 3454 462 3486 et
491 3449 597 3485 matri
626 3449 680 3485 ita
701 3450 898 3495 legaverat:
933 3452 1069 3489 ‘Aeliae
1099 3451 1258 3488 Dorcadi

172 3496 287 3531 ‘matri
311 3505 412 3532 meae
434 3495 512 3531 dari
534 3494 625 3537 volo,
651 3494 770 3540 quoad
792 3495 927 3539 vivat⁸‚
959 3506 1064 3533 usum
1099 3496 1256 3533 fructum

607 3315 791 3360 respondit
807 3316 893 3352 mhil
915 3327 1080 3363 proponi,
1105 3327 1171 3352 cur
1187 3316 1255 3352 Fe-

173 3612 211 3649 (1)
236 3609 295 3653 qui
307 3609 435 3653 incipit
446 3619 527 3642 usus
538 3608 668 3641 fruetus
678 3620 740 3643 na·-
820 3611 863 3649 (2)
882 3620 979 3642 suum
993 3611 1064 3653 qui]
1077 3611 1108 3643 si
1119 3610 1179 3653 qui
1190 3621 1254 3644 m.

173 3656 218 3737 g),
238 3653 495 3743 ἓῑΐτζιοιίἔαι.
553 3655 597 3696 (4)
619 3653 773 3698 percepit
783 3665 848 3688 vm
859 3656 898 3688 do
918 3654 1028 3689 Water
1084 3655 1129 3697 (s)
1153 3665 1217 3688 ιιιιι
1227 3654 1263 3689 1?

1248 123 1335 172 462

1502 34 1570 128 Ὗ

1841 141 1904 172 DE
1932 140 2016 173 USU
2042 142 2101 173 m·
2128 141 2211 175 usu
2239 142 2412 175 mucro

1330 249 1516 285 ‘bonorum
1539 259 1707 294 meorum,
1731 251 1782 286 ita
1797 254 1839 286 ut
1860 254 1944 296 post
1963 250 2099 286 obitum
2122 251 2197 288 eius
2221 251 2268 288 ad
2282 252 2411 290 liberos

1330 297 1438 330 ‘meos
1462 298 1527 330 aut
1548 295 1595 331 ad
1618 305 1709 339 eum,
1741 296 1803 341 qui
1826 305 1871 330 ex
1893 296 1948 331 his
1971 296 2074 340 vivet,
2103 297 2304 342 pertineat’.
2350 298 2412 334 filii

1329 343 1412 384 post
1435 339 1568 375 aditam
1590 340 1823 376 hereditatem
1852 340 2094 376 decesserant:
2126 342 2326 387 quaesitum
2357 347 2412 379 est

1331 388 1471 420 mortua
1493 388 1607 420 matre
1629 386 1820 431 superstite
1842 385 1916 421 filia
1938 386 2131 422 testatricis
2161 397 2248 423 usus
2271 387 2411 423 fructus

1330 432 1450 464 utrum
1474 429 1520 465 ad
1543 429 1657 466 solam
1679 430 1787 466 filiam
1811 441 1858 466 an
1881 441 1964 467 vero
1987 442 2053 476 pro
2076 432 2242 476 portione
2273 432 2411 468 heredi-

1328 474 1412 509 tatis
1435 474 1640 526 pertineret.
1685 476 1871 522 respondit
1893 476 1939 511 ad
1963 486 2023 511 eos
2046 476 2172 519 redire,
2204 477 2300 523 apud
2322 488 2411 523 quos

1329 522 1529 599 fficpnetas
1545 523 1650 555 esset.
1693 520 1900 556 Culmum:
1925 532 1997 557 non
2016 521 2166 556 credidit
2178 522 2295 567 ipsum
2309 533 2412 558 usum

1387 568 1483 599 ctum
1505 564 1543 599 in
1564 565 1676 600 vicem
1691 566 1897 611 portionum
1913 566 2206 602 hereditariarum
2218 571 2302 613 post
2318 578 2411 603 mor-

1328 612 1401 644 tem
1425 609 1525 644 aviae
1547 609 1641 645 inter
1662 610 1674 645 i
1700 620 1759 646 sos
1783 610 1917 654 datum,
1950 621 1992 647 eo
2016 622 2051 646 m
2100 612 2147 654 's,
2172 612 2268 657 quod
2291 613 2412 658 aequis

1329 656 1349 688 2
1396 654 1559 699 partibus
1582 654 1648 690 her
1694 665 1732 691 es
1757 658 1859 691 erant
1881 656 2014 702 scripti.
2053 622 2173 692 Βὄζοι-1
2188 667 2293 693 usum
2315 656 2411 693 fruc-

1327 703 1404 734 tum
1428 699 1596 735 domuum
1620 703 1655 735 et
1677 701 1833 736 omnium
1850 711 1980 744 rerum,
2004 712 2096 754 quae
2120 702 2157 737 in
2180 702 2236 737 his
2251 701 2413 738 domibus

1329 747 1444 787 erant,
1469 748 1617 790 excepto
1705 750 1786 781 ento
1810 746 2000 791 legaverat,
2023 751 2107 782 item
2131 757 2234 782 usum
2256 746 2413 782 fructum

1327 788 1518 825 fundorum
1556 793 1593 825 et
1628 790 1840 826 salinarum:
1880 791 2080 836 quaesitum
2112 797 2185 835 est,
2225 802 2271 827 an
2308 792 2413 828 lanae

1328 834 1502 879 cuiusque
1532 834 1662 870 coloris
1694 835 1821 871 mercis
1853 846 1963 871 causa
1992 838 2177 882 paratae⁹,
2213 837 2298 873 item
2328 848 2413 883 pur·

1328 889 1452 924 purae,
1476 890 1568 925 quae
1589 880 1627 916 in
1651 879 1814 916 domibus
1839 885 1916 916 erat
1929 883 1966 924 ¹⁰,
1989 891 2077 917 usus
2093 881 2231 918 finctus
2255 883 2288 918 ei
2305 882 2412 918 debe·

1327 928 1439 960 retur.
1485 924 1670 970 respondit
1693 929 1842 971 excepto
1859 930 2005 971 argento
2021 931 2058 962 et
2078 927 2146 969 his,
2171 937 2263 973 quae
2286 928 2413 963 mercis

1329 979 1440 1005 causa
1481 972 1728 1015 comparata¹¹
1759 974 1861 1013 sunt,
1897 975 2097 1007 ceterorum
2131 972 2288 1007 omnium
2309 983 2414 1008 usum

1329 1018 1348 1049 3
1395 1013 1553 1050 fructum
1575 1015 1782 1060 legatariam
1811 1016 1957 1051 habere.
2002 1016 2099 1051 Idem
2128 1017 2297 1062 quaesiit,
2334 1028 2414 1053 cum

1327 1060 1365 1094 in
1390 1060 1532 1102 salinis,
1563 1070 1714 1106 quarum
1737 1071 1824 1096 usus
1853 1060 1993 1096 fructus
2023 1061 2160 1106 legatus
2184 1066 2298 1104 esset,
2329 1063 2414 1098 salis

1328 1105 1492 1140 inventus
1523 1105 1571 1140 sit
1599 1115 1672 1140 non
1694 1106 1859 1141 minimus
1883 1106 2028 1149 modus,
2059 1117 2107 1142 an
2131 1106 2178 1142 ad
2199 1117 2347 1143 uxorem
2371 1118 2415 1143 ex

1329 1160 1440 1185 causa
1461 1150 1724 1187 fideicommissi
1739 1161 1827 1186 usus
1843 1150 1982 1187 fructus
2004 1151 2192 1196 pertineat.
2231 1152 2415 1198 respondit

1330 1195 1373 1231 de
1395 1195 1452 1231 his
1475 1195 1646 1241 legandis,

1329 1244 1350 1275 4
1396 1244 1616 1276 testatorem.
1661 1241 1678 1276 1
1703 1251 1756 1276 em
1775 1241 1939 1286 quaesiit,
1964 1251 2046 1276 cum
2062 1241 2186 1277 eodem
2201 1246 2413 1278 testamento

1327 1286 1380 1320 ita
1403 1286 1554 1321 caverit:
1579 1288 1614 1320 ‘a
1637 1290 1673 1321 te
1687 1289 1784 1332 peto,
1808 1297 1910 1328 uxor,
1934 1286 1987 1321 uti
2004 1297 2047 1322 ex
2070 1297 2139 1322 usu
2154 1286 2286 1330 fructu,
2311 1298 2414 1333 quem

1329 1331 1407 1366 ‘tibi
1428 1331 1606 1376 praestari
1630 1331 1709 1366 volo
1733 1331 1770 1366 in
1793 1341 1927 1366 annum
1939 1331 2100 1376 quintum
2118 1332 2304 1375 decimum,
2329 1343 2414 1368 con-

1327 1378 1439 1411 ‘tenta
1463 1376 1512 1411 sis
1536 1377 1664 1411 annuis
1687 1376 1969 1422 quadringentis,
2002 1377 2098 1422 quod
2121 1387 2178 1412 am
2203 1377 2272 1413 lius
2295 1377 2414 1420 fuerit,

1329 1421 1539 1457 ‘rationibus
1561 1421 1703 1457 heredis
1726 1421 1938 1457 heredumve
1960 1432 2118 1457 meorum
2143 1422 2151 1430 “
2194 1423 2339 1466 eratur’,
2368 1433 2414 1458 an

1327 1476 1508 1502 recessum
1536 1466 1700 1502 videatur
1731 1477 1754 1501 a
1783 1466 1967 1512 superiore
1997 1468 2115 1512 capite
2144 1467 2295 1513 ideoque
2325 1478 2416 1503 uxor

1327 1522 1401 1547 non
1435 1511 1589 1556 amplius
1620 1512 1754 1547 habeat
1783 1522 1827 1547 ex
1861 1522 1930 1547 usu
1960 1511 2100 1556 fructu,
2140 1523 2246 1558 quam
2276 1523 2414 1548 annuos

1330 1556 1617 1602 quadringentos.
1664 1557 1849 1602 respondit
1871 1556 1958 1592 satis
1981 1556 2030 1600 id,
2054 1557 2151 1603 quod
2174 1563 2413 1603 quaereretur,

1329 1605 1348 1636 5
1397 1606 1521 1647 aperte
1543 1602 1653 1637 verba
1676 1612 1768 1647 quae
1790 1606 2074 1647 proponerentur
2098 1602 2294 1638 declarare.
2340 1603 2413 1638 Lu-

1329 1647 1406 1682 cius
1437 1646 1553 1682 Titius
1585 1651 1800 1684 testamento
1836 1658 1902 1682 suo
1933 1647 2061 1683 Publio
2092 1648 2233 1684 Maevio
2265 1648 2413 1684 fundum

1329 1691 1573 1728 Tusculanum
1596 1692 1738 1737 reliquit
1759 1692 1835 1728 eius
1859 1702 1905 1727 ue
1928 1692 2011 1728 fidei
2033 1693 2219 1736 commisit,
2243 1693 2296 1729 uti
2321 1693 2413 1728 eius-

1694 1206 1763 1231 uae
1786 1196 1926 1231 venalia
1947 1196 1998 1231 ibi
2016 1200 2145 1239 essent,
2170 1207 2242 1232 non
2259 1197 2413 1233 sensisse

1328 1736 1408 1772 dem
1441 1736 1545 1772 fundi
1605 1741 1717 1773 artem
1760 1737 1845 1773 dimi
1871 1737 1940 1772 'am
1974 1748 2062 1774 usus
2095 1737 2236 1774 fructus
2249 1738 2277 1760 ¹²
2301 1737 2415 1774 Titiae

1328 1786 1547 1827 praestaret:
1605 1782 1723 1818 ublius
1745 1782 1908 1818 Maevius
1931 1783 2049 1818 villam
2071 1787 2247 1819 vetustate
2266 1794 2413 1836 corrup-

1328 1832 1402 1862 tam
1431 1827 1597 1872 cogendis
1629 1831 1664 1863 et
1695 1827 1947 1863 conservandis
1975 1827 2152 1864 fructibus
2179 1838 2414 1864 necessariam

1329 1871 1550 1908 aedificavit:
1576 1882 1722 1918 quaero,
1747 1883 1795 1908 an
1817 1876 1980 1918 sumptus
2028 1878 2141 1909 artem
2163 1884 2228 1919 pro
2252 1874 2415 1919 portione

1330 1927 1417 1953 usus
1441 1917 1582 1953 fructus
1606 1917 1703 1953 Titia
1725 1917 1946 1964 adgnoscere
1968 1917 2013 1954 de
2039 1922 2106 1954 eat.
2154 1919 2355 1964 respondit,
2385 1920 2414 1955 si

1354 1963 1439 2005 rius,
1465 1973 1572 2008 quam
1595 1973 1700 1998 usum
1722 1963 1879 1998 fructum
1895 1968 2106 2008 praestaret,
2130 1964 2330 2001 necessario
2354 1974 2413 2000 ae-

1328 1974 1496 2050 gificavit,
1526 2019 1599 2043 non
1622 2008 1710 2043 alias
1735 2008 1931 2053 cogendum
1962 2009 2169 2052 restituere,
2202 2019 2308 2055 quam
2339 2009 2414 2045 eius

1330 2056 1350 2089 6
1397 2057 1560 2099 sumptus
1595 2053 1689 2089 ratio
1726 2054 1914 2089 habeatur.
1969 2053 2071 2089 Duas
2106 2053 2198 2090 filias
2234 2058 2270 2090 et
2303 2053 2414 2090 filium

1328 2102 1447 2150 mente
1471 2103 1616 2144 captum
1638 2098 1787 2134 heredes
1811 2098 1973 2143 scripsit,
2003 2099 2068 2134 filii
2096 2099 2271 2152 portionis
2298 2103 2415 2136 mente

1328 2143 1738 2234 fflssffifisspxffl
1747 2143 2139 2235 ciffis-‘siffis
2161 2145 2413 2235 ιὲῗῗὲωᾘξῗέ

1329 2237 1400 2269 ‘tae
1422 2233 1538 2279 partis
1572 2233 1779 2269 hereditatis
1809 2244 1927 2275 meae,
1957 2244 2002 2269 ex
2032 2245 2104 2279 qua
2144 2234 2253 2270 ulium
2275 2235 2413 2270 Iustum

1328 2278 1451 2314 ‘filium
1468 2289 1585 2314 meum
1604 2279 1769 2314 heredem
1788 2279 1928 2314 institui
1940 2280 1984 2314 ¹⁴:
2036 2284 2164 2325 etoque
2181 2290 2204 2315 a
2220 2284 2268 2322 te,
2285 2279 2414 2315 Publia

1328 2323 1603 2367 ‘Clementiana‚
1636 2325 1689 2359 uti
1712 2323 1859 2359 fratrem
1891 2328 1993 2359 tuum
2034 2324 2145 2359 ulium
2167 2324 2305 2360 Iustum
2337 2325 2413 2360 alas

1328 2369 1473 2404 ‘tuearis
1497 2368 1677 2414 dependas
1700 2379 1764 2414 pro
1789 2379 1851 2404 eo:
1877 2379 2026 2414 proquo
2051 2369 2117 2405 tibi
2139 2379 2243 2405 usum
2256 2369 2412 2406 fructum

1328 2413 1513 2459 ‘portionis
1537 2414 1612 2449 eius
1637 2414 1781 2459 reliqui,
1815 2413 1930 2449 donec
1961 2414 2089 2449 mentis
2121 2424 2266 2460 compos
2290 2414 2355 2450 fiat
2377 2424 2413 2450 et

1328 2459 1589 2494 ‘convalescat’.
1650 2459 1850 2504 quaesitum
1885 2463 1950 2502 est,
1986 2469 2068 2494 cum
2098 2458 2193 2495 filius
2222 2459 2260 2495 in
2290 2459 2411 2496 eodem

1326 2503 1455 2540 furore
1476 2504 1515 2539 in
1545 2503 1638 2540 diem
1674 2504 1799 2539 mortis
1831 2514 1919 2539 suae
1948 2513 2182 2549 perseverans
2210 2504 2411 2547 decesserit,

1327 2559 1374 2584 an
1396 2559 1483 2585 usus
1507 2548 1646 2584 fructus
1670 2548 1900 2584 interciderit.
1954 2549 2140 2595 respondit
2168 2550 2286 2586 verbis
2321 2560 2413 2595 quae

1326 2599 1612 2640 proponerentur
1641 2604 1870 2639 perseverare
1900 2594 2065 2639 legatum,
2099 2594 2169 2630 nisi
2195 2594 2409 2631 manifestis-

1328 2642 1346 2673 7
1395 2639 1522 2675 sime¹⁶
1568 2639 1716 2675 robetur
1731 2639 1829 2674 aliud
1843 2643 2049 2675 testatorem
2067 2640 2230 2675 sensisse.
2262 2639 2411 2676 Heredis

1325 2684 1478 2720 instituti
1502 2684 1526 2719 fi
1552 2684 1584 2720 ei
1609 2685 1785 2720 commisit
1815 2684 1887 2720 filio
1918 2694 1984 2720 suo
2008 2694 2128 2719 annua
2163 2684 2284 2720 decem
2307 2695 2410 2731 prae-

1326 2734 1423 2765 stare
1446 2734 1510 2765 aut
1541 2740 1584 2765 ea
1614 2729 1762 2774 praedia
1792 2739 1909 2765 emere
1940 2733 1977 2764 et
2008 2729 2212 2774 adsignare,
2244 2735 2286 2765 ut
2307 2740 2410 2766 usum

1324 2774 1482 2810 fructum
1518 2774 1678 2817 haberet,
1712 2774 1865 2810 reditum
1897 2773 2088 2810 efficientia
2117 2784 2239 2810 annua
2269 2774 2407 2811 decem:

1324 2819 1418 2855 filius
1443 2819 1573 2855 fundos
1597 2819 1666 2855 sibi
1688 2820 1735 2855 ab
1764 2819 1894 2855 herede
1917 2819 2112 2855 secundum
2139 2820 2262 2855 matris
2285 2820 2409 2856 volun·

1323 2868 1435 2900 tatem
1458 2864 1610 2900 traditos
1632 2864 1780 2900 locavit:
1807 2868 1842 2900 et
1854 2866 1882 2886 ¹⁶
1913 2865 2112 2909 quaesitum
2135 2869 2208 2908 est,
2241 2864 2408 2901 defuncto

1325 2920 1367 2946 eo
1391 2910 1529 2956 reliqua
1552 2909 1760 2945 colonorum
1783 2914 1948 2945 utrumne
1971 2909 2020 2945 ad
2041 2908 2206 2945 heredem
2228 2909 2291 2945 filii
2313 2909 2408 2945 fruc-

1323 2955 1430 2990 tuarii
1453 2966 1500 2991 an
1523 2965 1606 2990 vero
1636 2954 1683 2990 ad
1711 2954 1878 2990 heredem
1903 2953 2006 2990 Seiae
2037 2954 2232 2990 testatricis
2254 2955 2407 3000 pertine-

1324 3004 1397 3036 ant.
1445 2999 1627 3045 respondit
1649 2999 1736 3035 nihil
1759 2999 1929 3045 proponi,
1961 3009 2025 3035 cur
2048 2998 2095 3034 ad
2117 2998 2283 3035 heredem
2306 2998 2408 3035 Seiae

1325 3048 1345 3081 8
1382 3045 1635 3091 pertineantfl.
1667 3044 1780 3080 Usum
1795 3044 1953 3080 fructum
1963 3044 2090 3080 tertiae
2104 3044 2217 3089 partis
2235 3044 2408 3080 bonorum

1324 3101 1471 3126 suorum
1501 3089 1565 3143 uni
1594 3099 1639 3125 ex
1668 3089 1858 3125 heredibus
1890 3089 2084 3142 legaverat:
2113 3089 2312 3134 quaesitum
2342 3094 2407 3143 ost,

1324 3134 2408 3232 ῗέὶὲἓξὲἓῗέεἓιξῖῐξῖθὲἓῗιᾷἪαέῗιῗῗἛρῖῗὲῐ

1324 3225 1465 3261 heredis
1489 3234 1567 3260 esse
1590 3225 1808 3267 electionem,
1833 3227 1953 3260 utrum
1975 3234 2095 3259 rerum
2118 3234 2166 3259 an
2189 3225 2406 3261 aestimatio-

1325 3273 1346 3307 9
1392 3270 1448 3306 nis
1471 3280 1575 3305 usum
1598 3269 1754 3305 fructum
1776 3273 1961 3315 praestare
1988 3269 2141 3305 vellet¹⁸.
2186 3269 2275 3305 Item
2299 3280 2405 3316 quae-

1325 3316 1432 3352 situm
1455 3318 1518 3357 est,
1907 3340 1917 3358 ‚
1972 3324 2041 3350 uae
2068 3314 2124 3350 vel
2155 3324 2222 3361 pro
2251 3314 2407 3360 praediis

1323 3364 1388 3396 aut
1410 3359 1631 3396 moventibus
1655 3359 1777 3396 deberi
1789 3359 1818 3381 ¹⁹
1839 3363 1876 3395 et
1897 3325 1997 3395 redqdi
2020 3369 2166 3396 necesse
2190 3363 2255 3403 est,
2279 3370 2327 3395 an
2345 3370 2405 3396 ex-

1322 3405 1464 3442 imenda
1487 3405 1559 3440 sint
1582 3415 1627 3440 ex
1649 3405 1861 3451 quantitate,
1892 3408 1933 3439 ut
1955 3404 2112 3484 reliffiuae
2135 3404 2322 3440 dumtaxat
2343 3415 2405 3451 pe-

1324 3450 1461 3489 cuniae.
1485 3450 1516 3486 si
1538 3449 1609 3486 hoc
1630 3449 1735 3485 heres
1759 3449 1919 3495 elegerit,
1948 3449 2013 3485 red
2073 3449 2214 3485 debeat.
2258 3460 2404 3495 respon·

1326 3495 1380 3531 dit
1400 3495 1559 3540 reliquae
1581 3495 1754 3541 pecuniae
1776 3494 1917 3530 tertiam
1940 3493 2201 3540 praestandam.

1550 3314 1685 3350 tributa
1715 3318 1901 3361 praeterea

1323 3608 1483 3642 dimidiae
1496 3618 1592 3643 usum
1604 3608 1749 3642 &uotum
1761 3607 1791 3641 S
1854 3610 1912 3651 (18)
1936 3607 2007 3641 filio
2018 3618 2051 3651 p.
2065 3618 2107 3642 ιιι.
2122 3613 2221 3650 capto
2233 3607 2330 3641 datae
2343 3608 2405 3651 Ρ,

1323 3653 1420 3688 data·
1431 3654 1495 3689 dol.
1525 3654 1586 3696 (14)
1598 3663 1693 3687 mm
1705 3653 1850 3686 fructum
1859 3655 1919 3687 inu.
1932 3654 2007 3687 dote.
2032 3653 2092 3694 (15)
2105 3653 2406 3687 manifestissimi?

531 3700 574 3740 (τ)
598 3702 676 3741 aget
687 3699 717 3733 S
784 3699 829 3740 (ο)
853 3699 943 3731 vivet
955 3699 1007 3733 Γ*
1075 3701 1121 3741 (ο)
1136 3699 1256 3733 merei·
1323 3702 1432 3740 (10)οι
1443 3700 1508 3733 del.
1567 3703 1624 3739 (1¹1)
1637 3699 1806 3741 pertineat
1818 3698 1869 3733 F’
1925 3700 1987 3740 (18)
2000 3698 2082 3731 velit
2092 3697 2146 3731 F*
2202 3700 2262 3740 (10)
2275 3699 2401 3732 tributa

175 3753 275 3776 eausa
285 3747 420 3788 paratae
434 3744 497 3777 dal.
546 3747 607 3786 (ιο)
620 3746 717 3777 erunt
729 3743 766 3777 Ρ
803 3745 858 3786 (ιι)
870 3747 989 3788 pant·
1001 3744 1030 3778 S
1075 3747 1135 3788 (12)
1147 3745 1255 3789 partis
1323 3754 1448 3788 quaeve
1461 3747 1630 3787 praeterea
1642 3754 1705 3787 pro
1719 3743 1866 3786 praediis
1879 3746 1939 3777 aut
1948 3742 2160 3776 moventibus
2172 3742 2245 3777 dari
2260 3756 2325 3778 ser.

2501 3352 2507 3375 ι
2517 3343 2523 3378 ἔ

2495 3387 2528 3462 i

2495 3465 2528 3508 ²0:⁴³
