2528 3918
164 112 357 174 vXXXIII
385 133 476 174 3.4

164 253 336 289 tineretur
349 256 371 289 ¹.
422 253 608 300 respondit
650 254 854 292 servitutem
889 255 1093 301 impositam
1131 255 1253 291 videri.

164 299 356 335 lucunas
369 301 490 334 notat:
508 298 702 344 videamus,
732 310 778 336 ue
790 300 860 336 hoc
873 301 924 336 ita
932 311 1053 336 verum
1069 300 1126 345 sit,
1144 300 1175 336 si
1191 304 1256 335 aut

165 343 370 379 nominatim
394 343 484 379 haec
508 344 659 380 servitus
682 345 850 391 imposita
873 351 928 388 est
950 350 1014 380 aut
1029 345 1080 380 ita
1098 345 1254 391 legatum

164 389 285 424 datum
310 392 381 424 est:
408 389 605 425 ‘tabernam
628 399 742 426 meam
764 391 818 426 uti
841 401 936 426 nunc
960 394 1016 426 est
1037 390 1083 426 do
1108 391 1142 426 le
1166 391 1212 426 o’.

210 431 235 470 2
255 432 497 470 Mmcsuvs
511 434 603 470 libro
621 436 726 471 tertio
744 436 882 473 decimo
899 436 1119 483 diyestorum
1188 446 1252 471 un-

163 480 246 514 dum
277 488 501 515 communem
531 479 746 517 habentibus
779 481 890 527 legari
920 484 1041 527 potest
1067 480 1142 525 via,
1174 491 1253 517 cum

163 528 198 559 et
229 524 426 559 communis
455 533 580 560 servus
610 530 709 561 recte
736 526 829 561 viam
859 526 1054 571 stipulatur
1084 529 1136 569 et,
1174 536 1254 562 cum

162 569 233 604 duo
265 569 298 604 ei
329 569 391 614 qui
420 569 499 615 ipse
529 570 621 606 viam
653 571 847 616 stipulatus
876 570 986 607 fuerit
1013 570 1162 607 heredes
1192 582 1251 607 ex-

162 614 326 658 stiterint,
351 625 424 650 non
448 616 687 662 corrumpitur
710 616 906 662 stipulatio.

208 657 232 696 3
258 658 365 695 loru
390 660 482 696 libro
513 662 678 696 vicesimo
707 672 803 697 nono
826 661 1048 708 diqestorum
1103 660 1142 696 Si
1171 661 1253 697 fun-

162 704 246 740 dum
269 704 411 741 Maevio
439 709 477 741 et
508 706 554 741 ad
583 716 664 742 eum
693 707 786 741 viam
815 716 879 751 per
908 706 1017 741 alium
1045 705 1196 742 fundum
1219 710 1255 742 et

162 750 313 786 eundem
342 749 493 788 fundum
523 751 599 787 sine
630 752 686 786 via
716 751 810 787 Titio
840 751 1010 797 legasset,
1044 751 1074 787 si
1103 755 1254 797 uterque

161 794 311 831 fundum
340 795 572 839 vindicasset,
602 797 679 832 sine
707 797 765 831 via
793 797 934 842 legato²
957 795 1108 832 fundum
1132 806 1254 832 cessu-

160 840 693 932 ffl’sffssssisssnfflissvffiqufffi
719 852 778 922 nii
796 842 1252 923 ffiffiffiaergmsssi‘:

161 932 326 974 berante,
360 941 470 977 posse
498 931 671 976 dubitari,
703 942 766 976 an,
802 933 833 969 si
861 936 990 978 postea
1018 931 1135 968 Titius
1164 932 1252 967 omi-

160 977 277 1019 sisset,
301 976 380 1012 viae
403 976 558 1022 legatum
583 976 718 1012 salvum
743 981 848 1022 esset,
872 982 909 1013 et
931 978 1000 1014 hoc
1023 978 1136 1023 magis
1156 977 1251 1013 vide-

160 1023 285 1057 batur:
324 1032 538 1067 quamquam
575 1023 606 1058 si
641 1023 708 1058 sub
745 1022 955 1059 condicione
985 1023 1065 1068 quis
1100 1022 1252 1058 fundum

159 1068 324 1112 legasset,
347 1067 441 1102 viam
464 1077 564 1113 pure,
589 1071 654 1102 aut
675 1079 741 1113 pro
766 1072 869 1114 parte
891 1067 1043 1104 fundum
1060 1078 1162 1114 pure,
1185 1079 1252 1113 pro

160 1117 262 1157 parte
300 1112 368 1148 sub
407 1112 619 1148 condicione
656 1117 692 1148 et
721 1113 815 1148 viam
846 1114 923 1149 sine
956 1113 1183 1156 condicione,
1222 1113 1253 1149 si

160 1157 335 1203 pendente
371 1168 414 1193 ea
449 1157 559 1202 legati
587 1158 662 1194 dies
695 1158 880 1201 cessisset,
917 1158 1144 1194 interiturum
1175 1158 1253 1194 fore

159 1202 236 1238 viae
258 1202 433 1255 legatum:
463 1207 505 1238 ut
526 1213 737 1248 responsum
762 1207 832 1246 est,
865 1214 947 1239 cum
971 1203 1077 1239 alteri
1099 1213 1144 1239 ex
1165 1203 1250 1239 vici-

160 1248 225 1292 nis,
251 1259 310 1293 qui
334 1247 485 1283 fundum
506 1258 729 1283 communem
747 1249 940 1291 habebant,
964 1249 1057 1283 viam
1077 1249 1145 1284 sub
1166 1259 1251 1284 con-

159 1293 309 1337 dicione,
334 1293 438 1328 alteri
461 1303 552 1338 pure
576 1293 730 1339 legasset
754 1295 813 1328 et⁵
840 1294 1018 1339 pendente
1042 1293 1253 1329 condicione

159 1339 387 1382 decessisset,
425 1339 510 1383 quia
540 1338 688 1374 alterius
719 1338 733 1373 l
777 1339 882 1374 atarii
919 1349 1075 1384 persona
1103 1338 1252 1406 impedi·

159 1386 278 1419 mento
308 1386 422 1427 esset,
459 1393 529 1428 quo
565 1383 682 1419 minus
719 1394 758 1419 so
776 1384 854 1420 ‘dus
890 1383 1021 1420 fundus
1055 1394 1138 1419 cum
1198 1384 1254 1419 via

158 1427 409 1464 vindicaretur.

203 1472 230 1511 4
259 1473 307 1509 ΙΔ
316 1482 487 1509 νοιΕΝσε
518 1473 610 1509 libro
639 1484 736 1509 nono
771 1473 1009 1520 epistularum
1065 1473 1104 1509 Si
1131 1474 1164 1510 is
1194 1475 1255 1520 qui

158 1520 248 1554 duas
273 1519 380 1554 aedes
402 1518 561 1555 habebat
584 1528 676 1554 unas
699 1518 797 1561 mihi,
821 1518 954 1554 alteras
976 1519 1044 1555 tibi
1065 1518 1197 1565 legavit
1220 1523 1255 1555 et

158 1563 294 1600 medius
323 1563 459 1609 paries,
490 1563 551 1609 qui
574 1567 748 1608 utrasque
772 1563 879 1600 aedes
903 1564 1114 1609 distinguat,
1143 1564 1253 1600 inter-

158 1609 267 1654 venit,
299 1619 340 1644 eo
371 1609 450 1644 iure
479 1618 560 1644 eum
590 1618 812 1644 communem
840 1609 945 1645 nobis
975 1619 1055 1645 esse
1077 1609 1252 1653 existimo,

158 1665 240 1700 quo,
265 1653 298 1689 si
319 1653 439 1699 paries
462 1657 603 1689 tantum
626 1654 767 1690 duobus
784 1654 889 1690 nobis
908 1654 1143 1691 communiter
1160 1658 1255 1691 esset

157 1700 306 1745 legatus,
330 1699 482 1744 ideoque
495 1708 611 1751 neque
624 1709 682 1735 me
694 1709 809 1744 neque
822 1702 859 1735 te
873 1709 979 1744 agere
991 1709 1100 1745 posse
1111 1700 1167 1736 ius
1180 1711 1254 1736 non

157 1754 238 1781 esse
260 1745 365 1780 alteri
387 1744 440 1779 ita
462 1744 665 1780 immissas⁷
687 1744 840 1781 habere:
865 1755 950 1780 nam
974 1744 1072 1790 quod
1095 1755 1253 1781 commu-

157 1790 250 1825 niter
272 1789 394 1826 socius
416 1789 537 1833 habet,
562 1793 599 1825 et
621 1789 660 1825 in
681 1789 760 1825 iure
785 1799 867 1825 eum
888 1790 1049 1826 habere⁸
1073 1791 1251 1827 constitit:

156 1836 276 1916 {ltaque
289 1834 353 1915 tde
381 1844 425 1870 ea
452 1845 491 1871 re
522 1834 659 1870 arbiter
688 1834 868 1870 communi
892 1834 1085 1872 dividundo
1109 1845 1252 1872 sumen-

181 1891 225 1916 us
308 1907 317 1915 .

202 1924 227 1963 5
250 1891 512 1961 eg’npuvuzws
547 1924 640 1961 libro
682 1929 789 1961 seoeto
824 1925 962 1962 decimo
1001 1928 1253 1980 quaestionum

156 1970 238 2007 Etsi
267 1970 421 2006 maxime
450 1970 656 2006 testamenti
680 1969 790 2006 factio
816 1981 898 2007 cum
921 1981 1033 2008 servis
1057 1972 1184 2009 alienis
1209 1983 1254 2009 ex

155 2026 311 2062 persona
334 2015 558 2052 dominorum
582 2019 637 2051 est
684 2025 727 2051 ea
749 2019 871 2052 tamen
894 2027 987 2062 quae
1010 2017 1122 2054 servis
1145 2018 1253 2053 relin-

156 2060 392 2142 quugtlurfuintg
413 2060 550 2142 valesst,
582 2060 615 2097 si
643 2043 1094 2143 iiberies-vrelihc-:tilzassrpg‘ossent:²
1114 2063 1251 2099 valere:

156 2117 209 2142 sic
392 2116 454 2141 um
525 2116 611 2141 mim
632 2116 691 2141 via
713 2117 731 2141 s
793 2117 814 2142 ο
1094 2119 1150 2144 ur.

202 2148 228 2189 6
257 2151 367 2187 Imm
392 2151 484 2187 libro
514 2151 667 2198 septimo
698 2161 956 2198 responsorum
1046 2157 1126 2189 ater
1156 2153 1253 2190 filiae

156 2197 301 2232 domum
341 2196 472 2242 legavit
510 2195 616 2249 eique
681 2206 721 2232 er
760 2196 888 2232 domus
922 2197 1158 2235 hereditarias
1194 2198 1251 2235 ius

155 2241 367 2278 transeundi
401 2245 579 2287 praestan
611 2251 655 2277 vo
670 2241 735 2277 uit.
787 2241 819 2278 si
855 2242 930 2278 filia
966 2243 1110 2288 domum
1148 2254 1251 2280 suam

156 2287 311 2332 habitet,
355 2286 431 2322 viro
470 2296 613 2332 quoque
647 2286 706 2323 ius
742 2287 952 2323 transeundi
988 2289 1250 2334 praestabitur:

156 2333 315 2378 alioquin
337 2331 434 2367 filiae
455 2332 636 2377 praestari
666 2341 739 2368 non
761 2332 948 2368 videbitur.
995 2333 1092 2379 quod
1115 2334 1147 2370 si
1170 2334 1251 2380 quis

156 2389 229 2414 non
258 2388 364 2414 usum
393 2377 605 2413 transeundi
633 2387 809 2429 personae
837 2377 978 2423 datum,
1009 2378 1072 2414 sed
1095 2378 1252 2424 legatum

156 2423 337 2459 servitutis
361 2432 441 2459 esse
463 2422 608 2468 plenum
631 2422 831 2468 intellegat,
858 2423 1070 2460 tantundem
1093 2424 1182 2460 iuris
1205 2424 1252 2460 ad

155 2468 322 2504 heredem
346 2477 488 2513 quoque
510 2467 792 2504 transmittetur:
825 2468 922 2513 quod
943 2468 1002 2504 hic
1025 2479 1251 2515 nequaquam

155 2513 413 2550 admittendum
444 2516 518 2556 est,
547 2523 609 2557 ne,
666 2511 740 2549 uod
762 2512 895 2549 affectu
918 2513 1014 2550 filiae
1037 2513 1162 2550 datum
1184 2517 1250 2559 est,

156 2559 225 2594 hoc
249 2563 285 2594 et
308 2558 355 2594 ad
378 2562 520 2594 exteros
544 2558 620 2594 eius
671 2557 795 2595 eredes
817 2559 974 2595 transire
996 2558 1171 2595 videatur.

201 2601 226 2640 7
250 2603 411 2639 Panos
431 2603 523 2639 libro
546 2603 712 2639 vicesimo
725 2604 852 2651 primo
871 2605 1123 2651 quaestionum
1161 2604 1251 2640 Cum

156 2659 178 2684 a
207 2649 370 2694 pluribus
398 2648 590 2685 heredibus
619 2648 795 2685 institutis
823 2649 881 2685 via
908 2649 1026 2695 legata
1056 2653 1128 2693 est,
1166 2649 1251 2696 quia

155 2699 293 2739 partem
315 2704 388 2729 non
410 2693 555 2760 recipit,
587 2694 617 2729 s'
707 2694 715 2701 ‘
745 2693 897 2730 heredes
924 2694 963 2730 in
986 2695 1140 2731 solidum
1164 2705 1250 2731 con·

155 2739 360 2783 veniuntur,
386 2739 470 2784 quia
518 2743 553 2774 et
575 2749 647 2774 uno
673 2749 717 2774 ex
739 2738 933 2776 heredibus
957 2739 1114 2776 adeunte
1135 2740 1249 2776 vindi-

156 2784 232 2820 cari
254 2787 385 2830 potest.

640 2923 721 2962 1111
731 2921 772 2962 ¹⁰.

411 2986 473 3019 DE
498 2987 618 3019 nom
642 2988 948 3022 PRAELEGATA
960 2989 997 3021 ¹¹.

205 3052 224 3090 1
259 3051 455 3088 Ulmanus
475 3053 566 3088 libro
590 3064 686 3089 nono
710 3054 848 3091 decimo
871 3054 923 3090 ad
938 3054 1113 3091 Sabinum
1160 3054 1249 3091 Cum

159 3098 221 3134 dos
243 3098 433 3143 relegatur,
458 3108 579 3133 verum
603 3103 658 3134 est
679 3099 716 3135 id
741 3099 835 3136 dotis
858 3099 976 3145 legato
998 3100 1128 3144 inesse,
1153 3100 1249 3153 quod

162 3148 173 3178 1
223 3143 366 3179 actione
397 3142 440 3178 de
469 3142 553 3178 dote
582 3144 708 3180 inerat.
761 3145 812 3180 Et
841 3145 921 3181 ideo
954 3146 985 3182 si
1012 3145 1106 3181 inter
1133 3156 1248 3181 virum

155 3192 192 3223 et
221 3198 368 3224 uxorem
398 3193 628 3230 convenerat,
663 3193 705 3224 ut
733 3194 848 3226 morte
876 3190 942 3226 viri
973 3191 1091 3226 soluto
1124 3190 1246 3226 matri-

157 3234 275 3269 monio
307 3232 380 3269 filio
418 3233 595 3269 communi
628 3233 883 3271 interveniente
910 3234 976 3271 dos
1004 3245 1028 3271 a
1052 3235 1101 3271 ud
1130 3235 1247 3271 mariti

156 3278 322 3314 heredem
343 3282 554 3321 remaneret,
581 3282 618 3314 et
641 3279 790 3316 maritus
814 3279 989 3317 decedens
1038 3285 1133 3316 otem
1155 3281 1246 3316 rele-

155 3323 302 3370 gaverit,
326 3323 416 3359 stari
437 3327 545 3370 pacto
568 3333 641 3359 non
666 3324 772 3360 debet
794 3326 840 3361 ob
864 3325 934 3362 hoc
958 3325 1055 3371 quod
1073 3325 1138 3362 dos
1155 3326 1246 3361 rele-

157 3441 199 3481 (1)
224 3439 475 3472 continerentur
490 3436 545 3471 10²
613 3439 657 3479 (2)
681 3437 808 3480 legato]
821 3438 954 3472 Maevio
965 3451 1027 3473 cer.
1097 3440 1140 3480 (8)
1163 3438 1248 3471 alte·

158 3484 229 3517 rius
240 3483 399 3527 legatarii
414 3492 559 3528 persona
573 3482 815 3527 impedimento
834 3487 930 3523 esset,
951 3494 1019 3527 quo
1037 3484 1149 3517 minue
1169 3483 1249 3517 soli·

157 3530 220 3562 dus
231 3529 356 3562 fundus
370 3540 445 3562 oum
458 3529 514 3561 via
525 3527 756 3561 vindicaretur
768 3529 828 3561 ins.
843 3529 1047 3564 Hotomanus
1133 3531 1175 3569 (4)
1200 3529 1248 3571 et]

159 3575 216 3607 sed
228 3587 291 3608 scr.
392 3575 437 3616 (s)
461 3573 592 3616 legam
602 3576 637 3606 et
649 3574 714 3615 Ρ,
737 3572 883 3615 legasset
896 3572 947 3606 ΙΝ
1050 3575 1095 3617 (ο)
1119 3573 1249 3607 solidus

158 3619 282 3652 fundus
294 3629 370 3652 oum
383 3620 447 3653 del.
513 3622 556 3659 (1)
581 3618 692 3651 trabes
703 3619 766 3652 ins.
776 3630 841 3652 van
855 3618 895 3652 de
914 3618 1027 3653 Water
1094 3620 1139 3662 (8)
1164 3620 1199 3652 et
1209 3618 1248 3652 in

159 3665 231 3697 iure
244 3675 319 3697 eum
331 3664 467 3706 habere]
479 3665 560 3697 item
573 3663 647 3697 iure
658 3674 712 3697 me
722 3662 846 3696 habere
860 3675 923 3697 ner.
1016 3665 1063 3707 (ο)
1087 3663 1170 3708 quin
1182 3675 1247 3698 ια’.

205 3711 267 3751 (ιο)
290 3709 522 3752 Sob.1.,.s.1s;
543 3709 736 3752 Pap.·¹...¹².
745 3715 796 3749 ιτς
816 3708 906 3752 App.
915 3714 945 3743 e.
954 3715 997 3743 ιε.
1006 3716 1058 3749 ¹⁴3
1071 3709 1137 3743 Ed.
1147 3716 1191 3744 ie.
1201 3726 1248 3734 -

161 3754 243 3789 Bas.
260 3756 313 3796 44,
333 3762 347 3788 ‘1
464 3761 519 3798 (11)
543 3756 592 3788 εἰσ
609 3762 684 3788 ante
702 3754 724 3788 l.
737 3760 770 3788 1⁸
786 3754 856 3796 (ubi
872 3754 1004 3787 rubrica
1022 3755 1188 3799 repetitur)
1209 3753 1247 3798 123

1239 128 1326 178 464

1866 146 1927 177 DE
1958 146 2203 179 smw'mm
2231 147 2409 180 meam

1345 257 1408 289 ata
1434 260 1500 290 est.
1547 264 1668 291 verum
1698 259 1735 291 et
1765 256 1857 292 citra
1886 256 2138 302 relegationem
2166 258 2235 294 hoc
2263 259 2409 304 probari

1320 265 1447 351 debet:
1472 310 1556 335 nam
1573 300 1670 353 quod
1688 305 1743 336 est
1760 301 1952 338 admissum
1969 311 2076 348 posse
2096 302 2306 339 deteriorem
2325 314 2407 340 con-

1323 344 1497 380 dicionem
1529 344 1622 381 dotis
1651 345 1729 381 fieri
1758 346 2074 383 intervenientibus
2104 347 2244 391 liberis,
2279 349 2410 384 totiens

1322 389 1441 425 locum
1463 388 1592 433 habet,
1617 391 1780 436 quotiens
1802 391 1883 438 ipsa
1904 392 1943 427 in
1959 393 2183 429 matrimonio
2201 393 2342 429 decedit
2355 395 2411 429 vel

1323 437 1343 469 2
1395 433 1582 470 divortium
1599 435 1799 472 intervenit.
1836 436 1886 472 Et
1910 447 2031 472 verum
2055 442 2111 473 est
2133 438 2356 474 commodum
2373 439 2411 474 in

1322 478 1406 515 dote
1417 480 1576 525 relegata
1591 489 1670 517 esse
1681 483 2030 526 repraesentationis,
2046 483 2205 528 quamvis
2220 493 2341 519 annua
2355 484 2411 519 die

1324 527 1343 559 3
1390 524 1456 560 dos
1473 528 1735 570 praestaretur:
1759 525 1829 562 Est
1852 531 1887 562 et
1909 527 2007 570 illud,
2033 527 2129 573 quod
2153 529 2199 564 ob
2223 538 2281 564 res
2299 528 2410 564 dona-

1322 572 1379 605 tas
1392 569 1421 591 ¹²
1444 569 1551 606 hodie
1615 572 1650 606 st
1664 574 1810 607 senatus
1826 573 2028 608 consultum
2044 573 2144 608 nulla
2157 572 2199 608 fit
2214 574 2366 617 exactio,
2381 574 2412 609 si

1323 618 1344 650 4
1391 614 1497 650 modo
1521 625 1565 650 vo
1579 618 1738 651 untatem
1761 626 1834 652 non
1856 618 2006 653 mutavit
2027 621 2189 654 testator.
2225 619 2277 653 Im
2304 629 2412 654 ensae

1323 663 1442 695 autem
1473 660 1552 705 ipso
1577 660 1655 696 iure
1678 660 1795 697 dotem
1819 663 1994 698 minuunt.
2041 663 2105 699 sed
2157 663 2231 699 uod
2322 664 2331 672 ⁰
2369 675 2411 699 us

1322 705 1402 750 ipso
1424 705 1503 740 iure
1527 704 1644 741 dotem
1667 706 1837 759 impensis
1861 708 1982 751 minui,
2007 719 2080 744 non
2103 719 2125 743 a
2171 708 2310 754 singula
2333 719 2411 744 cor-

1323 754 1343 784 5
1390 760 1491 796 pora,
1516 750 1579 786 sed
1602 750 1650 786 ad
1672 753 1939 788 umversitatem
1955 753 2023 789 erit
2038 753 2275 790 referendum.
2309 754 2411 790 Adeo

1324 798 1443 830 autem
1467 794 1561 831 dotis
1584 795 1761 832 actionem
1786 798 1945 833 continet
1967 798 2059 834 dotis
2083 799 2271 844 relegatio,
2295 804 2351 843 ut,
2382 799 2412 835 si

1323 840 1422 875 vivus
1452 849 1532 875 eam
1563 841 1666 876 uxori
1698 842 1848 885 (scilicet
1901 843 2007 878 uibus
2040 843 2125 879 licet
2154 844 2295 880 casibus
2341 844 2411 880 sol-

1323 888 1344 939 β
1391 885 1498 928 verit,
1523 889 1639 922 cesset
1660 885 1827 932 legatum.
1876 854 1947 923 god
1969 893 2007 923 et
2028 888 2059 923 si
2080 889 2259 935 mancipia
2299 890 2413 925 uerint

1321 940 1360 965 m
1383 930 1467 966 dote
1490 941 1564 966 non
1587 931 1776 967 aestimata
1800 936 1836 967 et
1857 932 1948 969 haec
1977 933 2165 969 demortua
2193 934 2283 977 sint,
2316 934 2410 980 lega-

1325 978 1342 1009 7
1390 979 1467 1010 tum
1491 975 1584 1011 dotis
1607 975 1645 1011 in
1668 975 1723 1012 his
1748 978 1940 1013 evanescit.
1980 978 2049 1013 Sed
2073 982 2110 1014 et
2132 979 2163 1014 si
2186 979 2305 1015 dotem
2328 991 2411 1025 pro-

1323 1020 1459 1055 miserit
1492 1020 1618 1056 mulier
1652 1032 1697 1057 ne
1721 1032 1767 1057 ue
1804 1021 1941 1058 dederit
1977 1026 2014 1058 et
2051 1022 2227 1059 decedens
2263 1025 2412 1060 maritus

1322 1066 1426 1101 uxori
1467 1065 1587 1102 dotem
1626 1076 1714 1112 prae
1729 1068 1885 1112 egaverit
1896 1068 1935 1110 ¹³,
1978 1068 2104 1103 mulier
2140 1069 2228 1104 nihil
2261 1079 2318 1104 am
2343 1069 2412 1105 lius

1323 1120 1430 1156 quam
1452 1111 1699 1147 liberationem
1721 1112 1888 1148 habebit:
1921 1123 2003 1148 nam
2027 1117 2064 1148 et
2086 1114 2117 1149 si
2139 1115 2219 1159 quis
2241 1114 2294 1150 ita
2330 1125 2411 1168 ega-

1324 1156 1413 1190 verit
1451 1159 1606 1192 ‘centum
1643 1166 1736 1202 quae
1771 1157 1809 1192 in
1846 1168 1932 1193 arca
1967 1158 2095 1194 habeo’
2126 1162 2191 1194 aut
2222 1162 2324 1205 ‘quae
2354 1160 2413 1196 ille

1325 1201 1433 1246 ‘apud
1455 1211 1512 1237 me
1536 1201 1724 1246 deposuit’‚
1755 1202 1786 1237 si
1815 1203 1916 1238 nulla
1946 1203 2035 1246 sint,
2067 1203 2155 1238 nihil
2182 1204 2303 1240 deberi
2327 1216 2412 1241 con-

1325 1250 1343 1281 8
1392 1250 1481 1289 stat,
1522 1246 1606 1299 quia
1634 1246 1734 1282 nulla
1765 1256 1919 1292 corpora
1949 1247 2022 1284 sint
2034 1249 2074 1283 ¹⁴.
2127 1248 2165 1284 Si
2201 1250 2279 1294 quis
2309 1250 2413 1286 uxori

1324 1291 1475 1327 fundum
1499 1291 1680 1327 Titianum
1709 1292 1765 1327 his
1794 1292 1911 1328 verbis
1935 1293 2104 1338 legasset:
2138 1293 2179 1329 ‘is
2209 1294 2301 1330 enim
2331 1295 2412 1330 fun-

1323 1336 1403 1372 ‘dus
1425 1340 1575 1382 propter
1596 1337 1694 1372 illam
1717 1337 1765 1372 ad
1787 1347 1843 1373 me
1866 1339 2050 1383 pervenit’,
2081 1339 2281 1375 omnimodo
2306 1340 2413 1376 debe-

1323 1386 1383 1417 tur
1401 1380 1554 1417 fundus:
1579 1391 1663 1417 nam
1682 1382 1852 1428 quidquid
1871 1383 2135 1420 demonstratae
2147 1386 2175 1406 ¹⁵
2197 1386 2248 1420 rei
2271 1385 2415 1421 additur

1323 1430 1344 1462 9
1391 1427 1479 1462 satis
1503 1426 1779 1470 demonstratae,
1803 1427 1940 1463 frustra
1963 1433 2028 1464 est.
2063 1429 2188 1465 Celsus
2208 1430 2300 1466 libro
2320 1431 2412 1466 vice-

1323 1472 1412 1508 simo
1437 1471 1655 1525 digestorum
1678 1472 1824 1516 scribit,
1856 1473 1887 1509 si
1918 1484 2023 1510 socer
2050 1475 2158 1510 nurui
2181 1475 2300 1511 dotem
2323 1476 2413 1512 rele-

1322 1518 1436 1562 gavit,
1460 1527 1493 1553 si
1515 1517 1658 1563 quidem
1681 1518 1737 1553 ius
1761 1518 1913 1554 actionis
1937 1518 1981 1555 de
2004 1519 2088 1556 dote
2110 1519 2222 1556 voluit
2242 1521 2412 1566 relegare,

1324 1562 1455 1598 nullius
1478 1563 1647 1598 momenti
1671 1573 1751 1599 esse
1772 1563 1940 1609 legatum,
1965 1564 2095 1610 quippe
2118 1569 2232 1611 nupta
2253 1570 2326 1602 est:
2350 1567 2414 1602 sed

1324 1608 1354 1643 si
1377 1607 1490 1643 voluit
1511 1618 1590 1643 eam
1609 1608 1769 1654 recipere
1785 1608 1940 1644 dotalem
1982 1610 2156 1654 ecuniam,
2178 1611 2304 1664 inquit,
2328 1612 2414 1647 utile

1324 1653 1391 1705 erit
1413 1653 1582 1706 legatum.
1629 1653 1660 1688 si
1682 1657 1802 1706 tamen
1825 1654 1916 1707 haec
1940 1620 2058 1690 dlotem
2080 1660 2271 1701 receperit,
2302 1657 2412 1692 nihilo

1322 1707 1439 1734 mmus
1455 1702 1607 1733 mantus
1621 1698 1715 1734 dotis
1730 1702 2014 1744 persecuuonem
2031 1700 2190 1743 habebit,
2214 1701 2287 1738 sive
2309 1701 2413 1738 heres

1322 1743 1508 1779 institutus
1539 1747 1645 1786 esset,
1674 1743 1832 1779 familiae
1865 1744 2124 1782 herciscundae
2151 1745 2303 1790 iudicio,
2340 1747 2414 1783 sive

1322 1799 1407 1831 non,
1431 1788 1510 1823 utili
1533 1788 1686 1824 actione.
1734 1798 1798 1835 ego
1827 1793 1934 1835 puto,
1966 1790 2135 1836 quoniam
2163 1802 2236 1827 non
2259 1792 2329 1828 hoc
2351 1802 2413 1828 vo-

1322 1832 1391 1868 luit
1419 1843 1539 1877 socer,
1577 1837 1619 1868 ut
1648 1833 1704 1869 bis
1733 1833 1852 1870 dotem
1882 1835 1988 1871 heres
2044 1839 2197 1879 montet,
2231 1837 2413 1892 mulierem

1321 1881 1489 1976 ffiqxg
1520 1889 1697 1961 {diversus
1728 1881 2413 1978 ffimssyergrgoebgemgrqiffltidess

1322 1968 1466 2005 debebit
1480 1979 1607 2005 cavere
1621 1969 1793 2006 adversus
1809 1970 1992 2007 mulierem
2015 1971 2163 2008 defensu
2186 1973 2241 2014 iri,
2266 1973 2298 2008 si
2314 1973 2414 2019 prior

1326 2018 1366 2050 10
1414 2018 1509 2060 agat.
1555 2014 1627 2051 Per
1657 2015 1876 2052 contrarium
1904 2016 2003 2061 apud
2024 2017 2202 2053 Iulianum
2230 2017 2321 2054 libro
2349 2019 2411 2054 tri-

1366 2060 1454 2095 simo
1478 2059 1631 2106 septimo
1654 2061 1855 2106 quaeritur,
1886 2061 1918 2098 si
1946 2072 2050 2098 socer
2076 2061 2151 2098 filio
2175 2073 2240 2099 suo
2265 2063 2411 2099 exhere-

1320 2070 1408 2141 dgto
1439 2104 1559 2140 dotem
1591 2116 1704 2141 nurus
1735 2105 1748 2141 l
1835 2110 1909 2142 set:
1943 2110 1980 2142 et
2007 2108 2060 2142 ait
2087 2107 2144 2153 agi
2166 2107 2308 2154 quidem
2331 2118 2412 2144 cum

1321 2151 1448 2186 marito
1478 2150 1695 2187 exheredato
1724 2150 1769 2187 de
1801 2151 1884 2188 dote
1913 2162 1987 2187 non
2013 2162 2138 2198 posse,
2170 2157 2412 2190 verumtamen

1322 2195 1335 2230 i
1361 2205 1441 2230 sum
1464 2194 1583 2231 dotem
1606 2201 1879 2242 persecuturum
1903 2207 1947 2232 ex
1970 2207 2081 2234 causa
2102 2198 2230 2244 legati:
2255 2198 2319 2235 sed
2340 2209 2412 2235 non

1322 2206 1412 2276 ugias
1442 2250 1524 2276 eum
1554 2241 1710 2286 legatum
1741 2245 2035 2285 consecuturum,
2073 2253 2180 2296 quam
2214 2244 2245 2279 si
2282 2245 2413 2279 caverit

1321 2285 1470 2321 heredes
1499 2285 1671 2322 adversus
1698 2287 1880 2322 mulierem
1910 2287 2060 2323 defensu
2083 2289 2137 2323 ui.
2186 2292 2223 2324 et
2246 2288 2410 2325 differen-

1321 2330 1408 2365 tiam
1431 2330 1521 2366 facit
1541 2331 1635 2367 inter
1658 2341 1756 2374 eum,
1787 2332 1847 2367 cui
1876 2331 1940 2368 dos
1968 2333 2127 2378 relegata
2155 2337 2225 2376 est,
2255 2338 2292 2370 et
2319 2334 2410 2370 orci-

1321 2386 1406 2410 num
1434 2375 1621 2419 libertum,
1661 2376 1720 2411 cui
1750 2377 1930 2422 peculium
1958 2377 2114 2423 legatum
2145 2383 2218 2414 est:
2258 2389 2411 2425 namque

1321 2430 1402 2456 eum
1438 2420 1481 2456 de
1514 2421 1656 2473 peculio
1684 2431 1792 2474 posse
1822 2422 2002 2458 conveniri
2032 2423 2099 2466 ait,
2135 2423 2301 2460 heredem
2338 2435 2411 2460 non

1319 2466 2017 2558 {2⁸⁸5gfiiffi20ffidffiffiffl
2031 2468 2253 2550 Jssihih'ffiff
2267 2470 2411 2550 azziz'ssz

1989 2539 1998 2555 2

1323 2559 1360 2590 11
1410 2556 1556 2592 habere.
1604 2555 1702 2592 Idem
1726 2557 1887 2593 Iulianus
1910 2558 2061 2604 quaerit,
2085 2557 2116 2594 si
2140 2558 2257 2595 dotem
2281 2560 2409 2595 marito

1319 2600 1530 2653 relegaverit
1563 2612 1686 2644 socer,
1726 2612 1774 2638 an
1809 2602 1893 2638 dote
1927 2602 2047 2639 soluta
2082 2603 2222 2640 mulieri
2254 2604 2268 2639 l
2335 2609 2410 2640 tum

1320 2646 1439 2681 mariti
1462 2646 1701 2692 extinguatur.
1745 2651 1783 2682 et
1804 2647 1892 2683 dicit
1914 2648 2084 2694 extingui,
2109 2649 2193 2695 quia
2239 2649 2248 2657 “
2277 2650 2284 2657 “
2317 2654 2411 2686 esset

1322 2693 1364 2726 12
1410 2692 1492 2734 iam,
1513 2692 1611 2744 quod
1628 2692 1756 2728 marito
1776 2696 1900 2738 posset
1917 2694 2106 2739 praestari.
2141 2693 2239 2730 Idem
2259 2695 2409 2741 quaerit,

1319 2736 1351 2772 si
1382 2736 1447 2772 dos
1478 2736 1540 2772 alu
1568 2737 1687 2782 legata
1719 2741 1814 2773 esset
1843 2748 1992 2784 eamque
2021 2742 2168 2784 rogatus
2199 2739 2247 2775 sit
2272 2740 2409 2776 mulieri

1319 2782 1525 2825 restituere,
1556 2792 1604 2817 an
1634 2782 1693 2818 lex
1716 2782 1880 2818 Falcidia
1906 2783 1945 2819 in
1966 2784 2083 2829 legato
2107 2784 2225 2820 locum
2248 2785 2397 2821 haberet

1319 2830 1356 2862 et
1378 2826 1466 2863 dicit
1482 2827 1635 2863 habere:
1660 2827 1725 2864 sed
1743 2827 1841 2873 quod
1858 2828 1976 2864 minus
1997 2832 2052 2865 est
2067 2829 2105 2864 in
2123 2828 2407 2874 fideicommisso‚

1318 2871 1502 2908 mulierem
1526 2872 1619 2908 dotis
1643 2873 1786 2909 actione
1799 2874 1827 2894 ¹⁶
1851 2877 2135 2910 consecuturam.
2174 2884 2239 2920 ego
2263 2885 2406 2920 quaero,

1319 2927 1367 2952 an
1391 2917 1578 2954 commoda
1599 2917 1939 2963 repraesentationis
1969 2918 2007 2954 in
2032 2918 2102 2955 hoc
2125 2919 2243 2964 legato
2267 2920 2319 2955 sic
2343 2920 2406 2955 ob-

1319 2966 1505 2998 serventur
1534 2971 1558 2998 a
1597 2971 1644 2998 ue
1673 2962 1705 2998 si
1735 2962 1800 2998 dos
1829 2963 1842 2998 i
1889 2963 1897 2972 ’
1929 2963 2066 2999 mulieri
2088 2963 2217 2999 fuisset
2238 2964 2405 3011 relegata.

1321 3010 1362 3043 13
1409 3011 1447 3043 et
1481 3010 1573 3054 puto
1599 3009 1613 3029 ⁷
1651 3007 1797 3043 habere.
1869 3007 1950 3044 dem
1980 3008 2141 3044 Iulianus
2179 3010 2336 3054 quaerit,
2376 3011 2407 3045 si

1318 3051 1458 3088 mulieri
1488 3051 1555 3089 dos
1587 3052 1635 3088 sit
1663 3052 1717 3089 rel
1783 3057 1823 3088 ta
1853 3063 1966 3100 eaque
1995 3057 2123 3099 rogata
2153 3053 2271 3090 dotem
2301 3056 2405 3091 resti-

1317 3102 1438 3140 tuere,
1470 3106 1517 3133 an
1540 3096 1703 3133 Falcidia
1718 3063 1851 3134 elgoacum
1881 3098 2024 3134 habeat.
2071 3102 2109 3134 et
2131 3109 2155 3134 n
2223 3102 2238 3134 t
2260 3100 2405 3143 habere,

1318 3143 1486 3195 quoniam
1507 3141 1819 3179 fideicommissum
1843 3153 1983 3190 quoque
2005 3147 2111 3189 negat
2133 3154 2155 3179 v
2193 3154 2263 3181 ere.
2311 3145 2406 3212 ffuod

1317 3187 1994 3279 zssffi‘fflffiffiffl
2017 3188 2405 3271 {memmii

1316 3277 1456 3314 ratione
1474 3277 1659 3315 Falcidiae
1680 3278 1821 3314 mulieri
1841 3244 2095 3325 praestabitur.
2131 3289 2149 3315 s
2218 3284 2255 3316 et
2276 3281 2403 3316 marito

1317 3332 1362 3359 ex
1379 3326 1485 3368 parte
1502 3322 1623 3359 heredi
1636 3323 1665 3345 ¹⁰
1686 3323 1852 3360 instituto
1872 3333 1895 3358 a
1914 3333 2038 3360 socero
2059 3323 2143 3360 dote
2158 3324 2405 3371 praeleganw

1317 3436 1489 3481 perlegata
1499 3438 1561 3472 ltoc
1571 3438 1641 3471 loco
1653 3438 1700 3473 F.-
1719 3438 1830 3472 debuit
1839 3450 1908 3472 me
1919 3437 2067 3480 relegat·
2136 3439 2195 3481 (12)
2219 3440 2405 3474 adde-nunt

1317 3482 1421 3517 talia.-
1443 3482 1569 3516 aliasve
1589 3493 1707 3516 causae
1723 3483 1874 3526 exeeptis
1891 3483 1935 3515 iis
1948 3493 2033 3526 quae
2044 3484 2118 3528 ipso
2130 3484 2205 3517 iure
2216 3484 2327 3518 dotem
2339 3485 2401 3518 mi-

1316 3530 1427 3561 nuunt
1439 3527 1529 3561 dotis
1542 3527 1709 3571 relegatae
1721 3527 1845 3562 solutio
1858 3538 1927 3560 non
1939 3528 2111 3562 differtur:
2136 3532 2282 3562 ceterum
2294 3529 2337 3564 ob
2349 3540 2402 3562 res

1316 3572 1458 3605 donatas
1539 3575 1596 3614 (18)
1621 3573 1822 3616 relegaverit
1833 3585 1895 3606 scr.
1980 3574 2040 3616 (u)
2064 3573 2144 3616 quia
2156 3574 2249 3606 nulla
2261 3584 2402 3617 corpora

1315 3618 1387 3651 sint
1398 3617 1461 3652 dol.
1524 3620 1584 3660 (is)
1600 3618 1877 3653 demonstr-tudae
1886 3617 2035 3653 Schultz„
2117 3619 2178 3658 (ια)
2194 3619 2360 3652 actionem
2374 3619 2406 3654 Γ

1315 3662 1377 3705 (ιτ)
1400 3660 1513 3696 loom
1524 3664 1585 3697 im.
1678 3664 1739 3706 (is)
1762 3665 1797 3695 et
1808 3663 1843 3695 F
1951 3665 2011 3704 (ιο)
2060 3664 2152 3697 erodi
2165 3665 2333 3708 requirunt
2343 3664 2379 3698 Β
2387 3676 2401 3697 .·

1314 3707 1436 3742 herede
1445 3707 1482 3742 F
1540 3709 1607 3750 (ιο)
1634 3708 1797 3752 Ulpianus
1808 3709 1941 3753 :eripete
1950 3707 2071 3742 herede
2082 3708 2241 3743 instituto
2253 3719 2274 3742 a
2284 3719 2399 3745 socero

1315 3752 1392 3786 dote
1404 3753 1551 3798 relegata
1563 3755 1624 3797 (eie
1635 3754 1846 3797 Haloander)
