2528 3918
101 138 103 140 ’
139 144 380 177 Formiani
407 145 655 177 susss'ri'ru'r.

189 254 243 295 33
280 256 510 293 Ammaiws
549 256 642 292 libro
684 254 844 291 secundo
913 256 1140 291 uaestionum
1198 253 1236 289 Si

141 306 257 338 mater
286 302 338 337 ita
368 305 538 343 testetur,
572 305 614 336 ut
644 300 755 335 filium
785 300 885 346 impu
912 310 1024 342 erem,
1058 311 1139 336 cum
1170 299 1238 335 erit

142 358 317 383 annorum
340 346 635 393 quattuordecim,
664 345 831 381 heredem
853 345 1019 381 instituat
1043 346 1146 390 eique
1169 355 1235 390 pu-

142 392 330 439 pillaribus
353 391 501 432 tabulis,
537 391 576 427 31
590 391 659 426 31111
682 391 785 426 heres
809 400 883 426 non
907 389 991 433 erit,
1018 390 1124 425 alium
1151 389 1234 425 sub-

146 443 160 473 l
211 437 349 479 stituat,
373 437 468 472 valet
491 436 710 471 substitutio.
751 434 790 471 Si
813 435 906 471 filius
932 440 967 470 et
991 446 1035 470 ex
1059 446 1099 471 eo
1124 445 1236 487 nepos

141 485 330 529 postumus
361 482 413 517 ita
436 481 585 517 heredes
609 481 864 523 instituantur,
895 484 936 515 ut
960 480 1066 515 Gallo
1091 479 1235 526 Aquilio

142 527 289 574 placuit,
315 530 350 562 et
373 526 514 572 nepoti,
546 526 576 561 si
599 526 630 562 is
654 526 758 561 heres
782 536 854 561 non
884 525 968 567 erit,
1002 525 1118 561 Titius
1151 525 1235 560 sub-

143 573 323 614 stituatur,
348 571 420 607 filio
445 571 574 607 herede
599 571 773 607 existente
797 570 931 606 Titium
955 570 1170 613 omnimodo,
1200 569 1236 605 id

143 622 199 654 est
222 617 328 652 etiam
352 617 382 652 si
397 627 510 662 nepos
527 620 634 652 natus
651 627 724 652 non
739 616 859 655 fuerit,
885 615 1025 651 excludi
1041 626 1098 651 res
1125 614 1234 651 ondit.

190 660 243 700 34
275 661 384 698 IDEM
413 662 504 698 libro
536 664 668 708 quarto
700 662 952 707 quaestionum
1006 661 1065 696 Ex
1121 660 1237 696 uobus

143 709 190 744 im
216 707 385 743 uberibus
405 707 470 750 -ei,
531 707 569 742 ui
600 716 787 752 supremus
819 709 1036 748 moreretur,
1071 705 1237 741 heredem

145 764 187 789 su
213 752 338 788 stituit.
375 752 406 788 si
429 752 494 788 sim
556 754 789 794 morerentur,
813 751 955 796 utrique
975 751 1143 787 heredem
1160 760 1238 786 esse

144 797 312 843 respondi
327 799 348 840 ¹,
374 798 458 843 quia
477 807 665 843 supremus
685 807 757 833 non
775 796 807 832 is
827 797 969 848 demum
989 796 1049 848 qui
1095 799 1153 832 ost
1173 795 1236 831 ali-

145 854 268 896 quem,
301 842 364 878 sed
395 843 503 878 etiam
535 846 618 887 post
646 852 751 894 quein
775 852 878 878 nemo
904 844 968 884 sit,
1000 807 1236 894 intellegatur,

144 892 238 924 sicut
262 891 298 923 et
321 898 341 924 e
365 888 546 923 contrario
572 897 754 932 proximus
778 898 851 922 non
875 887 990 922 solum
1015 887 1044 922 is
1070 897 1132 932 qui
1155 889 1238 921 ante

144 934 192 969 ali
216 943 309 976 uem,
333 933 397 968 sed
420 933 527 968 etiam
550 933 581 968 is
606 936 689 968 ante
729 942 810 967 uem
825 942 930 967 nemo
948 932 995 967 sit
1010 932 1237 984 intellegitur.

148 983 163 1014 1
193 944 344 1013 qFilium
374 978 596 1030 impuberem
632 981 668 1013 et
703 944 836 1013 gitium
875 977 1025 1013 heredes
1063 976 1236 1013 instituit:

145 1024 240 1059 Titio
265 1023 445 1059 Maevium
476 1023 679 1066 substituit,
713 1022 808 1065 filio,
842 1022 1002 1068 quisquis
1037 1022 1105 1058 sibi
1135 1022 1237 1057 heres

145 1073 241 1105 esset
279 1079 324 1104 ex
362 1079 473 1114 supra
511 1068 673 1114 scriptis,
717 1068 919 1104 substituit:
965 1067 1081 1103 Titius
1122 1066 1240 1102 omisit

144 1114 398 1156 hereditatem,
444 1114 606 1150 Maevius
651 1113 749 1149 adiit.
809 1116 950 1148 mortuo
995 1112 1123 1148 deinde
1164 1111 1237 1147 filio

169 1163 250 1195 utat
281 1159 393 1204 magis
426 1159 457 1194 ei
489 1159 556 1195 soli
587 1169 632 1194 ex
664 1158 919 1195 substitutione
951 1157 1083 1193 deferri
1113 1156 1239 1203 pupilli

144 1171 398 1247 hereditatem,
431 1205 491 1249 qui
521 1205 635 1250 patris
668 1214 810 1250 quoque
840 1203 1075 1239 hereditatem
1102 1202 1238 1238 adierit.

146 1252 166 1284 2
213 1249 366 1285 Etiamsi
390 1254 516 1285 contra
538 1250 652 1302 patris
675 1250 819 1284 tabulas
851 1249 1028 1284 bonorum
1058 1247 1238 1294 possessio

145 1295 258 1341 petita
282 1295 339 1338 sit,
364 1295 569 1331 substitutio
594 1298 714 1330 tamen
733 1294 920 1340 pupillaris
935 1294 1042 1337 valet,
1067 1297 1103 1329 et
1120 1293 1240 1339 legata

145 1340 310 1420 amnibus
350 1340 570 1385 praestanda
608 1343 711 1382 sunt,
755 1350 847 1386 quae
886 1350 908 1375 a
947 1338 1203 1375 substitutione
1218 1339 1238 1358 ¹·

171 1389 233 1420 ata
265 1389 360 1420 sunt.

191 1427 244 1468 35
292 1430 402 1465 lom
429 1430 519 1467 libro
551 1431 677 1476 quinto
710 1430 961 1476 quaestionum
1007 1429 1090 1464 Etsi
1114 1432 1241 1464 contra

145 1475 288 1510 tabulas
311 1475 424 1528 patris
447 1475 561 1523 petita
585 1476 632 1511 sit
655 1486 678 1511 a
697 1475 833 1521 pupillo
854 1475 1030 1511 bonorum
1047 1474 1240 1520 possessio,

144 1520 182 1555 in
213 1520 446 1556 substitutum
476 1524 595 1556 tamen
627 1520 702 1556 eius
734 1520 913 1556 actionem
943 1519 1051 1565 legati
1082 1519 1239 1555 dandam

147 1575 225 1601 esse
256 1566 325 1608 ita,
359 1569 400 1601 ut
430 1569 629 1611 augeantur
658 1569 802 1618 praeter
833 1565 901 1601 ea²
933 1564 1029 1610 quod
1059 1564 1155 1600 filius
1180 1575 1240 1600 ex-

146 1611 279 1646 traneis
314 1622 388 1647 non
423 1611 594 1647 debuerit.
642 1621 694 1647 sic
726 1614 763 1646 et
795 1620 957 1646 crescere
989 1620 1012 1646 a
1044 1610 1240 1646 substituto

147 1655 232 1692 data
262 1656 398 1701 legata,
433 1656 463 1692 si
494 1667 558 1702 per
587 1657 766 1692 bonorum
796 1655 1060 1702 possessionem
1088 1655 1169 1701 plus
1195 1654 1242 1690 ad

145 1700 256 1736 filium
290 1701 524 1746 pervenisset,
559 1701 857 1754 quemadmodum
881 1704 918 1736 et
939 1700 1017 1747 ipse
1039 1700 1135 1736 filius
1159 1701 1240 1746 plus

146 1747 306 1792 exceptis
339 1746 493 1782 deberet.
542 1747 598 1783 1113
624 1757 846 1792 consequens
872 1756 950 1782 esse
974 1746 1156 1789 existimo,
1189 1749 1240 1789 ut,

145 1792 177 1828 si
210 1792 373 1837 impubes
409 1802 454 1828 ex
489 1793 593 1828 asse³
629 1792 783 1837 scriptus
817 1792 865 1827 sit
898 1794 934 1827 et
968 1802 1034 1837 per
1064 1791 1242 1827 bonorum

146 1837 408 1883 possessionem
431 1838 536 1874 semis
561 1837 593 1873 ei
613 1837 755 1873 ablatus
777 1837 834 1880 sit,
859 1837 1076 1873 substitutus
1096 1837 1135 1871 in
1156 1846 1240 1916 Rar-

146 1887 218 1918 tem
252 1883 360 1928 legati
394 1883 535 1918 nomine
567 1887 799 1925 exoneretur,
841 1886 903 1925 ut,
943 1881 1154 1927 quemadmo
1181 1892 1242 1916 um

146 1927 286 1974 portio,
320 1938 411 1973 quae
431 1939 506 1981 ‘per
536 1929 713 1981 bonorum
744 1928 1007 1980 possessionem
1036 1926 1240 1980 accesserit,

147 1976 253 2056 ³¹²3&
274 1973 310 2039 3⁶
334 1977 540 2054 {3⁷03}ss
553 1973 1243 2064 ziissoqgssssrffl’{Zissffloffiuassoaest

147 2064 226 2117 quis
239 2063 276 2098 in
288 2067 502 2099 testamento
514 2064 635 2109 plures
693 2063 784 2099 adus
801 2063 971 2099 heredum
985 2062 1118 2106 facere,
1134 2065 1240 2108 puta:

148 2113 190 2144 ‘si
213 2108 273 2144 ille
296 2109 400 2145 heres
425 2120 497 2145 non
522 2110 606 2152 erit,
641 2109 647 2116 '
679 2119 698 2144 e
720 2109 851 2144 heres-'²
874 2109 976 2151 esto’,
1009 2111 1044 2144 et
1076 2108 1242 2153 deinceps

147 2155 288 2200 plures,
321 2158 363 2190 ut
394 2154 584 2190 novissimo
616 2154 696 2190 loco
730 2154 767 2189 in
798 2153 996 2189 subsidium
1023 2153 1079 2188 vel
1102 2164 1242 2189 servum

151 2203 165 2234 1
217 2199 458 2235 necessarium
487 2199 654 2235 heredem
684 2199 859 2235 instituat.
908 2199 958 2234 Et
981 2199 1037 2234 vel
1059 2199 1182 2244 plures
1205 2198 1243 2233 in

148 2244 254 2280 unius
285 2245 403 2280 locum
435 2248 588 2289 possunt
619 2245 788 2280 substitui
818 2244 872 2280 vel
904 2254 998 2279 unus
1026 2244 1064 2279 in
1087 2244 1243 2290 plurium

148 2290 204 2326 vel
236 2289 382 2369 {lingulis
415 2290 543 2335 singuli
574 2290 629 2325 vel
659 2290 811 2326 invicem
836 2289 906 2335 ipsi
930 2289 991 2335 qui
1014 2289 1163 2325 heredes
1187 2289 1241 2324 in-

148 2335 235 2371 stitu
254 2334 262 2342 ‘
288 2338 382 2370 sunt.

193 2378 247 2418 37
275 2380 575 2415 “Fhoflfflvrmos
595 2380 687 2416 libro
711 2380 849 2416 decimo
873 2380 1138 2415 institutionum
1175 2379 1243 2414 Vel

149 2425 296 2471 singulis
328 2425 448 2461 liberis
478 2425 557 2461 vel⁷
590 2425 650 2470 qui
682 2436 806 2461 eorum
837 2425 1048 2461 novissimus
1072 2424 1244 2460 morietur

148 2472 251 2507 heres
283 2470 454 2506 substitui
483 2473 620 2516 potest,
652 2471 819 2516 singulis,
852 2471 882 2506 si
912 2470 1088 2506 neminem
1120 2479 1242 2505 eorum

148 2517 318 2553 intestato
344 2515 515 2551 decedere
538 2516 631 2558 velit,
657 2516 862 2558 novissimo,
887 2515 918 2551 si
933 2516 989 2551 ius
1005 2515 1243 2561 legitimarum

148 2561 397 2597 hereditatium
419 2561 594 2606 integrum
617 2562 712 2597 inter
736 2571 797 2597 eos
822 2560 995 2596 custodiri
1017 2561 1111 2596 velit.

195 2604 249 2645 38
274 2606 332 2642 ΡΑ
340 2616 435 2642 Utus
451 2606 542 2642 libro
562 2607 746 2653 sinqulari
763 2606 808 2641 de
826 2606 995 2642 secundis
1011 2606 1144 2642 tabulis
1175 2605 1243 2650 Qui

149 2653 269 2698 plures
301 2651 434 2687 liberos
465 2651 593 2694 habet,
629 2655 749 2697 potest
780 2651 994 2697 quibusdam
1025 2651 1243 2687 substituere

150 2697 700 2786 ¹1²³q331h³¹23¹133t15¹155r2³⁸⁶E¹1333
704 2700 757 2777 Εὲι
770 2697 955 2777 ‘incinfflssssa
978 2696 1244 2786 έὶξῖξξξῗιειΡὲἰὲἑέῗᾖ

149 2788 196 2824 113
221 2787 437 2824 substituere
460 2790 599 2832 potest,
631 2791 672 2822 ut
700 2790 790 2840 puta
822 2787 864 2822 ‘si
894 2786 989 2822 filius
1020 2796 1120 2822 meus
1146 2786 1243 2822 intra

152 2837 296 2869 ‘annum
329 2832 502 2868 decimum
534 2832 746 2875 decesserit,
781 2832 898 2868 Titius
935 2832 966 2868 ei
1000 2832 1104 2867 heres
1141 2832 1240 2868 esto'.

152 2882 171 2914 2
218 2879 345 2923 Itaque
369 2882 404 2913 et
427 2877 457 2913 si
481 2878 638 2914 diversos
663 2878 858 2914 substituat
880 2881 965 2923 post
987 2877 1119 2912 finem⁸
1142 2880 1241 2912 aeta-

151 2924 208 2967 tis,
234 2923 490 2959 admittendum
515 2923 592 2966 erit,
616 2923 724 2959 veluti
749 2923 790 2959 ‘si
805 2923 900 2958 intra
916 2923 1090 2958 decimum
1110 2933 1243 2957 annum

153 2968 365 3009 ‘decesserit
392 2968 507 3003 Titius
531 2968 635 3004 heres
660 2972 756 3004 esto:
789 2968 821 3004 si
843 2972 927 3014 post
951 2967 1127 3003 decimum
1149 2967 1244 3003 intra

153 3017 172 3050 3
221 3017 399 3060 ‘quartum
435 3013 628 3057 decimum,
669 3014 830 3050 Maevius
861 3013 963 3049 heres
996 3013 1096 3049 esto'.
1153 3012 1191 3048 Si
1222 3023 1244 3048 a

151 3062 255 3105 patre
292 3058 478 3094 institutus
520 3062 738 3104 rogatusque
779 3058 1012 3094 hereditatem
1054 3058 1244 3094 restituere

153 3107 301 3140 coactus
326 3104 396 3139 ex⁹
418 3103 744 3140 fideicommissario
769 3104 907 3146 adierit,
931 3103 1092 3150 quamvis
1113 3106 1243 3146 cetera,

153 3159 244 3195 quae
266 3149 304 3184 in
328 3148 452 3184 eodem
475 3153 688 3185 testamento
712 3149 837 3185 relicta
860 3153 956 3192 sunt,
980 3159 1045 3195 per
1069 3159 1148 3184 eam
1167 3147 1243 3183 adi-

152 3195 285 3230 tionem
309 3193 574 3237 confirmentur,
599 3198 641 3230 ut
662 3195 780 3240 legata
797 3198 832 3230 et
845 3194 1041 3237 libertates,
1066 3193 1244 3229 secundas

152 3243 273 3275 tamen
296 3239 440 3275 tabulas
464 3250 537 3275 non
561 3243 727 3284 oportere
749 3239 958 3276 resuscitari
981 3239 1152 3275 destituto
1172 3239 1244 3274 iam

153 3284 231 3319 iure
261 3284 352 3320 civili
386 3287 599 3320 testamento
633 3284 785 3329 Quintus
818 3284 999 3320 Cervidius
1012 3286 1041 3306 ¹⁰
1071 3283 1245 3320 Scaevola

154 3332 277 3364 noster
300 3329 453 3365 dicebat.
501 3329 563 3365 sed
619 3330 755 3375 letique
768 3332 794 3352 ¹¹
823 3330 861 3366 in
893 3330 1032 3366 diversa
1058 3333 1143 3365 sunt
1166 3329 1243 3375 opi-

155 3373 279 3416 nione,
315 3374 399 3419 quia
430 3377 466 3409 et
496 3375 581 3420 pup'
611 3385 690 3411 ares
723 3375 868 3410 tabulae
899 3385 983 3420 pars
1008 3378 1092 3411 sunt
1114 3374 1244 3420 prioris

155 3419 360 3453 testamenti
372 3419 411 3461 ¹²,
436 3430 506 3464 quo
530 3420 607 3455 iure
629 3420 774 3455 utimur.

203 3461 255 3500 39
281 3463 327 3498 ΙΛ
335 3473 506 3500 VOLENUS
532 3465 622 3503 libro
646 3466 771 3512 primo
803 3476 854 3501 ex
875 3465 1144 3511 posterioribus
1172 3465 1243 3500 La-

158 3579 197 3618 (1)
222 3576 397 3618 respondit
417 3577 466 3609 F2
586 3579 639 3620 (1¹)
664 3577 849 3610 substituto
868 3580 941 3612 edd.
1066 3580 1110 3620 (2)
1134 3578 1246 3621 legata

159 3631 243 3664 quae
254 3621 328 3664 peti
339 3632 407 3653 non
421 3625 563 3663 possunt
574 3625 752 3665 propterea
764 3624 823 3656 ins.
937 3625 980 3665 (3)
1004 3623 1100 3656 heres
1117 3626 1178 3658 ins.
1193 3623 1245 3657 F2

159 3668 201 3706 (4)
224 3683 271 3695 =
290 3666 367 3699 Inst.
387 3667 419 3705 2,
431 3674 463 3700 15
480 3679 532 3709 pr.
553 3671 568 3706 §
583 3674 598 3700 1
629 3702 632 3704 ,
711 3669 755 3709 (5)
779 3679 849 3702 11011
865 3668 931 3701 erit
947 3668 1005 3701 ille
1021 3668 1117 3701 heres
1130 3669 1159 3702 S
1175 3681 1244 3702 cum

159 3710 252 3750 Insa,
276 3723 333 3743 om.
353 3712 389 3744 F
518 3712 561 3753 (6)
585 3728 630 3740 =
649 3712 729 3745 Inst.
744 3714 775 3752 2,
788 3720 832 3755 16,
848 3720 864 3747 6

160 3757 204 3792 (8)
228 3766 291 3797 pro
302 3755 367 3788 fine
381 3768 441 3789 scr.
552 3758 596 3796 (9)
622 3758 706 3796 ex]a
724 3758 796 3790 dett.
811 3759 942 3800 quidam
1050 3761 1109 3798 (10)
1136 3758 1244 3794 Quin-

1227 128 1307 178 391

2158 128 2348 172 XXVIII
2378 130 2399 170 6

1307 255 1430 291 beonis
1481 254 1570 290 Cum
1602 264 1647 289 ex
1677 253 1751 289 filio
1785 254 1864 300 quis
1897 254 1986 290 duos
2019 257 2168 299 nepotes
2199 251 2401 298 impuberes

1306 300 1482 343 habebat,
1516 299 1579 335 sed
1611 299 1764 335 alterum
1797 309 1919 334 eorum
1950 300 1987 334 in
2018 301 2218 344 potestate,
2251 297 2400 333 alterum

1307 355 1396 387 non,
1431 350 1467 380 et
1489 345 1594 380 vellet
1618 349 1808 388 utrumque
1833 354 1877 379 ex
1901 344 2024 390 aequis
2049 344 2213 389 partibus
2236 341 2402 378 heredem

1306 390 1439 426 habere
1472 394 1525 433 et,
1558 389 1589 425 si
1621 390 1700 434 quis
1734 400 1777 424 ex
1808 389 1863 424 his
1895 389 2058 434 impubes
2089 388 2323 431 decessisset,
2357 387 2403 422 ad

1307 435 1457 471 alterum
1481 439 1620 481 partein
1645 435 1720 470 eius
1745 433 1958 469 transferre:
1985 445 2028 469 ex
2054 434 2201 470 consilio
2223 432 2403 469 Labeonis

1308 479 1403 516 Ofilii
1428 480 1590 516 Cascellii
1608 479 1770 515 Trebatii
1794 490 1874 514 eum
1899 490 2003 524 quem
2027 480 2064 514 111
2087 483 2268 524 potestate
2291 478 2402 514 habe-

1306 526 1370 561 bat
1401 526 1517 561 solum
1547 525 1716 561 heredem
1746 524 1834 559 fecit
1865 527 1901 560 et
1931 524 1977 558 ab
2012 534 2053 560 eo
2087 524 2190 559 alteri
2223 523 2403 559 dimidiam

1332 575 1445 606 artem
1476 570 1705 613 hereditatis,
1738 580 1820 606 cum
1850 569 1888 604 in
1921 579 2023 604 suain
2055 570 2204 604 tutelam
2237 569 2401 610 venisset,

1306 582 1452 661 fegavit:
1487 615 1583 661 quod
1607 615 1638 651 si
1660 615 1709 658 is,
1737 615 1804 695 311
1834 614 1870 649 111
1898 618 2078 659 potestate
2102 624 2168 649 sua
2192 618 2306 656 esset,
2337 614 2402 648 im-

1306 662 1421 706 pubes
1462 660 1693 703 decessisset,
1772 664 1889 695 terum
1929 659 2097 694 heredem
2137 660 2169 694 ei
2208 659 2401 695 substituit.

1312 710 1325 741 l
1375 706 1468 742 Filio
1493 707 1541 741 im
1568 706 1670 741 uberi
1703 705 1741 740 in
1765 705 1923 750 singulas
1949 714 2077 739 causas
2103 705 2211 739 alium
2237 708 2272 740 et
2295 704 2404 739 alium

1307 752 1474 787 heredem
1498 718 1715 787 substituere
1740 760 1942 796 possumus,
1966 750 2076 802 yeluti
2096 753 2136 784 ut
2157 750 2260 792 alius,
2285 749 2315 785 si
2336 749 2404 785 sibi

1307 797 1427 832 nullus
1459 796 1553 832 filius
1585 795 1711 838 fuerit,
1744 799 1780 831 et
1810 795 1920 838 alius,
1953 805 1983 830 si
2014 794 2109 830 filius
2141 794 2249 830 fuerit
2280 798 2316 830 et
2338 795 2401 829 im-

1309 845 1327 877 2
1375 842 1490 887 pubes
1515 844 1676 877 mortuus
1696 840 1815 880 fuerit,
1839 840 1943 876 heres
1967 840 2024 875 sit.
2062 839 2213 884 Quidam
2233 843 2404 885 quattuor

1307 886 1456 923 heredes
1481 886 1618 922 fecerat
1641 890 1677 922 et
1701 886 1866 922 omnibus
1896 885 2089 921 heredibus
2120 889 2263 930 praeter
2294 895 2404 920 unum

1309 932 1562 968 substituerat:
1595 942 1689 967 unus
1714 931 1791 975 ille,
1826 931 1884 966 cui
1908 941 1981 966 non
2005 935 2083 966 erat
2106 930 2294 975 quisquam
2319 931 2403 965 sub-

1308 978 1476 1020 stitutus,
1510 981 1546 1013 et
1578 988 1621 1012 ex
1654 977 1781 1012 ceteris
1814 977 1904 1011 alter
1936 975 2013 1011 vivo
2037 979 2142 1021 patre
2164 975 2317 1010 familias
2342 975 2403 1010 de-

1310 1026 1494 1059 cesserant
1507 1023 1544 1057 ¹³.
1591 1026 1751 1068 partem,
1785 1022 1842 1057 cui
1867 1031 1970 1057 nemo
1997 1024 2075 1056 erat
2098 1021 2333 1062 substitutus,
2358 1020 2405 1055 ad

1309 1068 1543 1104 substitutum
1579 1078 1721 1113 quoque
1752 1067 1930 1113 pertinere
1962 1066 2087 1102 Ofilius
2121 1065 2315 1102 Cascellius
2329 1075 2405 1099 res-

1307 1111 1531 1158 ponderunt,
1567 1124 1719 1158 quorum
1743 1112 1921 1148 sententia
1944 1121 2029 1147 vera
2053 1115 2117 1147 est.

1355 1158 1409 1196 40
1434 1158 1683 1194 PAPJNJANUS
1711 1158 1804 1194 libro
1837 1158 2003 1193 vicesimo
2032 1167 2129 1192 nono
2155 1156 2404 1202 quaestionum

1312 1204 1432 1239 Causa
1449 1204 1591 1249 cognita
1608 1204 1771 1249 impubes
1788 1203 1981 1247 adrogatus
1999 1201 2202 1238 decesserat
2215 1202 2252 1235 ¹⁴.
2285 1212 2406 1246 quem-

1309 1248 1502 1285 admodum
1537 1248 1700 1302 legitimis
1736 1247 1928 1284 heredibus
1968 1247 2184 1284 auctoritate
2217 1247 2406 1292 principali

1309 1294 1528 1341 prospicitur
1549 1294 1691 1330 vinculo
1717 1293 1915 1336 cautionis,
1946 1293 2018 1335 ita,
2051 1292 2082 1328 si
2104 1291 2199 1328 forte
2223 1291 2408 1327 substituit

1309 1339 1484 1376 naturalis
1515 1343 1620 1385 pater
1649 1339 1843 1385 impuberi,
1877 1337 2159 1374 succurrendum
2183 1337 2250 1372 erit
2273 1337 2404 1373 substi-

1310 1389 1407 1421 tuto:
1449 1395 1532 1420 nain
1564 1388 1600 1420 et
1629 1384 1793 1430 legitimis
1825 1384 2018 1420 heredibus
2049 1383 2180 1419 futuris
2212 1393 2285 1418 non
2316 1382 2408 1417 aliae

1312 1441 1420 1477 quam
1443 1430 1549 1466 utiles
1574 1430 1735 1466 actiones
1758 1429 1936 1475 praestari
1959 1432 2123 1475 possunt.

1357 1475 1406 1513 41
1437 1475 1546 1511 IDEM
1565 1476 1656 1512 libro
1681 1479 1786 1511 sexto
1810 1485 2067 1522 responsorum
2116 1472 2290 1509 Coheredi
2322 1472 2406 1507 sub-

1311 1522 1457 1557 stitutus
1487 1521 1699 1574 priusquam
1729 1520 1964 1556 hereditatem
1998 1519 2113 1555 adiret
2145 1522 2209 1553 aut
2242 1517 2406 1554 condicio

1311 1566 1576 1603 substitutionis
1601 1566 1780 1609 existeret,
1804 1566 1878 1601 vita
1902 1565 2064 1600 decessit.
2103 1564 2150 1599 ad
2171 1563 2407 1599 substitutum

1311 1612 1398 1655 eius,
1424 1611 1497 1648 sive
1521 1616 1605 1648 ante
1629 1611 1921 1647 substitutionem
1945 1611 2019 1646 sive
2041 1614 2169 1656 postea
2189 1609 2407 1644 substitutus

1310 1657 1367 1700 sit,
1393 1661 1545 1702 utraque
1568 1657 1686 1702 portio
1706 1656 1898 1702 pertinebit
1919 1666 1984 1691 nec
2004 1655 2177 1697 intererit,
2202 1654 2301 1700 prior
2321 1654 2406 1689 sub-

1314 1706 1325 1738 1
1379 1702 1526 1738 3111111113
1565 1706 1649 1748 post
1688 1702 1892 1737 institutum
1932 1711 1979 1736 an
2020 1704 2104 1736 ante
2139 1699 2301 1735 decedat.
2349 1698 2407 1733 Ex

1316 1747 1469 1784 ¹⁵verbis
1510 1751 1655 1793 ‘eosque
1697 1747 1848 1783 invicem
1891 1746 2082 1782 substituo'
2126 1756 2199 1781 non
2243 1744 2407 1780 adeuntis

1311 1793 1428 1839 portio
1453 1793 1596 1838 scriptis
1620 1792 1812 1829 heredibus
1836 1802 1900 1838 pro
1925 1791 2031 1827 modo
2053 1791 2121 1827 sibi
2140 1790 2196 1826 vel
2217 1790 2278 1825 alii
2298 1800 2406 1835 quae-

1312 1842 1330 1874 2
1379 1839 1470 1874 sitae
1493 1839 1670 1883 portionis
1695 1837 1864 1874 defertur.
1913 1837 2003 1872 Cum
2026 1836 2161 1872 1111118ιδ
2191 1835 2246 1871 vel
2274 1835 2407 1880 nepoti,

1312 1884 1374 1930 qui
1404 1884 1525 1920 locum
1556 1883 1620 1919 filii
1651 1883 1768 1919 tenuit
1798 1885 1862 1918 aut
1892 1886 1976 1928 post
2006 1884 2260 1917 testamentum
2289 1880 2409 1925 coepit

1311 1933 1445 1972 tenere,
1469 1939 1602 1974 parens
1627 1928 1832 1969 substituit,
1865 1928 1897 1963 si
1921 1927 1999 1972 quis
2024 1938 2068 1962 ex
2090 1927 2146 1962 his
2170 1926 2295 1962 mortis
2343 1935 2407 1960 uo-

1312 1978 1564 2055 }uefisseffffie
1587 1973 1750 2064 ’ρἳἳὲῈὲ
1765 1972 2198 2062 1111θῖἓὲᾞᾶὥῇᾞὲἓῖ
2219 1970 2406 2062 Ξὲἕᾲνέἑῗ

1544 2047 1550 2054 ·
2398 2042 2408 2058 v

1311 2065 1343 2100 si
1362 2064 1524 2110 impubes
1545 2065 1638 2101 diem
1655 2075 1759 2100 suuin
1776 2064 1916 2106 obierit,
1942 2063 2037 2099 Titio
2055 2062 2288 2098 hereditatem
2305 2071 2407 2097 suain

1310 2110 1519 2153 restituere,
1544 2110 1739 2155 legitimum
1762 2109 1928 2145 heredem
1950 2108 2015 2144 filii
2038 2108 2136 2144 salva
2160 2107 2323 2143 Falcidia
2346 2117 2407 2143 co-

1310 2155 1465 2201 gendum
1489 2155 1601 2201 patris
1626 2154 1862 2190 hereditatem
1885 2157 1926 2190 ut
1949 2154 1994 2189 ab
2019 2153 2203 2198 impubere
2223 2152 2406 2188 fideicom-

1311 2201 1419 2236 misso
1444 2204 1528 2246 post
1550 2204 1700 2236 mortem
1725 2200 1800 2236 eius
1825 2200 1909 2235 dato
1933 2199 2122 2234 restituere
2153 2198 2307 2243 placuit,
2340 2208 2407 2233 nec

1311 2246 1410 2282 aliud
1435 2246 1667 2289 servandum,
1701 2257 1783 2282 cum
1815 2244 2081 2282 substitutionis
2114 2243 2275 2279 condicio
2289 2244 2316 2264 ¹⁷
2339 2254 2406 2288 pu-

1311 2292 1434 2327 berem
1465 2295 1620 2327 aetatem
1651 2291 1768 2327 verbis
1798 2290 1969 2336 precariis
2001 2289 2190 2335 egreditur.
2238 2299 2330 2334 quae
2356 2288 2408 2323 ita

1310 2337 1430 2373 locum
1454 2337 1657 2380 habebunt,
1690 2337 1721 2372 si
1751 2336 1865 2381 patris
1897 2338 2150 2371 testamentum
2176 2334 2254 2369 iure
2276 2333 2406 2368 valuit:

1311 2382 1471 2428 alioquin
1494 2382 1525 2418 si
1548 2393 1621 2418 non
1644 2382 1767 2424 valuit,
1794 2392 1836 2417 ea
1859 2381 2049 2426 scriptura,
2083 2390 2189 2425 quain
2213 2382 2403 2415 testamen-

1311 2431 1388 2463 tum
1413 2438 1491 2463 esse
1515 2428 1645 2471 voluit,
1679 2427 1862 2463 codicillos
1887 2437 1960 2462 non
1982 2426 2111 2467 faciet,
2144 2424 2212 2460 nisi
2242 2424 2312 2460 hoc
2345 2434 2390 2459 ex

1337 2483 1474 2509 ressum
1499 2475 1564 2508 est.
1612 2483 1679 2509 nec
1710 2472 1984 2508 fideicommisso
2042 2470 2183 2515 ropriae
2214 2469 2407 2505 facultates

1311 2485 1375 2553 Elii
1399 2518 1627 2560 tenebuntur,
1653 2521 1689 2554 et
1712 2518 1803 2560 ideo,
1829 2518 1859 2553 si
1881 2520 1985 2562 pater
2004 2482 2116 2559 {flium
2138 2514 2408 2551 exheredaverit

1311 2569 1348 2599 et
1379 2563 1411 2599 ei
1443 2563 1530 2599 nihil
1561 2564 1763 2609 reliquerit,
1803 2563 1938 2598 nullum
1973 2561 2284 2596 fideicommissum
2321 2560 2406 2595 erit:

1311 2609 1489 2654 alioquin,
1523 2609 1553 2644 si
1580 2609 1699 2654 legata
1722 2608 1777 2644 vel
1800 2607 2073 2642 fideicommissa
2096 2605 2189 2640 filius
2215 2605 2406 2651 acceperit,

1310 2654 1406 2690 intra
1430 2654 1576 2690 modum
1600 2664 1722 2689 eorum
1741 2652 2052 2688 fideicommissum
2067 2651 2277 2686 hereditatis
2292 2660 2314 2686 a
2332 2649 2406 2686 filio

1312 2702 1333 2734 4
1381 2699 1505 2735 datum
1538 2700 1628 2735 citra
1657 2698 1839 2734 Falcidiae
1878 2697 2053 2732 rationem
2093 2696 2290 2732 debebitur.
2339 2695 2407 2776 gui

1312 2744 1484 2780 discretas
1508 2744 1690 2790 portiones
1716 2742 1916 2779 coniunctis
1940 2742 2102 2787 pluribus
2126 2741 2320 2794 separatim
2369 2751 2406 2776 e-

1313 2790 1365 2825 dit
1388 2800 1431 2825 ac
1482 2793 1539 2825 ost
1562 2799 1702 2825 omnem
1724 2788 1958 2824 institutionis
1982 2787 2143 2823 ordinem
2165 2790 2218 2822 ita
2241 2786 2403 2832 scripsit:

1313 2840 1415 2880 ‘quos
1475 2834 1599 2870 eredes
1634 2844 1732 2870 meos
1767 2833 1918 2868 invicem
1949 2832 2154 2875 substituo',
2195 2831 2406 2868 coniunctos

1311 2880 1425 2932 primo
1456 2880 1539 2916 loco
1571 2879 1648 2915 vice
1681 2882 1808 2914 mutua
1839 2877 2055 2914 substituere
2086 2877 2243 2913 videtur:
2276 2877 2405 2923 quibus

1311 2925 1576 2960 institutionum
1598 2927 1720 2969 partes
1744 2934 1817 2960 non
1833 2923 2110 2969 agnoscentibus
2128 2926 2266 2958 ceteros
2282 2932 2405 2958 omnes

1313 2974 1332 3005 5
1382 2969 1576 3005 coheredes
1601 2969 1752 3004 admitti.
1790 2968 1857 3013 Qui
1879 2971 2019 3014 patrem
2044 2972 2079 3003 et
2094 2968 2206 3003 filium
2221 2978 2286 3013 pro
2329 2970 2406 3002 arte

1311 3014 1460 3050 heredes
1492 3014 1697 3050 instituerat
1729 3018 1765 3050 et
1795 3014 1946 3049 invicem
1974 3014 2228 3056 substituerat,
2260 3023 2298 3048 re
2312 3012 2405 3057 iquis

1313 3060 1548 3096 coheredibus
1574 3059 1668 3095 datis
1691 3062 1775 3105 post
1799 3059 2014 3104 completum
2037 3069 2154 3095 assem
2174 3059 2225 3094 ita
2243 3056 2403 3102 scripsit:

1313 3105 1391 3141 ‘hos
1416 3115 1538 3140 omnes
1554 3105 1705 3140 invicem
1720 3104 1925 3141 substituo'.
1959 3104 2153 3140 voluntatis
2170 3103 2212 3138 fit
2229 3101 2403 3148 quaestio,

1314 3149 1650 3186 commemoratione
1681 3150 1839 3185 omnium
1869 3153 2009 3195 patrem
2037 3153 2073 3184 et
2095 3149 2207 3184 filium
2231 3146 2403 3183 substitu-

1312 3195 1401 3231 tioni
1434 3195 1647 3231 coheredum
1678 3195 1881 3231 miscuisset
1911 3205 1958 3230 an
1994 3205 2072 3230 eam
2108 3194 2322 3238 scripturam
2357 3190 2402 3226 ad

1314 3244 1452 3276 ceteros
1488 3250 1611 3276 omnes
1643 3240 1903 3276 transtulisset:
1940 3239 2037 3285 quod
2072 3238 2182 3283 magis
2217 3235 2404 3272 verisimile

1312 3285 1452 3322 videtur
1475 3288 1623 3330 propter
1646 3285 1838 3331 specialem
1860 3285 1953 3321 inter
1976 3288 2114 3330 patrem
2135 3287 2169 3318 et
2187 3282 2298 3317 filium
2319 3280 2402 3316 sub-

1314 3334 1334 3366 6
1381 3330 1604 3367 stitutionem
1617 3330 1656 3366 ¹⁸.
1694 3330 1848 3366 Coheres
1862 3330 2038 3376 impuberi
2055 3329 2127 3364 filio
2146 3327 2250 3362 datus
2272 3326 2403 3361 eidem-

1311 3375 1622 3465 ?Jiessss’ssgssffliiff
1644 3375 1763 3457 ¹3³3
1787 3372 2405 3456 ‘3153‘'uir‘ssiesmtaeffussiibrfifffiffici’oiss

1311 3468 1451 3511 partem
1476 3447 1628 3501 alteram'
1648 3432 1857 3511 accepigset.
1885 3432 1971 3500 pnon
1994 3464 2086 3498 idem
2111 3461 2308 3498 servabitur
2332 3460 2402 3496 alio

1314 3582 1369 3611 tus
1394 3577 1570 3611 Cervidius
1601 3591 1665 3612 non
1692 3580 1863 3622 scripsisse
1889 3577 2026 3609 Paulum
2055 3576 2224 3608 adnotavit
2251 3575 2404 3618 Krueqer

1315 3626 1370 3662 (11)
1394 3622 1599 3666 pluriqueF
1701 3624 1759 3666 (12)
1786 3622 1866 3665 quia
1886 3625 1920 3654 et
1985 3619 2187 3653 testamenti.
2222 3619 2279 3651 sed
2299 3618 2402 3661 pleri-

1316 3679 1420 3710 que...
1431 3668 1591 3710 opinione
1603 3681 1666 3703 scr.
1729 3669 1787 3710 (13)
1812 3666 2044 3700 decesseratF
2101 3665 2157 3704 (14)
2184 3663 2410 3696 decesseritF

1004 3715 1045 3754 (7)
1072 3714 1122 3746 vel
1140 3727 1197 3747 om.
1218 3714 1254 3746 F
1315 3715 1373 3755 (15)
1398 3713 1452 3746 his
1465 3715 1525 3747 ins.
1539 3713 1591 3746 F²
1653 3716 1712 3752 (16)
1733 3712 1802 3746 filio
1815 3725 1878 3747 scr,
1893 3712 2036 3754 (sicfere
2054 3709 2219 3751 Cuiaciue)
2284 3710 2343 3751 (17)
2364 3709 2400 3742 in

1314 3759 1376 3793 ins.
1470 3759 1528 3800 (18)
1555 3757 1803 3791 substituonem
1820 3757 1856 3790 F
