2528 3918
177 97 489 142 XXXXIIII4

179 221 242 258 sed
270 220 323 258 sic
354 220 398 257 ‘si
427 220 466 256 in
494 230 540 256 ea
569 230 609 256 re
633 220 722 256 nihil
746 220 828 258 dolo
852 220 947 258 malo
972 222 1105 258 actoris
1128 221 1265 259 factum

177 267 267 303 ‘est'.
308 266 438 302 docere
459 266 568 311 igitur
592 266 699 302 debet
719 267 763 310 is,
788 267 850 313 qui
873 267 985 303 obicit
1006 267 1263 312 exceptionem,

178 312 260 347 dolo
284 311 378 348 malo
401 310 535 347 actoris
557 310 712 355 factum,
744 322 811 348 nec
841 311 997 348 sufficiet
1020 312 1053 347 ei
1075 312 1265 348 ostendere

177 358 214 392 in
237 367 277 392 re
299 367 379 393 esse
401 355 541 392 dolum:
573 359 639 391 aut
662 356 694 392 si
717 357 865 393 alterius
890 357 987 392 oleat
1009 356 1092 393 dolo
1116 357 1263 401 factum,

178 412 301 438 eorum
323 411 498 446 personas
522 400 724 447 specialiter
747 402 890 438 debebit
913 412 1132 445 enumerare,
1161 402 1264 438 dum-

177 450 197 482 2
244 446 351 482 modo
374 447 442 481 hae
466 446 556 490 sint,
588 457 739 492 quarum
762 447 867 483 dolus
891 451 1029 483 noceat.
1077 447 1190 483 Plane
1219 457 1264 483 ex

176 501 332 537 persona
354 492 448 535 eius,
481 491 543 535 qui
566 493 811 537 exceptionem
834 492 962 535 obicit,
991 491 1029 527 in
1050 502 1127 528 rem
1150 503 1263 538 oppo-

176 537 273 572 nitur
294 536 474 582 exceptio:
499 546 616 582 neque
635 538 728 573 enim
748 537 942 583 quaeritur,
967 536 1137 572 adversus
1159 548 1264 583 quem

176 582 388 618 commissus
419 582 468 617 sit
496 582 616 626 dolus,
655 582 719 619 sed
754 593 802 618 an
837 583 874 618 in
911 591 954 617 ea
983 591 1024 618 re
1054 582 1138 618 dolo
1169 583 1264 618 malo

176 630 197 662 3
244 627 383 662 factum
413 627 461 662 sit
490 637 514 662 a
540 632 643 673 parte
674 629 819 663 actoris.
867 626 972 663 Circa
1000 626 1152 672 primam
1182 638 1263 672 spe-

178 671 287 714 ciem,
312 672 442 716 quibus
466 682 511 708 ex
534 673 653 708 causis
676 673 838 718 exceptio
861 672 953 707 haec
976 671 1096 708 locum
1119 672 1263 715 habeat,

175 718 266 753 haec
290 720 385 761 sunt,
410 727 503 762 quae
523 717 675 753 tractari
696 721 860 763 possunt.
903 718 934 753 si
958 718 1037 763 quis
1058 718 1135 753 81110
1153 728 1264 753 causa

176 763 222 798 ab
245 762 365 807 aliquo
388 761 498 798 fuerit
520 762 723 808 stipulatus,
748 762 877 798 deinde
899 773 944 798 ex
967 773 1010 798 ea
1033 763 1263 815 stipulatione

176 807 391 860 experiatur,
409 807 572 853 exceptio
590 809 713 852 utique
729 807 803 843 doli
817 808 901 843 mali
921 808 953 843 ei
968 808 1113 844 nocebit
1125 810 1154 844 ¹:
1178 808 1264 843 licet

175 863 270 890 emm
293 863 336 888 eo
360 857 538 898 tempore,
570 864 640 898 quo
665 853 922 899 stipulabatur,
951 853 1040 888 nihil
1063 853 1144 889 dolo
1168 854 1262 889 malo

175 898 370 941 admiserit,
399 902 519 934 tamen
543 897 731 934 dicendum
754 902 811 934 est
833 909 925 942 eum,
950 909 1032 934 cum
1054 899 1152 934 litem
1177 909 1261 934 con-

177 946 350 987 testatur,
383 942 466 979 dolo
496 943 632 986 facere,
662 943 725 988 qui
750 947 954 989 perseveret
976 954 1022 979 ex
1045 953 1088 979 ea
1111 944 1262 989 stipula·

175 988 272 1024 tione
295 991 437 1033 petere:
468 992 507 1024 et
529 988 561 1023 si
584 999 666 1023 cum
688 989 990 1034 interponeretur,
1020 989 1152 1024 iustam
1176 1000 1261 1024 cau-

175 1043 253 1070 sam
282 1033 429 1076 habuit,
465 1038 584 1069 tamen
620 1044 716 1069 nunc
751 1034 885 1069 nullam
919 1034 1085 1069 idoneam
1117 1044 1262 1070 causam

174 1079 310 1115 habere
338 1078 478 1114 videtur
492 1081 513 1115 ¹.
558 1079 709 1124 proinde
732 1083 770 1115 et
791 1079 823 1114 si
846 1079 1048 1115 crediturus
1071 1080 1262 1125 pecuniam

175 1123 220 1160 sti
247 1124 367 1160 ulatus
392 1127 448 1160 est
469 1134 536 1160 nec
559 1123 711 1159 credidit
727 1128 764 1159 et
783 1124 837 1160 si²
862 1128 961 1160 certa
979 1124 1049 1159 fuit
1068 1134 1180 1160 causa
1198 1125 1260 1160 sti-

174 1181 198 1215 p
238 1170 380 1211 ationis,
409 1179 502 1214 quae
524 1172 644 1205 tamen
667 1173 732 1205 aut
753 1180 826 1205 non
849 1174 904 1205 est
925 1173 1051 1206 secuta
1073 1173 1138 1205 aut
1160 1169 1262 1205 finita

173 1218 195 1249 4
243 1218 318 1257 est,
361 1214 550 1250 dicendum
589 1215 657 1250 erit
694 1225 824 1250 nocere
863 1215 1119 1260 exceptionem.
1172 1214 1262 1250 Item

174 1259 376 1305 quaeritur,
401 1259 433 1294 si
456 1260 535 1305 quis
558 1270 650 1305 pure
672 1259 866 1304 stipulatus
890 1259 939 1295 sit
962 1265 1097 1296 certam
1120 1261 1260 1305 quanti-

173 1309 301 1349 tatem,
330 1305 415 1357 quia
446 1304 516 1340 hoc
545 1308 665 1341 actum
695 1306 759 1349 sit,
792 1305 855 1341 sed
883 1309 967 1358 post
995 1305 1262 1351 stipulationem

173 1351 421 1396 interpositam
444 1351 600 1402 pactus³
622 1351 686 1393 sit,
715 1361 761 1386 ne
791 1351 933 1386 interim
963 1351 1118 1396 pecunia
1149 1361 1262 1396 usque

162 1395 221 1441 ‘ad
251 1399 389 1431 certum
421 1394 515 1431 diem
543 1398 707 1441 petatur,
745 1406 793 1431 an
822 1399 951 1431 noceat
979 1396 1143 1441 exceptio
1175 1396 1260 1432 doli.

172 1445 211 1476 et
233 1440 375 1486 quidem
397 1444 434 1476 et
457 1440 502 1476 (10
524 1445 633 1486 pacto
657 1444 832 1477 convento
855 1441 974 1487 excipi
996 1451 1104 1495 posse
1126 1451 1260 1495 nequa-

173 1496 281 1531 quam
304 1486 400 1522 ambi
425 1486 554 1521 endum
578 1490 651 1522 est:
676 1486 741 1522 sed
759 1491 795 1521 et
813 1486 846 1522 si
866 1487 935 1522 hac
953 1498 1032 1540 quis
1052 1491 1262 1532 exceptione

173 1531 227 1567 uti
249 1530 343 1575 velit,
368 1531 404 1566 ni
433 1531 442 1540 '
458 1542 480 1566 0
503 1532 620 1567 minus
637 1532 787 1577 poterit:
812 1531 895 1567 dolo
915 1542 1009 1568 emm
1030 1531 1149 1568 facere
1168 1543 1261 1575 eum,

173 1580 192 1612 5
241 1577 303 1621 qui
326 1580 453 1612 contra
475 1581 622 1622 pactum
645 1581 763 1622 petat,
792 1577 916 1622 negari
939 1588 1012 1613 non
1061 1581 1164 1613 otest.
1212 1578 1263 1612 Et

171 1621 383 1667 generaliter
411 1621 597 1657 sciendum
626 1626 681 1657 est
707 1632 752 1658 ex
782 1623 946 1658 omnibus
977 1623 1016 1659 in
1055 1626 1176 1658 actum
1200 1633 1261 1658 ex-

173 1667 398 1719 ceptionibus
428 1667 503 1703 doli
527 1666 613 1703 oriri
635 1667 901 1712 exceptionem,
933 1669 1017 1713 quia
1049 1668 1129 1704 dolo
1160 1667 1261 1711 facit,

173 1722 386 1757 quicumque
414 1712 469 1756 id,
501 1712 598 1766 quod
624 1723 768 1758 quaqua
791 1723 877 1749 exce
904 1713 1001 1749 tione
1026 1713 1108 1748 elidi
1130 1717 1261 1759 potest,

171 1758 280 1803 petit3
312 1767 396 1793 nam
428 1761 464 1793 et
494 1769 526 1793 si
554 1758 649 1794 inter
677 1759 778 1794 initia
835 1758 843 1766 ⁰
873 1759 880 1766 ’
925 1758 1007 1794 dolo
1037 1759 1132 1794 malo
1161 1758 1260 1801 facit,

172 1806 331 1838 attamen
359 1813 456 1838 nunc
478 1803 633 1848 petendo
657 1803 746 1838 facit
768 1803 910 1846 dolose,
939 1804 1009 1839 nisi
1040 1804 1072 1839 si
1100 1804 1183 1840 talis
1215 1804 1263 1840 sit

173 1853 193 1882 6
240 1848 442 1893 ignorantia
465 1848 503 1883 in
526 1859 588 1892 eo,
611 1851 653 1883 ut
675 1848 758 1884 dolo
783 1852 917 1884 careat.
964 1849 1047 1885 Non
1069 1850 1162 1885 male
1186 1849 1260 1885 dic-

171 1898 247 1929 tum
279 1898 352 1936 est,
390 1894 421 1929 si
460 1894 616 1929 creditor
648 1904 778 1930 usuras
809 1894 847 1929 in
876 1894 1038 1930 futurum
1070 1895 1259 1940 acceperit,

172 1938 301 1974 deinde
331 1939 522 1984 pecuniam
552 1939 662 1974 nihilo
695 1939 811 1975 minus
841 1943 960 1985 petat,
995 1942 1188 1985 antequam
1225 1940 1261 1975 id

171 1988 313 2029 tempus
344 1988 566 2029 praetereat,
607 1984 710 2020 cuius
747 1985 919 2031 temporis
949 1995 1078 2021 usuras
1110 1985 1260 2030 accepit,

172 2040 219 2064 an
250 2029 323 2065 doli
354 2030 565 2075 exceptione
598 2029 802 2074 repellatur.
859 2034 896 2066 et
925 2034 1046 2076 potest
1076 2030 1148 2066 dici
1177 2030 1260 2066 dolo

172 2085 262 2111 eum,
276 2073 416 2110 facere:
447 2075 657 2120 accipiendo
688 2075 782 2111 enim
806 2085 935 2111 usuras
958 2075 1140 2112 distulisse
1163 2075 1260 2111 vide-

171 2124 232 2154 tur
262 2119 471 2165 petitionem
500 2120 539 2155 in
569 2119 608 2155 id
638 2123 800 2165 tempus,
840 2120 936 2166 quod
966 2124 1023 2156 est
1051 2125 1137 2167 post
1167 2121 1260 2156 diem

176 2175 364 2200 usurarum
387 2165 658 2211 praestitamm,
691 2170 728 2201 et
755 2166 865 2201 tacite
889 2165 1097 2202 convenisse
1119 2165 1260 2202 interim

173 2214 190 2245 7
242 2220 281 2246 se
304 2220 375 2245 non
402 2210 607 2255 petiturum.
655 2210 745 2246 Item
776 2212 978 2256 quaeritur:
1010 2212 1042 2247 si
1073 2212 1259 2247 statulibe-

171 2266 251 2291 rum
282 2260 462 2291 mercatus
492 2255 571 2300 quis
602 2255 712 2291 fuerit
734 2255 871 2292 iussum
895 2256 1018 2292 decem
1042 2256 1146 2300 dare,
1179 2268 1261 2293 cum

173 2301 242 2336 hoc
273 2301 470 2346 ignoraret,
506 2304 544 2336 et
573 2300 718 2346 duplam
750 2301 944 2347 stipulatus
975 2301 1100 2346 fuerit,
1132 2302 1260 2338 deinde

173 2345 296 2381 decem
327 2356 414 2382 acce
440 2345 532 2382 erit⁴
563 2346 678 2382 evicto
709 2356 751 2382 eo
781 2347 819 2381 iii
849 2346 1051 2382 libertatem
1081 2357 1188 2392 agere
1215 2358 1260 2383 ex

173 2391 303 2436 duplae
327 2391 423 2436 stipu
438 2392 558 2427 atione
581 2394 712 2437 potest,
743 2392 806 2427 sed
828 2392 898 2427 nisi
922 2391 1056 2436 decem,
1081 2403 1172 2437 quae
1194 2393 1259 2428 im-

173 2436 325 2482 plendae
349 2436 570 2472 condicionis
594 2447 706 2472 causa
730 2437 928 2482 acceperit,
961 2436 1166 2481 deduxerit,
1198 2448 1258 2474 ex-

173 2482 338 2527 ceptione
375 2482 648 2535 sumniovendus
687 2483 772 2518 erit:
812 2487 848 2518 et
886 2483 976 2518 haec
1011 2482 1073 2536 ita.
1099 2483 1259 2519 Iulianus

173 2528 1260 2652 {3331}ss22‘323‘·..1⁸¹exegesset}§wedewei

198 2617 311 2652 ederit
333 2618 541 2660 statuliber,
573 2622 694 2663 potest
724 2618 795 2654 dici
825 2619 1071 2663 exceptionem
1097 2629 1170 2655 non
1194 2630 1258 2655 no-

174 2672 266 2705 cere,
291 2663 375 2707 quia
397 2662 481 2698 dolo
506 2673 578 2699 non
600 2663 748 2699 faceret.

219 2705 244 2745 3
270 2707 326 2742 ΡΑ
335 2717 430 2743 vsvs
457 2708 548 2744 libro
572 2719 610 2743 se
638 2709 863 2755 euaqensimo
880 2709 1005 2755 primo
1033 2709 1084 2745 ad
1105 2709 1259 2746 edictum

172 2752 263 2788 Item
298 2753 328 2788 si
363 2754 410 2789 ob
440 2753 495 2797 id,
530 2720 637 2799 quofff,
678 2758 870 2799 antequam
901 2753 1094 2789 dominium
1126 2755 1172 2790 ad
1203 2765 1259 2790 me

172 2797 431 2840 transferatur,
474 2799 648 2835 venditori
688 2798 826 2835 dederit
868 2798 990 2835 decem
1001 2801 1025 2842 ⁵,
1068 2810 1174 2844 again
1215 2811 1259 2836 ex

173 2847 310 2896 empto,
336 2848 376 2878 ut
398 2843 521 2879 decem
544 2844 731 2889 recipiam,
759 2844 812 2879 ita
833 2848 921 2889 puto
947 2855 1025 2880 com
1052 2849 1149 2881 etere
1175 2845 1259 2881 mihi

173 2893 362 2969 irgtionem,
387 2889 419 2924 si
440 2893 589 2934 paratus
613 2890 680 2925 sim
704 2899 748 2925 ex
771 2888 902 2934 duplae
925 2889 996 2935 stip
1036 2890 1156 2926 atione
1180 2901 1260 2926 eum

187 2944 198 2968 1
225 2943 339 2969 erare.

219 2977 272 3016 4⁶
301 2978 496 3015 Uimws
523 2979 614 3015 libro
643 2980 933 3026 septuaqensimo
957 2984 1063 3015 sexto
1094 2979 1144 3015 ad
1165 2980 1258 3016 edic—

175 3027 248 3059 tum
296 3024 405 3069 Apud
436 3023 576 3060 Celsum
607 3024 810 3070 quaeritur,
841 3025 890 3069 si,
925 3035 1004 3060 cum
1035 3024 1130 3060 Titio
1159 3035 1258 3060 man-

175 3069 321 3105 dassent
344 3068 537 3105 creditores
560 3069 782 3113 hereditarii,
812 3074 853 3105 ut
875 3069 993 3106 adiret
1014 3069 1259 3114 hereditatem,

175 3125 269 3151 unus
292 3124 366 3150 non
387 3113 595 3150 mandasset
617 3114 817 3160 decipiendi
845 3115 923 3151 eius
953 3125 1082 3158 causa,
1110 3114 1259 3150 manda-

173 3164 277 3195 turus
307 3159 482 3204 alioquin,
517 3159 549 3195 si
580 3170 652 3195 non
684 3161 779 3195 foret
807 3160 889 3196 hic⁷
919 3160 1099 3203 aditurus,
1133 3160 1259 3196 deinde

174 3209 276 3250 agat,
311 3215 358 3240 an
389 3205 599 3259 exceptione
630 3205 841 3249 repellatur:
880 3209 918 3241 et
948 3205 999 3240 ait
1030 3204 1155 3241 Celsus
1187 3205 1258 3241 doli

180 3254 192 3285 1
242 3260 323 3286 00111
353 3254 562 3296 exceptione
593 3250 845 3294 repellendum.
893 3250 1054 3286 Iulianus
1078 3250 1224 3286 scribsit
1234 3251 1257 3292 ⁸,

174 3295 205 3330 si
230 3295 320 3340 quis,
346 3306 427 3331 cum
449 3305 557 3340 aeger
577 3298 684 3337 esset,
708 3299 849 3331 centum
873 3305 1002 3331 aureos
1025 3295 1146 3331 uxoris
1171 3305 1259 3331 suae

175 3340 389 3376 consobrino
423 3339 689 3392 spopondisset,
719 3340 841 3375 volens
873 3340 1011 3376 scilicet
1039 3350 1119 3376 eam
1148 3350 1258 3385 pecu-

174 3385 270 3421 niam
294 3386 341 3421 ad
363 3386 546 3421 muherem
568 3383 770 3439 pervenire,
794 3385 921 3421 deinde
945 3385 1180 3428 convaluerit,
1211 3395 1258 3421 an

174 3431 384 3476 exceptione
406 3430 460 3466 uti
481 3434 615 3485 possit,
646 3429 678 3466 si
701 3430 945 3466 conveniatur.
991 3434 1029 3466 et
1051 3429 1164 3466 refert
1185 3429 1257 3465 La-

175 3477 196 3511 2
243 3475 350 3512 1100111
377 3475 557 3522 placuisse
585 3474 658 3512 doli
687 3474 772 3511 mali
800 3475 854 3510 uti
881 3485 962 3511 eum
991 3485 1111 3520 posse.
1159 3474 1198 3511 Si
1219 3475 1257 3511 in

174 3520 349 3557 arbitrum
372 3520 755 3567 compromissarimus‚
787 3519 914 3556 deinde
937 3530 1018 3555 cum
1042 3530 1116 3555 non
1138 3520 1257 3556 stetis-

175 3635 216 3675 (1)
241 3634 313 3668 etsi
326 3634 409 3676 (sive
422 3635 469 3675 F)
481 3644 558 3668 cum
574 3634 843 3677 interponeretur
921 3641 1052 3666 cansam
1070 3631 1193 3666 habere
1208 3632 1258 3665 vi·

176 3679 273 3713 detur
285 3682 344 3713 ine.
354 3688 432 3724 post
442 3678 513 3712 doli
524 3678 604 3712 mali
616 3679 648 3712 ei
659 3678 793 3712 nocebit
849 3678 894 3719 (²)
917 3676 985 3710 alia
997 3678 1055 3710 im.
1113 3679 1156 3719 (8)
1180 3687 1257 3721 ρω-

177 3727 247 3757 tum
260 3724 315 3757 1⁵³¹
374 3726 418 3767 (4)
442 3724 553 3757 decem
565 3724 729 3767 acceperit
740 3723 805 3758 del,
865 3723 911 3765 (5)
934 3723 969 3756 et
980 3722 1040 3756 im.
1055 3722 1092 3757 F
1145 3723 1190 3764 (θ)
1214 3723 1261 3757 ad

1249 97 1335 146 712

1491 0 1563 50 *Px

1552 82 1582 129 k*
2067 115 2131 150 DE
2159 118 2278 152 nom
2304 118 2417 152 ml

1333 232 1408 258 sem
1433 223 1478 259 ob
1502 223 1688 262 adversam
1709 225 1958 270 valetudinem,
2030 237 2100 264 ena
2118 229 2307 267 commissa
2324 234 2380 267 est
2389 231 2416 273 ⁰,

1334 278 1381 303 an
1415 268 1469 303 nti
1499 270 1634 314 possim
1663 270 1736 308 doli
1768 272 1979 317 exceptione
2043 277 2082 309 et
2118 274 2170 309 ait
2198 273 2417 321 Pomponius

1333 315 1363 366 3·
1401 312 1572 358 prodesse
1593 315 1681 352 mihi
1702 315 1776 353 doli
1800 317 2059 363 exceptionem.
2104 317 2195 355 Item
2222 321 2417 364 quaeritur,

1334 368 1365 393 si
1387 368 1470 393 cum
1493 369 1554 402 eo,
1584 370 1608 395 a
1631 371 1700 405 quo
1722 361 1791 397 tibi
1813 361 2036 407 8080311110.ιο
2058 362 2290 406 deberentur,
2319 375 2416 402 coin·

1333 404 1576 447 promisseris,
1607 403 1735 442 deinde
1763 416 1829 452 per
1858 407 2134 453 imprudentiam
2159 419 2311 454 poenam
2334 421 2415 446 cen-

1333 452 1411 500 tum
1433 449 1626 501 stipulatus
1649 450 1774 487 fueris.
1809 452 1934 488 Labeo
1957 456 2063 499 putat
2086 454 2275 490 convenire
2297 454 2418 491 officio

1333 493 1459 529 arbitri
1481 495 1606 531 iubere
1628 498 1768 531 tantum
1790 497 1855 533 tibi
1878 497 1968 542 dari,
1992 502 2165 542 quantum
2186 509 2226 535 re
2249 509 2333 535 vera
2355 500 2417 536 de-

1333 538 1480 582 beatur,
1506 543 1559 583 ct,
1583 539 1615 575 si
1637 551 1710 593 non
1733 541 1808 584 fiat,
1832 553 1906 578 non
1929 546 2067 586 vetare,
2091 553 2137 579 ne
2159 543 2246 589 quid
2266 545 2417 590 amplius

1333 586 1496 627 petatur:
1526 584 1591 620 sed
1620 586 1760 622 etiamsi
1790 586 1828 622 id
1856 588 2025 624 omissum
2053 588 2179 631 fuerit,
2210 589 2284 634 peti
2310 601 2418 635 posse

1333 628 1604 710 11οὲοὲθῖἓὲῗῖ
1619 630 1871 721 ἐςςέἓξὲῑοῗέὲ
1891 633 2243 723 ggossgggmrtgpogga
2260 639 2417 716 1ῗῖωῶ

1332 718 1418 763 pillo
1443 719 1589 756 solverit
1611 721 1688 756 sine
1713 722 1843 757 tutoris
1867 724 2082 760 auctoritate
2111 723 2149 759 id
2177 735 2247 769 quo
2295 691 2420 760 deffuit

1332 774 1447 809 exque
1477 775 1521 800 ea
1554 765 1731 802 solutione
1764 767 1977 812 locupletior
2013 768 2130 805 factus
2165 770 2214 804 sit
2247 770 2418 815 pupillus,

1332 809 1528 845 rectissime
1570 810 1700 846 dicitur
1741 812 1985 857 exceptionem
2027 813 2231 859 petentibus
2270 825 2416 851 nocere·

1332 865 1415 889 nam
1446 859 1483 890 et
1511 854 1543 891 si
1571 861 1732 892 mutuam
1761 859 1942 902 acceperit
1968 859 2156 904 pecuniam
2188 859 2242 895 vel
2272 870 2317 895 ex
2345 871 2417 905 quo

1332 899 1403 935 alio
1436 905 1625 936 contractu
1653 901 1865 947 locupletior
1897 902 2015 939 factus
2044 904 2109 946 sit,
2148 904 2302 940 dandam
2338 915 2418 941 esse

1331 946 1588 997 exceptionem.
1634 946 1728 982 idem
1754 957 1799 983 ue
1826 951 1864 983 et
1890 949 1929 983 in
1960 949 2088 985 ceteris
2118 949 2187 985 erit
2217 949 2417 992 dicendum.

1331 990 1462 1034 quibus
1485 1002 1558 1026 non
1580 996 1679 1027 recte
1703 1003 1742 1028 so
1758 992 1871 1028 vitur:
1896 1003 1978 1028 nam
2001 994 2032 1029 si
2055 993 2144 1030 facti
2165 994 2238 1031 sint
2257 994 2416 1041 locuple-

1332 1038 1351 1069 5
1399 1036 1521 1079 tiores,
1546 1037 1709 1083 exceptio
1733 1037 1853 1073 locum
1875 1037 2034 1074 habebit.
2068 1039 2158 1075 Item
2181 1039 2305 1076 Labeo
2329 1041 2416 1076 scri-

1331 1080 1400 1124 bit,
1431 1082 1462 1116 si
1490 1082 1570 1126 quis
1602 1082 1620 1117 f
1667 1082 1789 1118 ‘tivum
1817 1094 1896 1119 esse
1925 1084 2042 1120 sciens
2070 1085 2196 1120 emerit
2218 1095 2359 1121 servum
2382 1090 2420 1120 et

1332 1125 1362 1160 si
1376 1128 1402 1147 ¹²
1426 1126 1619 1172 stipulatus
1659 1128 1752 1163 uerit
1774 1127 1961 1173 fugitivum
1983 1140 2056 1164 non
2074 1139 2164 1172 esse,
2188 1129 2315 1166 deinde
2334 1135 2419 1175 agat

1331 1181 1376 1206 ex
1404 1171 1595 1217 stipulatu,
1626 1183 1700 1208 non
1721 1183 1802 1209 esse
1825 1183 1907 1209 eum
1931 1174 2140 1219 exceptione
2163 1175 2416 1220 repellendum,

1331 1216 1499 1260 quoniam
1530 1217 1600 1253 hoc
1632 1219 1799 1254 convenit
1827 1219 2001 1263 (quamvis
2029 1229 2075 1255 ex
2097 1224 2217 1265 empto
2241 1222 2418 1256 actionem

1331 1271 1403 1296 non
1434 1262 1616 1305 haberet):
1652 1263 1735 1305 sed,
1767 1264 1799 1299 si
1829 1275 1901 1300 non
1931 1265 2170 1306 convenisset,
2207 1265 2418 1312 exceptione

1331 1310 1351 1341 6
1399 1307 1603 1352 repelletur.
1637 1308 1741 1353 Quod
1759 1309 1791 1345 si
1810 1308 1853 1351 is,
1879 1309 1936 1345 cui
1955 1310 2108 1355 pecunia
2127 1310 2311 1353 debeatur,
2336 1322 2418 1346 cum

1330 1351 1491 1388 debitore
1528 1352 1662 1388 decidit
1699 1358 1736 1390 et
1767 1364 1895 1390 nomen
1926 1355 2001 1391 eius
2032 1354 2191 1391 vendidit
2221 1356 2320 1398 Seio,
2357 1357 2416 1392 001

1331 1396 1470 1433 debitor
1496 1398 1744 1451 mandaverat,
1775 1404 1817 1435 ut
1839 1410 1968 1453 nomen
1991 1406 2142 1453 emeret,
2174 1400 2289 1446 deque
2311 1411 2356 1455 ea
2377 1411 2418 1437 re

1330 1446 1478 1541 3252?ss
1492 1444 2108 1535 ⁸232¹ffi⁸ef⁸iiissffnffzsszffl¹issf
2129 1456 2417 1537 3ωῶῗᾶῬᾶ

1331 1533 1505 1578 stipulatu
1529 1534 1644 1579 possit
1668 1535 1846 1580 experiri?
1884 1539 1920 1571 ct
1944 1535 2071 1571 Ofilius
2093 1539 2217 1581 putat,
2240 1538 2271 1572 si
2294 1536 2416 1572 vendi-

1331 1581 1388 1613 tor
1419 1579 1572 1615 nominis
1603 1585 1753 1625 paratus
1782 1591 1855 1616 non
1884 1581 1932 1616 sit
1962 1580 2128 1624 reddere,
2165 1585 2339 1627 quantum
2369 1583 2415 1617 ab

1330 1625 2331 1716 impn‘ss‘ff-³3⁰3&stzesssseffitssffiifffflveffiffipfififfi
2344 1626 2417 1708 ‘2:3³

1330 1713 1362 1749 si
1392 1714 1437 1750 de
1467 1715 1611 1751 homine
1641 1716 1753 1761 petito
1784 1715 1982 1751 secundum
2012 1721 2170 1753 actorem
2193 1716 2303 1753 fuerit
2325 1699 2417 1752 iudi:

1331 1762 1452 1795 catum
1480 1764 1517 1796 et
1539 1760 1639 1796 iussu
1662 1761 1789 1797 iudicis
1813 1761 2028 1797 satisdatum
2050 1761 2098 1797 sit
2119 1761 2298 1798 hominem
2320 1763 2418 1798 intra

1332 1808 1468 1840 certum
1492 1805 1586 1841 diem
1608 1806 1721 1849 tradi,
1752 1811 1806 1849 et,
1835 1806 1867 1842 si
1890 1806 2042 1842 traditus
2067 1817 2140 1843 non
2162 1806 2307 1849 fuisset,
2331 1818 2416 1853 poe-

1331 1860 1415 1885 nam
1428 1852 1454 1871 ¹²
1479 1851 1672 1896 stipulatus
1692 1852 1750 1894 sit,
1774 1851 1975 1897 petitorem,
1999 1851 2061 1897 qui
2082 1856 2120 1888 et
2141 1852 2318 1888 hominem
2341 1853 2415 1888 vin-

1331 1895 1430 1948 dicat
1452 1900 1489 1931 et
1512 1906 1664 1949 poenam
1687 1897 1795 1942 petit,
1820 1897 2030 1949 exceptione
2054 1907 2132 1950 esse
2154 1897 2414 1943 repellendum:

1330 1942 1985 2032 3³¹q3¹211⁰32123²¹⁰ffl⁸²q32ffl¹32¹31
2000 1942 2254 2024 11311115ξὶ
2264 1953 2416 2033 ¹3&ss

1331 2030 1460 2067 dedero
1485 2035 1522 2067 et
1545 2033 1769 2076 convenerit,
1793 2036 1835 2067 ut
1857 2032 1976 2068 soluta
1997 2033 2151 2078 pecunia
2172 2032 2415 2075 redderentur,

1332 2080 1368 2111 et
1390 2076 1428 2111 hi
1451 2077 1603 2113 uniones
1627 2078 1734 2123 culpa
1756 2082 1820 2113 tua
1842 2078 2012 2123 perierint
2034 2081 2071 2114 et
2093 2079 2284 2123 pecuniam
2299 2082 2414 2124 petas.

1329 2125 1447 2156 exstat
1463 2122 1603 2158 Nervae
1622 2126 1659 2159 et
1676 2123 1837 2159 Atilicini
1859 2123 2037 2159 sententia
2056 2122 2248 2159 dicentium
2265 2124 2318 2159 ita
2338 2133 2416 2159 esse

1329 2167 1595 2211 excipiendum:
1621 2167 1664 2203 ‘si
1687 2168 1780 2204 inter
1801 2178 1858 2204 me
1880 2172 1918 2204 et
1939 2171 1976 2204 te
1997 2178 2071 2204 non
2094 2168 2269 2211 convenit,
2292 2171 2334 2204 ut
2356 2179 2415 2204 so-

1329 2211 1416 2247 ‘luta
1440 2213 1593 2258 pecunia
1615 2213 1766 2249 uniones
1784 2213 1871 2249 mihi
1888 2213 2116 2249 reddantur':
2141 2213 2205 2250 sed
2223 2218 2280 2250 est
2298 2214 2414 2249 verius

1329 2259 1349 2291 9
1397 2267 1484 2293 exce
1509 2258 1644 2294 tionem
1675 2258 1748 2294 doli
1777 2258 1863 2294 mali
1890 2269 2020 2294 nocere
2052 2258 2192 2295 debere.
2240 2259 2278 2294 Si
2301 2259 2415 2295 minor

1328 2301 1415 2337 mihi
1445 2302 1482 2338 in
1499 2308 1619 2338 antem
1648 2303 1848 2346 donaverit,
1880 2303 2007 2339 deinde
2037 2314 2119 2339 eum
2149 2303 2321 2346 vindicet,
2352 2315 2414 2339 ex-

1329 2347 1494 2392 ceptione
1519 2349 1591 2383 doli
1614 2348 1699 2384 mali
1720 2348 1946 2394 repellendus
1970 2351 2035 2391 est,
2059 2349 2128 2384 nisi
2147 2348 2317 2384 alimenta
2333 2349 2414 2384 red-

1329 2391 1392 2427 dat
1415 2396 1451 2428 et
1473 2393 1503 2429 si
1551 2394 1607 2429 uis
1630 2394 1721 2430 alius
1741 2398 1905 2439 sumptus
1922 2393 2119 2439 probabilis
2137 2393 2175 2429 in
2193 2404 2275 2429 eum
2293 2393 2413 2430 factus

1333 2441 1372 2472 10
1420 2438 1478 2473 811.
1562 2443 1724 2474 raeterea
1753 2438 1936 2474 sciendum
1967 2443 2038 2482 est,
2079 2439 2110 2474 si
2145 2439 2224 2484 quis
2253 2439 2339 2484 quid
2368 2450 2413 2475 ex

1328 2485 1541 2519 testamento
1566 2488 1693 2519 contra
1715 2484 1933 2520 voluntatem
1955 2487 2073 2529 petat,
2098 2483 2308 2536 exceptione
2330 2494 2411 2520 eum

1329 2528 1400 2564 doli
1423 2529 1507 2564 mali
1530 2529 1654 2574 repelli
1677 2529 1811 2565 solere:
1835 2533 1873 2565 et
1895 2529 1975 2565 ideo
1996 2529 2110 2570 lieres,
2135 2539 2196 2574 qui
2214 2539 2288 2564 non
2304 2529 2413 2564 habet

1331 2577 1369 2608 11
1418 2574 1654 2618 voluntatem,
1684 2585 1748 2620 per
1770 2574 2014 2619 exceptionem
2039 2574 2112 2610 doli
2133 2574 2327 2619 repellitur.
2374 2574 2413 2610 Si

1328 2619 1406 2664 quis
1439 2629 1483 2654 ex
1512 2619 1619 2655 uncia
1649 2620 1753 2655 110108
1784 2620 1832 2656 811
1862 2619 2036 2664 scriptus,
2073 2629 2118 2655 ex
2153 2629 2224 2665 qua
2258 2619 2414 2655 ducenta

1329 2664 1499 2709 consequi
1521 2665 1650 2710 potuit,
1675 2664 1801 2700 deinde
1823 2668 1970 2710 propter
1993 2664 2062 2700 hoc
2086 2664 2253 2708 legatum,
2279 2664 2316 2699 iii
2339 2675 2410 2709 (100

1329 2713 1472 2744 00111001
1497 2714 1610 2752 erant,
1635 2710 1816 2755 praetulit,
1841 2720 1886 2746 ne
1909 2709 2078 2746 molestiis
2100 2709 2323 2745 hereditariis
2346 2711 2411 2744 im-

1327 2754 1539 2799 plicaretur:
1565 2765 1622 2798 an,
1647 2755 1679 2790 si
1701 2755 1857 2799 legatum
1875 2759 1984 2799 petat,
2009 2754 2218 2799 exceptione
2235 2754 2310 2790 doli
2327 2755 2411 2790 mali

1328 2801 1616 2835 summoveatur?
1663 2803 1699 2835 et
1727 2801 1778 2835 ait
1800 2799 1960 2836 Iulianus
1991 2810 2064 2836 non
2094 2809 2173 2835 esse
2204 2810 2285 2835 eum
2313 2810 2409 2836 sum-

1327 2844 1549 2881 movendum.
1584 2845 1680 2891 quod
1704 2845 1735 2880 si
1757 2855 1781 2880 a
1802 2845 1997 2881 substituto
2019 2845 2174 2891 pretium
2197 2844 2338 2889 accepit
2357 2845 2411 2880 vel

1328 2889 1424 2935 quod
1446 2890 1550 2935 pretii
1572 2890 1652 2926 loco
1675 2889 1800 2926 haberi
1821 2894 1954 2935 posset,
1978 2900 2024 2925 ne
2041 2890 2147 2925 adeat
2165 2889 2409 2931 hereditatem,

1327 2939 1453 2981 petens
1484 2935 1640 2980 legatum
1671 2934 1771 2979 dolo,
1802 2935 1935 2987 inquit,
1966 2934 2086 2970 facere
2114 2934 2340 2979 intellegetur
2367 2945 2410 2970 ac

1333 2983 1370 3015 12
1418 2990 1483 3025 per
1514 2980 1583 3016 hoc
1614 2979 1687 3015 doli
1716 2985 1926 3025 exceptione
1953 2979 2156 3025 repelletur.
2202 2978 2410 3023 Quaesitum

1329 3028 1392 3068 est,
1417 3026 1458 3067 si,
1484 3035 1565 3061 cum
1587 3024 1690 3060 fundi
1713 3036 1816 3060 usum
1839 3025 1995 3061 fructum
2018 3024 2198 3066 haberem,
2223 3034 2305 3060 eum
2328 3024 2409 3060 fun-

1329 3071 1413 3105 ‹lum
1436 3070 1575 3106 volente
1597 3079 1654 3105 me
1677 3069 1887 3114 vendideris,
1910 3080 1958 3105 an
1980 3069 2174 3105 vindicanti
2196 3068 2283 3104 mihi
2304 3080 2409 3105 usum

1328 3115 1486 3151 fructum
1509 3115 1670 3160 exceptio
1695 3115 1742 3150 sit
1764 3115 1963 3151 obicienda.
2011 3118 2047 3150 et
2074 3114 2144 3149 1100
2167 3114 2244 3150 1010
2266 3114 2408 3157 utimur,

1333 3164 1371 3195 13
1419 3164 1460 3195 01
1483 3160 1645 3205 exceptio
1670 3160 1742 3196 doli
1765 3164 1904 3196 noceat.
1950 3159 2143 3195 Marcellus
2166 3159 2218 3194 ait
2239 3158 2408 3195 adversus

1329 3205 1402 3241 doli
1424 3205 1668 3250 exceptionem
1692 3216 1765 3241 non
1783 3205 1862 3241 dari
1881 3204 2147 3250 replicationem
2165 3203 2248 3240 doli.
2285 3204 2407 3240 Labeo

1328 3260 1470 3295 quoque
1492 3250 1529 3285 in
1547 3249 1672 3286 eadem
1690 3250 1855 3295 opinione
1873 3254 1947 3286 est:
1971 3249 2022 3285 ait
2040 3249 2134 3284 enim
2151 3248 2312 3294 iniquum
2331 3258 2410 3285 esse

1328 3304 1550 3331 communem
1583 3294 1755 3330 malitiam
1785 3294 1931 3340 petitori
1959 3293 2100 3339 quidem
2130 3293 2288 3339 praemio
2318 3303 2407 3336 esse,

1327 3340 1360 3376 ei
1382 3350 1476 3382 vero,
1503 3350 1584 3375 cum
1605 3350 1675 3385 quo
1696 3344 1871 3385 ageretur,
1894 3348 2033 3384 poenae
2052 3349 2130 3375 esse
2142 3339 2181 3381 ¹³,
2205 3349 2287 3375 cum
2304 3338 2408 3383 longe

1326 3394 1479 3430 aequum
1502 3385 1550 3421 sit
1571 3395 1617 3420 ex
1639 3395 1693 3427 00,
1718 3384 1815 3430 (10οᾱ
1835 3384 1970 3430 perfide
1991 3388 2132 3429 gestum
2154 3387 2221 3425 est,
2251 3387 2408 3419 actorem

1331 3433 1371 3465 14
1417 3429 1505 3465 nihil
1537 3429 1717 3475 consequi.
1765 3429 1900 3466 Contra
1921 3432 2067 3465 senatus
2091 3427 2246 3465 consulti
2267 3438 2408 3473 quoque

1325 3474 1577 3511 Macedoniani
1609 3474 1854 3520 exceptionem
1888 3472 1933 3510 de
1961 3473 2042 3510 dolo
2073 3473 2228 3510 dandam
2255 3482 2295 3509 re
2320 3472 2408 3508 lica·

1326 3520 1459 3555 tionem
1482 3518 1731 3566 ambigendum
1752 3530 1826 3556 non
1848 3528 1928 3555 esse
1952 3528 2100 3565 eamque
2124 3527 2255 3555 nocere
2302 3517 2409 3553 ebere

2160 3633 2204 3674 (a)
2228 3629 2408 3665 scribier·

1329 3636 1396 3672 §³2
1408 3633 1452 3676 cfi
1463 3632 1511 3666 D.
1526 3634 1558 3674 6,
1571 3640 1596 3675 1,
1610 3640 1657 3667 72.
1674 3633 1730 3675 21,
1740 3639 1770 3675 8,
1782 3639 1800 3667 2
1868 3633 1912 3674 (⁶1)
1936 3632 2016 3666 hino
2025 3645 2089 3667 scr.

2125 3678 2182 3720 (ii)
2206 3677 2254 3710 sio
2274 3676 2406 3711 Pothisr

1327 3678 1372 3720 (⁹)
1396 3679 1480 3711 esset
1498 3677 1552 3711 Γ*
1699 3680 1758 3720 (ιο)
1782 3679 1930 3711 sescenta
1949 3678 1979 3712 s

1327 3724 1385 3765 (12)
1408 3722 1665 3766 poenamque?
1745 3723 1805 3765 (18)
1829 3733 1897 3757 esse
1910 3723 1972 3758 dal.
