2528 3918
192 127 339 174 INST.
369 130 426 184 Π,
462 132 524 172 14.
551 129 600 170 15

659 252 795 293 ΧΠΙΙι

378 323 437 355 DE
464 320 725 353 HEREDIBUS
751 320 1086 355 ms'rrrUENms.

235 389 391 427 Heredes
422 388 606 423 instituere
637 387 846 433 permissum
876 391 931 423 est
959 390 1032 422 tam
1054 386 1185 422 liberos
1209 386 1274 422 ho-

190 437 301 472 mines
321 445 426 480 quam
446 443 565 468 servos
586 436 658 468 tam
678 433 841 479 proprios
861 433 989 478 quam2
1013 432 1159 467 alienos.
1191 441 1273 476 pro-

190 482 286 527 prios
319 483 438 514 autem
462 478 546 513 olim
569 477 710 523 quidem
734 478 930 514 secundum
954 477 1107 523 plurium
1132 480 1273 512 senten-

190 527 258 562 tias
290 535 361 561 non
392 524 495 558 ahter
526 533 633 569 quam
664 534 745 559 cum
776 524 940 559 libertate
968 526 1065 559 recte
1087 522 1274 557 instituere

189 571 329 607 licebat.
373 569 478 604 hodie
512 578 594 604 vero
631 569 737 604 etiam
771 569 847 605 sine
880 569 1044 604 libertate
1076 578 1120 603 ex
1151 570 1274 603 nostra

189 614 466 652 constitutione³
489 613 637 650 heredes
661 624 722 650 eos
753 614 936 650 instituere
967 612 1176 658 permissum
1206 616 1271 648 est.

188 661 284 708 quod
306 671 379 696 non
402 670 466 705 per
489 659 750 695 innovationem
774 659 994 700 induximus,
1020 658 1083 693 sed
1107 658 1273 703 quoniam

188 711 225 742 et
258 705 408 751 aequius
444 708 522 740 erat
555 707 592 740 et
621 705 788 740 Atilicino
822 703 999 749 placuisse
1030 703 1163 738 Paulus
1198 703 1272 739 suis

187 752 305 794 libris,
341 760 431 797 quos
465 753 540 785 tam
566 750 613 786 ad
631 748 849 785 Massurium
880 748 1050 784 Sabinum
1085 758 1192 794 quam
1226 748 1273 783 ad

188 796 368 832 Plautium
387 795 540 841 scripsit,
560 795 680 831 refert.
714 794 878 840 proprius
898 797 1017 829 autem
1031 804 1153 829 servus
1167 794 1273 829 etiam

188 843 217 878 is
240 841 474 894 intellegitur,
505 841 542 876 in
573 851 643 886 quo
677 840 809 875 nudam
839 839 1091 885 proprietatem
1124 842 1274 874 testator

188 888 306 930 habet,
331 887 401 922 allo
420 897 523 921 usum
540 885 695 922 fructum
715 886 879 920 habente.
918 885 997 920 “est
1015 887 1134 920 autem
1155 895 1272 927 casus,

186 933 223 969 in
258 943 327 979 quo
359 941 426 967 nec
458 942 538 967 cum
570 931 734 967 libertate
766 930 899 965 utiliter
930 940 1052 965 servus
1084 940 1106 965 a
1130 930 1273 966 domina

187 979 289 1014 heres
313 977 527 1020 instituitur,
560 980 599 1011 ut
631 975 884 1012 constitutione
908 974 1069 1011 divorum
1093 975 1213 1011 Severi
1238 978 1273 1011 et

186 1023 359 1060 Antonini
391 1026 555 1064 cavetur,
588 1021 688 1057 cuius
721 1021 829 1056 verba
859 1021 949 1056 haec
978 1024 1079 1056 sunt:
1113 1020 1272 1056 ‘Servum

187 1068 372 1104 ‘adulterio
404 1067 622 1103 maculatum
646 1077 717 1102 non
741 1066 816 1102 iure
840 1069 1052 1101 testamento
1077 1066 1270 1102 manumis-

186 1117 277 1150 ‘sum
301 1117 385 1149 ante
408 1113 619 1149 sententiam
643 1112 688 1146 ab
713 1122 756 1146 ea
780 1111 926 1146 muliere
949 1111 1070 1155 videri,
1096 1122 1187 1157 quae
1210 1122 1272 1147 rea

186 1159 318 1195 ‘fuerat
336 1158 493 1194 eiusdem
513 1157 667 1193 criminis
684 1157 877 1202 postulata,
897 1157 1045 1193 rationis
1066 1161 1136 1193 est:
1162 1167 1272 1202 quare

186 1208 215 1241 ‘s
261 1204 376 1247 uitur,
405 1207 447 1238 ut
469 1203 506 1238 in
530 1202 680 1239 eundem
704 1212 726 1237 a
749 1201 892 1237 domina
916 1202 1050 1237 collata
1072 1202 1272 1238 institutio⁵

186 1253 221 1286 ‘n
275 1250 328 1285 'us
351 1248 520 1285 momenti
548 1248 747 1283 habeatur.'
784 1247 921 1283 alienus
951 1258 1073 1283 servus
1105 1248 1212 1283 etiam
1242 1247 1272 1283 is

185 1295 416 1340 intellegitur,
460 1294 497 1329 in
532 1304 601 1339 quo
637 1303 741 1328 usum
775 1292 931 1328 fructum
966 1296 1117 1328 testator
1150 1293 1270 1328 habet.

192 1345 204 1377 1
255 1341 416 1376 ⁸'Servus
441 1342 559 1374 autem
583 1349 605 1373 a
628 1338 771 1374 domino
796 1348 861 1374 suo
886 1338 988 1374 heres
1012 1339 1216 1381 institutus,
1242 1338 1272 1374 si

185 1385 336 1439 'quidem
359 1386 396 1421 in
419 1385 543 1420 eadem
567 1394 678 1420 causa
701 1384 888 1426 manserit,
922 1383 963 1418 fit
994 1394 1037 1419 ex
1060 1387 1271 1420 testamento

185 1432 283 1468 ’liber
305 1432 479 1476 heresque
502 1429 735 1465 necessarius.
771 1429 802 1464 si
825 1439 906 1464 vero
941 1440 963 1464 a
993 1429 1070 1465 vivo
1102 1433 1274 1465 testatore

119 1479 124 1485 ’
186 1476 432 1513 'manumissus
473 1475 598 1517 fuerit,
635 1485 700 1510 suo
732 1474 879 1510 arbitrio
913 1475 1012 1510 adire
1041 1475 1273 1511 hereditatem

185 1524 193 1538 '
219 1522 332 1565 otest',
356 1521 441 1567 quia
464 1531 536 1556 non
559 1520 601 1555 fit
624 1520 865 1564 necessarius,
899 1531 980 1555 cum
1011 1524 1199 1566 utrumque
1230 1530 1274 1555 ex

209 1567 318 1603 omini
336 1569 547 1603 testamento
568 1576 640 1601 non
661 1566 899 1611 consequitur.
937 1565 1075 1618 'quodsi
1098 1566 1273 1602 alienatus

185 1613 319 1655 'fuerit,
344 1611 444 1647 iussu
468 1610 551 1647 novi
574 1610 706 1647 domini
731 1610 830 1647 adire
854 1611 1085 1647 hereditatem
1110 1611 1216 1647 debet
1239 1615 1274 1646 et

184 1659 236 1694 'ea
256 1657 396 1694 ratione
414 1666 479 1703 per
498 1667 580 1692 eum
599 1655 763 1692 dominus
784 1656 825 1691 fit
842 1656 945 1694 heres
956 1669 970 1691 :¹
985 1667 1067 1691 nam
1081 1656 1158 1703 ipse
1186 1656 1271 1692 alie-

185 1705 299 1739 'natus
331 1712 446 1748 neque
476 1702 567 1737 liber
597 1712 713 1747 neque
736 1702 839 1737 heres
864 1712 942 1738 esse
990 1703 1103 1746 otest⁴‚
1135 1702 1273 1738 etiamsi

184 1760 264 1785 cum
287 1748 452 1784 libertate
470 1747 574 1783 heres
593 1747 777 1782 institutus
796 1747 921 1783 fuerit:
972 1747 1125 1783 estitisse
1144 1748 1272 1783 etenim

183 1805 205 1830 a
236 1793 412 1830 libertatis
444 1792 589 1828 datione
618 1792 758 1828 videtur
789 1792 952 1828 dominus
984 1794 1046 1839 qui
1076 1803 1156 1829 eum
1187 1793 1272 1829 alie-

183 1839 290 1875 navit.
328 1839 474 1874 'alienus
498 1848 640 1884 quoque
671 1848 795 1874 servus
826 1838 928 1874 heres
960 1839 1143 1874 institutus
1175 1838 1205 1874 si
1235 1838 1272 1874 in

183 1885 316 1921 'eadem
340 1893 451 1920 causa
475 1883 671 1926 duraverit,
695 1883 796 1919 iussu
828 1883 985 1919 domini⁷
1009 1884 1108 1920 adire
1131 1883 1270 1920 heredi-

185 1929 306 1965 ‘tatem
326 1928 443 1964 debet.
475 1929 506 1964 si
524 1940 608 1965 vero
630 1929 807 1965 alienatus
827 1929 873 1964 ab
895 1939 936 1964 eo
948 1930 962 1950 ⁸
980 1929 1090 1965 fuerit
1109 1930 1174 1964 aut
1193 1929 1271 1965 vivo

186 1974 368 2010 *testatore
383 1976 448 2009 aut
463 1976 548 2019 post
563 1976 713 2010 mortem
730 1974 806 2010 eius
822 1977 1015 2020 antequam
1032 1973 1148 2018 adeat,
1165 1974 1273 2011 debet

186 2019 297 2055 ’iussu
320 2018 404 2054 novi
426 2018 560 2054 domini
582 2019 692 2055 adire.
731 2022 770 2055 at
790 2019 821 2054 si
841 2019 1080 2055 manumissus
1100 2020 1168 2055 est·
1193 2020 1272 2056 vivo

186 2066 380 2107 testatore,
409 2064 465 2099 vel
488 2066 631 2101 mortuo
655 2067 848 2110 antequam
871 2064 996 2107 adeat,
1021 2065 1096 2101 'suo
1122 2065 1269 2100 arbitrio

186 2113 202 2145 2
251 2110 359 2145 'adire
396 2109 628 2145 hereditatem
667 2110 806 2154 potest.¹
854 2109 982 2145 Servus
1018 2110 1153 2145 alienus
1188 2114 1271 2156 post

183 2154 316 2191 domini
337 2157 486 2190 mortem
510 2157 607 2189 recte
630 2154 732 2189 heres
759 2154 974 2198 instituitur,
1009 2155 1094 2201 quia
1124 2158 1160 2191 et
1191 2166 1271 2191 cum

182 2200 405 2236 hereditariis
425 2199 534 2235 servis
553 2202 607 2234 est
625 2200 829 2235 testamenti
847 2199 975 2236 factio:
1001 2200 1158 2236 nondum
1178 2201 1270 2237 enim

182 2245 280 2281 adita
303 2244 482 2280 hereditas
506 2255 680 2290 personae
703 2245 815 2281 vicem
840 2246 1009 2289 sustinet,
1034 2256 1106 2281 non
1129 2245 1269 2282 heredis

183 2290 312 2333 futuri,
342 2289 406 2326 sed
430 2289 607 2332 defuncti,
642 2300 723 2325 cum
747 2293 784 2326 et
806 2290 901 2334 eius,
934 2291 994 2336 qui
1016 2290 1054 2326 in
1077 2294 1179 2327 utero
1205 2294 1269 2334 est,

182 2339 202 2372 3
250 2346 371 2371 servus
383 2338 481 2371 recte
491 2335 594 2371 heres
606 2335 813 2371 instituitur.
861 2336 990 2371 Servus
1002 2336 1166 2381 plurium,
1188 2347 1270 2372 cum

182 2381 311 2427 quibus
334 2380 539 2416 testamenti
562 2380 672 2416 factio
703 2384 774 2424 est,
806 2381 851 2416 ab
884 2384 1054 2417 extraneo
1085 2382 1269 2417 institutus

180 2427 283 2462 heres
306 2426 497 2471 unicuique
520 2425 761 2470 dominorum,
786 2426 887 2462 cuius
910 2426 1010 2462 iussu
1033 2426 1178 2470 adierit,
1202 2438 1267 2473 pro

180 2471 344 2517 portione
368 2471 514 2506 dominii
536 2470 693 2517 adquirit
715 2471 958 2508 hereditatem.

182 2520 202 2553 4
292 2516 343 2552 Et
365 2527 476 2552 unum
498 2517 676 2552 hominem
701 2520 736 2552 et
752 2517 872 2563 plures
889 2518 927 2552 in
945 2517 1122 2553 infinitum
1130 2517 1156 2561 ⁹,
1182 2521 1270 2564 quot

181 2565 200 2596 5
249 2562 327 2608 quis
341 2563 369 2583 ¹⁰
388 2562 481 2604 velit,
501 2562 648 2597 heredes
668 2561 788 2598 facere
803 2563 897 2598 licet.
951 2563 1174 2599 ¹¹Hereditas
1193 2564 1268 2609 ple-

180 2617 329 2652 rumque
352 2607 520 2642 dividitur
542 2607 580 2642 in
603 2607 790 2643 duodecim
812 2608 950 2651 uncias,
975 2618 1066 2654 quae
1089 2609 1180 2644 assis
1204 2619 1267 2654 ap-

180 2652 371 2698 pellatione
395 2652 670 2687 continentur-¹2.
707 2653 842 2689 habent
866 2657 985 2689 autem
1007 2657 1042 2689 et
1059 2654 1128 2690 hae
1147 2658 1268 2700 partes

180 2698 326 2777 Bropria
349 2697 493 2732 nomina
517 2697 562 2732 ab
586 2697 694 2733 uncia
724 2708 837 2743 usque
867 2699 914 2734 ad
945 2709 1081 2742 assem,
1110 2702 1149 2734 ut
1179 2702 1269 2744 puta

207 2752 289 2778 aec:
318 2742 517 2784 sextans¹³,
549 2742 745 2787 quadrans,
771 2743 899 2786 triens,
925 2745 1126 2789 quincunx,
1150 2745 1267 2788 semis,

180 2790 345 2833 septunx,
369 2787 444 2829 bes,
469 2786 636 2830 dodrans,
662 2787 823 2831 dextans,
849 2788 978 2832 deunx,
1011 2799 1062 2824 as.
1100 2799 1172 2824 non
1203 2800 1267 2825 au-

180 2836 253 2868 tem
283 2833 406 2878 utique
437 2831 623 2868 duodecim
654 2833 779 2869 uncias
811 2844 890 2870 esse
912 2837 1063 2880 oportet.
1099 2844 1182 2870 nam
1213 2838 1270 2871 tot

180 2877 309 2913 unciae
332 2887 448 2913 assem
472 2876 633 2913 efficiunt
645 2879 683 2920 ¹⁴,
709 2882 796 2923 quot
819 2883 971 2915 testator
992 2879 1154 2923 voluerit,
1179 2883 1215 2916 et
1238 2881 1268 2916 si

181 2934 291 2959 unum
313 2925 454 2958 tantum
477 2923 556 2968 quis
580 2932 623 2958 ex
652 2925 797 2959 semisse
828 2925 927 2960 verbi
955 2925 1072 2971 gratia
1102 2925 1268 2961 heredem

181 2968 372 3014 scripserit,
396 2971 495 3003 totus
518 2977 559 3003 as
582 2968 619 3002 in
643 2969 787 3005 semisse
812 2970 895 3005 erit:
920 2981 1035 3016 neque
1058 2970 1151 3006 enim
1173 2971 1268 3007 idem

181 3024 225 3049 ex
247 3016 351 3059 parte
372 3015 525 3048 testatus
551 3016 586 3048 et
610 3023 653 3048 ex
675 3017 778 3058 parte
800 3015 990 3051 intestatus
1015 3015 1184 3052 decedere
1201 3026 1266 3062 po-

180 3062 268 3101 test,
299 3058 369 3094 nisi
391 3058 439 3093 sit
470 3057 588 3100 miles,
621 3058 722 3094 cuius
746 3060 824 3095 sola
853 3061 1017 3097 voluntas
1041 3061 1078 3096 in
1103 3061 1266 3097 testando

180 3106 375 3150 spectatur.
413 3106 449 3139 et
471 3113 492 3138 e
514 3103 693 3139 contrario
714 3108 835 3156 potest
859 3106 936 3151 quis
956 3106 993 3141 in
1012 3109 1266 3160 quantascum-

180 3159 249 3195 que
271 3148 424 3184 voluerit
446 3148 616 3194 plurimas
640 3159 764 3185 uncias
789 3160 891 3186 suam
914 3151 1147 3187 hereditatem
1177 3152 1265 3187 divi-

180 3199 202 3230 6
247 3193 341 3230 dere.
389 3192 428 3229 Si
449 3193 569 3239 plures
592 3193 842 3237 instituantur,
873 3196 923 3231 ita
947 3196 1089 3232 demum
1111 3197 1267 3242 partium

180 3238 383 3275 distributio
406 3239 610 3275 necessaria
632 3242 705 3282 est,
736 3240 767 3275 si
790 3240 919 3276 nolit¹⁵
948 3245 1101 3278 testator
1132 3252 1192 3278 eos
1222 3251 1265 3277 ex

226 3355 265 3394 (1)
294 3353 346 3397 Cj:
363 3352 629 3392 Gai.2‚1ss..1oo
654 3354 734 3397 Diq.
749 3354 833 3396 28,5
862 3355 940 3388 Cod.
955 3357 985 3395 6,
1000 3363 1035 3390 24
1125 3356 1168 3397 (2)
1194 3357 1262 3387 tam

181 3409 231 3443 ⁹¹·
244 3399 438 3479 Ἑιῖιωὲῗῗ
448 3408 501 3478 ξ’·
516 3398 1268 3487 ΨἭῬἛ.ἒηρὲζῗὲξᾈῗὶῗῗέἒῖῑέιιδιῗέΟ

180 3448 234 3529 (2³8),
248 3456 337 3529 εἵαθ’,
351 3469 382 3529 2)
426 3467 435 3484 ’
521 3490 563 3529 (5)
588 3455 773 3529 insi'itutio']
791 3488 929 3533 GaDiq„
942 3471 1110 3523 hereditas
1123 3471 1202 3523 inst.
1217 3459 1263 3532 ἕ,

180 3533 379 3566 hereditatis
391 3534 470 3568 inst.
486 3531 596 3568 TOP
693 3536 738 3569 (6)
767 3533 843 3567 Gai.
857 3535 887 3573 2,
902 3541 1033 3569 188.189
1138 3539 1180 3573 (7)
1205 3536 1263 3568 ‹10-

182 3579 277 3619 mini]
296 3578 386 3619 Gaul,
406 3579 478 3611 eius
489 3578 616 3611 domini
634 3578 700 3619 GP,
720 3577 847 3610 domini
860 3578 932 3610 eius
946 3578 1017 3611 BT
1088 3580 1136 3621 (8)
1158 3578 1200 3612 ab
1213 3579 1265 3621 eo]

186 3623 247 3657 TC
266 3623 354 3662 Gai„
379 3637 439 3657 om.
458 3623 529 3658 Be
643 3625 690 3666 (ο)
714 3622 848 3655 infinito
869 3622 988 3656 13ch
1099 3626 1161 3666 (ιο)
1183 3627 1267 3666 quot

182 3669 285 3710 (quod
310 3670 368 3711 (Ρ)
390 3669 477 3711 quis]
504 3667 593 3708 0T0,
614 3678 684 3710 quo
702 3667 777 3709 qui·
798 3668 844 3709 B,
863 3682 901 3700 ο.
923 3667 971 3701 2¹²
1068 3670 1124 3711 (ιι)
1150 3674 1167 3709 ξ
1185 3677 1202 3703 5
1221 3670 1264 3703 in.

181 3726 221 3747 a·
238 3714 313 3757 Ulp.
329 3714 351 3747 1.
365 3720 382 3748 ο
395 3726 464 3758 req.
476 3713 571 3758 (Diq.
585 3712 640 3753 28,
653 3720 681 3755 5,
696 3719 746 3753 60,
759 3714 790 3754 2)
872 3714 933 3755 (¹2)
956 3714 1005 3747 εἰσ
1019 3714 1170 3758 Tomy„
1184 3725 1263 3747 oon-

182 3758 310 3791 tinetur
322 3758 392 3792 AB
504 3760 563 3799 (13)
588 3758 735 3799 sextam]
748 3757 910 3802 ABDQ,
923 3768 1051 3792 sexunx
1062 3759 1115 3792 vel
1127 3762 1262 3793 sextans

1287 122 1342 171 20
1744 140 1804 171 na
1834 140 2087 172 nummatis
2117 141 2426 176 ms'rrrunums

1344 250 1466 296 aequis
1478 250 1641 296 partibus
1652 250 1801 288 heredes
1820 262 1915 288 esse:
1941 251 2028 288 satis
2048 251 2141 289 enim
2162 255 2305 290 constat
2321 253 2427 291 nullis

1344 296 1506 342 partibus
1537 296 1726 333 nominatis
1756 297 1879 343 aequis
1910 308 1955 334 ex
1985 298 2147 343 partibus
2179 308 2241 335 eos
2278 298 2427 336 heredes

1343 351 1432 377 esse.
1467 341 1629 387 partibus
1653 345 1771 378 autem
1793 342 1831 378 in
1854 342 2078 388 quorundam
2100 343 2263 389 personis
2283 354 2426 397 expres-

1342 387 1407 429 sis,
1427 385 1457 421 si
1481 386 1559 432 quis
1584 387 1675 423 alius
1699 387 1775 423 sine
1794 391 1896 433 parte
1913 387 2114 424 nominatus
2133 388 2212 432 erit,
2237 388 2267 425 si
2286 389 2427 435 quldem

1342 432 1462 477 aliqua
1484 442 1569 477 pars
1593 432 1665 468 assi
1689 431 1816 475 deerit,
1848 443 1893 468 ex
1924 443 1967 468 ea
1989 437 2091 479 parte
2113 434 2216 469 heres
2240 434 2298 470 fit:
2331 438 2367 470 et
2397 435 2427 471 si

1341 477 1461 522 plures
1485 477 1562 512 sine
1585 481 1687 523 parte
1708 478 1832 523 scripti
1855 481 1949 520 sunt,
1973 489 2094 514 omnes
2118 478 2155 515 in
2178 479 2302 516 eadem
2326 484 2428 526 parte

1343 525 1566 558 concurrent.
1606 523 1637 558 si
1659 533 1741 558 vero
1766 527 1863 559 totus
1887 533 1926 559 as
1951 534 2027 559 com
2054 524 2147 560 letus
2177 524 2242 567 sit,
2277 524 2312 560 in
2345 536 2426 570 par-

1342 571 1413 603 tem
1438 567 1618 603 dimidiam
1642 571 1790 604 vocatur
1802 569 1830 590 ¹⁶
1854 571 1890 604 et
1911 568 1971 604 ille
1993 579 2035 605 ve
2071 569 2122 605 illi
2138 580 2260 606 omnes
2278 570 2316 606 in
2337 571 2426 606 alte-

1342 623 1418 648 ram
1450 613 1639 648 dimidiam.
1676 623 1743 649 nec
1773 615 1938 657 interest,
1969 614 2103 659 primus
2135 624 2182 650 an
2211 615 2349 651 medius
2381 625 2428 652 an

1342 657 1552 694 novissimus
1577 659 1653 694 sine
1676 661 1779 704 parte
1802 659 1956 705 scriptus
1975 659 2038 694 sit:
2065 669 2108 695 ea
2127 660 2219 695 enim
2238 671 2322 706 pars
2344 660 2429 696 data

1342 706 1360 737 7
1409 702 1622 748 intellegitur
1644 714 1736 749 quae
1754 708 1869 740 vacat.
1916 704 2120 748 Videamus,
2145 705 2176 741 si
2204 715 2288 751 pars
2308 706 2428 752 aliqua

1341 752 1443 784 vacet
1467 759 1531 784 nec
1556 752 1674 785 tamen
1721 749 1884 795 uisquam
1908 749 1985 785 sine
2001 754 2103 795 parte
2122 750 2225 787 heres
2243 750 2427 787 institutus

1342 794 1406 836 sit,
1454 793 1516 828 uid
1539 794 1625 829 iuris
1650 760 1721 830 sit}
1756 795 1864 830 veluti
1887 794 1918 830 si
1941 798 2013 831 tres
2038 806 2082 831 ex
2105 795 2243 841 quartis
2266 797 2428 842 partibus

1342 839 1425 874 here
1452 849 1489 875 es
1525 839 1650 885 scripti
1685 842 1779 875 sunt.
1832 843 1868 876 et
1900 843 2042 876 constat
2075 844 2261 877 vacantem
2290 845 2427 888 partem

1341 884 1487 930 singulis
1511 885 1620 920 tacite
1643 895 1708 930 pro
1732 885 1946 921 hereditaria
1970 889 2073 931 parte
2095 886 2267 922 accedere
2289 890 2326 922 et
2346 898 2426 932 per-

1340 930 1423 965 inde
1447 930 1589 973 haberi,
1622 940 1665 965 ac
1689 930 1720 966 si
1743 940 1788 966 ex
1810 930 1923 966 tertiis
1947 931 2109 982 partibus
2132 931 2279 968 heredes
2303 932 2428 977 scripti

1342 978 1478 1010 essent:
1504 978 1540 1010 et
1563 986 1606 1010 ex
1631 975 1768 1011 diverso
1794 975 1824 1011 si
1847 975 1926 1021 plus
1950 986 1986 1011 m
2007 976 2229 1022 portionibus
2249 977 2296 1013 sit
2310 978 2347 1020 ¹⁷,
2372 982 2426 1012 ta-

1341 1021 1410 1055 cite
1433 1020 1580 1073 singulis
1604 1020 1829 1064 decrescere,
1855 1024 1912 1064 ut,
1937 1021 1968 1057 si
1990 1021 2089 1056 verbi
2119 1022 2235 1067 gratia
2258 1025 2428 1068 quattuor

1341 1075 1385 1100 ex
1408 1066 1520 1101 tertiis
1545 1066 1708 1111 partibus
1732 1066 1880 1102 heredes
1912 1066 2036 1112 scripti
2066 1066 2155 1110 sint,
2187 1067 2332 1113 perinde
2363 1067 2427 1103 ha-

1341 1111 1511 1154 beantur,
1543 1122 1586 1147 ac
1611 1111 1641 1147 si
1664 1112 1908 1157 unusquisque
1931 1122 1974 1147 ex
1998 1114 2126 1158 quarta
2174 1115 2251 1148 arte
2274 1112 2428 1158 scriptus

1341 1158 1361 1191 8
1408 1156 1545 1192 fuisset.
1593 1156 1643 1191 Et
1666 1156 1696 1192 si
1720 1157 1840 1202 plures
1863 1157 1991 1193 unciae
2015 1168 2121 1202 quam
2169 1157 2331 1194 uodecim
2355 1158 2426 1193 dis-

1341 1202 1498 1237 tributae
1521 1205 1622 1244 sunt,
1647 1202 1698 1245 is,
1722 1202 1783 1248 qui
1806 1203 1883 1238 sine
1906 1206 2009 1248 parte
2032 1203 2216 1239 institutus
2240 1206 2306 1246 est,
2331 1203 2429 1248 quod

1342 1246 1510 1292 dipondio
1536 1247 1636 1282 deest
1666 1247 1831 1285 habebit:
1862 1247 2025 1293 idemque
2056 1248 2141 1291 erit,
2175 1248 2206 1283 si
2237 1248 2428 1294 dipondius

1342 1292 1503 1338 expletus
1528 1292 1585 1328 sit.
1621 1303 1712 1338 quae
1737 1303 1857 1328 omnes
1881 1297 2003 1339 partes
2023 1293 2070 1328 ad
2089 1303 2205 1329 assem
2224 1297 2352 1340 postea
2372 1304 2426 1329 re-

1341 1341 1525 1381 vocantur,
1550 1338 1709 1383 quamvis
1733 1338 1805 1374 sint
1826 1338 1981 1384 plurium
2005 1338 2200 1374 unciarum.

1341 1386 1362 1418 9
1454 1383 1566 1419 Heres
1591 1387 1626 1418 et
1648 1394 1738 1429 pure
1762 1387 1798 1418 et
1821 1384 1887 1419 sub
1912 1383 2122 1420 condicione
2140 1383 2278 1419 institui
2298 1387 2426 1430 potest.

1342 1440 1386 1464 ex
1410 1432 1507 1465 certo
1533 1432 1693 1474 tempore
1716 1433 1780 1464 aut
1802 1429 1849 1464 ad
1872 1432 2008 1465 certum
2031 1432 2170 1474 tempus
2194 1439 2267 1466 non
2298 1433 2428 1475 potest,

1341 1474 1451 1510 veluti
1475 1477 1569 1527 ‘post
1592 1474 1871 1520 quinquennium
1904 1485 2011 1520 quam
2041 1474 2181 1510 morlar’
2205 1474 2260 1510 vel
2283 1477 2341 1510 ‘ex
2363 1475 2427 1510 ka-

1342 1519 1465 1555 ‘lendis
1490 1519 1568 1555 1llis’
1594 1523 1658 1555 aut
1682 1524 1806 1565 ‘usque
1829 1520 1875 1555 ad
1898 1519 2071 1556 kalendas
2094 1519 2173 1556 illas
2196 1520 2299 1556 heres
2319 1520 2427 1556 esto':

1343 1565 1505 1610 diemque
1518 1565 1545 1586 ¹⁸
1568 1564 1745 1600 adiectum
1769 1576 1834 1610 pro
1859 1576 1901 1600 su
1929 1575 2080 1601 ervacuo
2105 1565 2229 1601 haberi
2250 1565 2369 1610 placet
2393 1569 2429 1601 et

1346 1614 1386 1645 10
1433 1610 1580 1655 perinde
1600 1620 1688 1653 esse,
1709 1621 1752 1646 ac
1766 1609 1797 1647 si
1807 1577 2009 1655 puresseres
2021 1611 2205 1647 institutus
2218 1614 2322 1646 esset.
2359 1611 2427 1646 Im-

1342 1655 1520 1701 possibilis
1554 1655 1715 1691 condicio
1747 1656 1784 1691 in
1815 1656 2097 1692 institutionibus
2137 1659 2174 1691 et
2203 1655 2329 1701 legatis
2362 1667 2429 1692 nec

1343 1713 1414 1737 non
1433 1701 1471 1736 in
1485 1702 1513 1722 ¹⁹
1533 1701 1813 1737 fideicommissis
1834 1705 1869 1737 et
1887 1702 2110 1738 libertatibus
2131 1712 2196 1754 pro
2209 1712 2282 1737 non
2293 1701 2428 1747 scripto

1345 1750 1380 1782 11
1432 1746 1585 1782 habetur
1593 1747 1635 1782 ²⁰.
1683 1746 1721 1782 Si
1743 1747 1864 1800 plures
1885 1747 2112 1783 condiciones
2131 1746 2344 1783 institutioni
2364 1747 2427 1782 ad-

1342 1791 1496 1844 scriptae
1519 1795 1614 1835 sunt,
1639 1791 1669 1828 si
1693 1791 1832 1838 quidem
1856 1793 2085 1835 coniunctim,
2108 1795 2150 1828 ut
2171 1795 2260 1837 puta
2280 1791 2322 1827 ‘si
2341 1792 2428 1828 illud

1343 1840 1390 1873 ‘et
1412 1837 1499 1872 illud
1521 1837 1659 1873 factum
1682 1837 1771 1880 erit’,
1796 1838 1960 1873 omnibus
2010 1837 2182 1873 arendum
2205 1840 2276 1873 est:
2309 1837 2340 1873 si
2371 1847 2426 1873 se-

1341 1883 1504 1928 paratim,
1529 1883 1637 1918 veluti
1657 1882 1699 1918 ‘si
1719 1882 1806 1918 illud
1826 1886 1890 1918 aut
1909 1883 1970 1918 illu
2015 1883 2151 1919 factum
2171 1882 2262 1925 erit‘,
2283 1882 2428 1918 cuilibet

1341 1929 1587 1974 obtemperare
1611 1928 1698 1964 satis
1725 1931 1790 1963 est.

1345 1976 1383 2008 12
1475 1973 1532 2016 Hi,
1558 1983 1649 2019 quos
1673 1984 1867 2026 numquam
1890 1976 2042 2010 testator
2064 1973 2169 2017 vidit,
2201 1973 2350 2010 heredes
2372 1973 2426 2010 in-

1340 2018 1439 2054 stitui
1473 2022 1636 2065 possunt.
1679 2019 1788 2055 veluti
1818 2019 1849 2055 si
1878 2019 2000 2055 fratris
2031 2019 2123 2055 filios
2154 2019 2292 2066 peregri
2322 2022 2427 2055 natos

1339 2064 1506 2109 ignorans
1542 2064 1603 2110 qui
1637 2068 1757 2100 essent
1790 2064 1939 2100 heredes
1973 2064 2184 2100 instituerit:
2227 2064 2428 2110 ignorantia

1340 2110 1432 2145 enim
1455 2110 1618 2145 testantis
1642 2109 1802 2145 inutilem
1825 2110 2082 2146 institutionem
2106 2120 2179 2146 non
2202 2109 2300 2146 facit.

1827 2203 1898 2242 XV
1907 2202 1935 2223 ιι

1543 2269 1604 2301 DE
1626 2269 1830 2302 VULGARI
1850 2269 2218 2303 SUBSTITUTIONE.

1385 2336 1416 2356 ²⁸¹
1424 2336 1550 2371 Potest
1572 2338 1692 2370 autem
1715 2335 1795 2381 quis
1818 2336 1856 2371 in
1879 2339 2090 2373 testamento
2115 2347 2181 2373 suo
2205 2337 2326 2383 plures
2343 2348 2424 2383 gra-

1338 2381 1405 2416 dus
1429 2380 1598 2416 heredum
1627 2380 1767 2424 facere,
1798 2385 1840 2416 ut
1869 2385 1958 2427 puta
1981 2382 2023 2418 ‘si
2044 2382 2103 2418 ille
2125 2382 2228 2419 heres
2251 2392 2324 2419 non
2348 2383 2425 2426 erit,

1339 2426 1410 2461 ‘ille
1432 2426 1535 2461 heres
1560 2426 1668 2462 esto':
1702 2429 1738 2462 et
1761 2426 1928 2473 deinceps
1951 2427 1988 2463 in
2013 2430 2184 2473 quantum
2207 2428 2292 2464 velit
2314 2431 2424 2464 testa-

1338 2475 1397 2507 tor
1419 2471 1636 2508 substituere
1658 2474 1780 2517 potest
1802 2475 1838 2507 et
1861 2472 2051 2509 novissimo
2071 2473 2151 2509 loco
2171 2473 2209 2508 in
2227 2473 2425 2509 subsidium

1341 2520 1356 2552 1
1405 2517 1461 2554 vel
1489 2527 1630 2552 servum
1661 2517 1901 2554 necessarium
1931 2518 2098 2554 heredem
2132 2518 2327 2555 instituere.
2375 2518 2426 2554 Et

1338 2562 1457 2607 plures
1480 2561 1518 2598 in
1541 2563 1647 2598 unius
1670 2562 1789 2598 locum
1812 2567 1965 2608 possunt
1988 2563 2166 2607 substitui,
2189 2563 2246 2600 vel
2268 2574 2362 2600 unus
2386 2564 2423 2600 in

1337 2608 1511 2653 plurium,
1535 2607 1591 2643 vel
1614 2607 1742 2653 singuli
1765 2608 1911 2653 singulis
1921 2609 1963 2651 ²³,
1997 2608 2052 2644 vel
2081 2608 2232 2645 invicem
2261 2609 2331 2655 ipsi
2362 2609 2423 2654 qui

1337 2656 1358 2688 2
1404 2652 1554 2689 heredes
1576 2653 1731 2688 instituti
1754 2658 1846 2689 sunt.
1893 2653 1944 2689 Et
1966 2654 1998 2689 si
2019 2663 2064 2689 ex
2086 2653 2288 2699 disparibus
2311 2654 2422 2700 parti-

1336 2698 1405 2734 bus
1437 2697 1586 2734 heredes
1619 2698 1772 2744 scriptos
1802 2698 1951 2734 invicem
1982 2698 2208 2734 substituerit
2230 2703 2267 2735 et
2289 2699 2422 2735 nullam

1336 2743 1551 2779 mentionem
1573 2743 1609 2779 in
1633 2743 1886 2779 substitutione
1908 2744 2074 2780 habuerit
2095 2744 2262 2790 partium,
2288 2755 2349 2781 eas
2372 2745 2421 2780 vi-

1337 2789 1441 2824 detur
1462 2792 1583 2834 partes
1606 2789 1644 2824 in
1667 2789 1921 2825 substitutione
1943 2789 2102 2832 dedisse,
2134 2799 2223 2835 quas
2253 2789 2291 2825 in
2320 2789 2422 2826 insti-

1337 2837 1356 2870 3
1404 2835 1542 2870 tutione
1562 2834 1752 2879 expressit:
1765 2836 1803 2869 et
1815 2833 1868 2869 ita
1882 2833 1984 2869 divus
1992 2833 2078 2869 Pius
2091 2832 2328 2879 rescripsitu.
2352 2835 2422 2870 Sed

1336 2879 1367 2915 si
1401 2879 1564 2915 instituto
1598 2879 1721 2915 heredi
1751 2882 1788 2914 et
1818 2879 1983 2915 coheredi
2012 2889 2077 2915 suo
2109 2879 2304 2916 substituto
2336 2880 2421 2916 dato

1337 2925 1427 2960 alius
1460 2924 1676 2960 substitutus
1706 2923 1831 2967 fuerit,
1869 2924 1939 2960 divi
1973 2924 2122 2961 Severus
2152 2928 2189 2960 et
2217 2925 2421 2961 Antoninus

1337 2970 1414 3006 sine
1444 2969 1671 3006 distinctione
1699 2969 1959 3015 rescripserunt
1988 2970 2036 3006 ad
2065 2973 2253 3016 utramque
2282 2974 2421 3017 partem

1336 3019 1358 3050 4
1404 3015 1636 3051 substitutum
1652 3014 1801 3050 admitti.
1850 3014 1888 3050 Si
1911 3025 2052 3051 servum
2075 3015 2229 3051 alienum
2253 3015 2332 3061 quis
2381 3026 2420 3051 a·

1335 3064 1425 3096 trem
1447 3059 1601 3096 familias
1625 3060 1819 3095 arbitratus
1842 3060 2010 3096 heredem
2033 3060 2216 3114 scripserit
2238 3065 2286 3104 et,
2309 3061 2341 3097 si
2354 3027 2419 3097 fle-

1335 3115 1392 3141 res
1415 3115 1488 3141 non
1512 3107 1624 3148 esset,
1655 3104 1835 3141 Maevium
1858 3105 1891 3141 ei
1913 3105 2138 3142 substituent
2165 3105 2268 3152 isque
2297 3116 2420 3142 servus

1334 3150 1435 3186 iussu
1459 3149 1591 3186 domini
1614 3149 1742 3187 adierit
1763 3150 2014 3195 hereditatem,
2037 3149 2200 3187 Maevius
2221 3150 2259 3186 in
2281 3154 2420 3198 partem

1335 3195 1544 3231 admittitur.
1579 3195 1641 3231 illa
1665 3196 1758 3232 enim
1779 3196 1889 3232 verba
1913 3196 1956 3232 ‘si
1977 3196 2081 3232 heres
2103 3205 2176 3232 non
2207 3196 2285 3232 erit’
2308 3196 2347 3232 in
2376 3207 2419 3233 eo

1335 3241 1488 3287 quidem,
1512 3250 1617 3287 quem
1635 3240 1751 3277 alieno
1770 3241 1839 3277 iuri
1858 3241 2057 3278 subiectum
2074 3250 2154 3277 esse
2171 3244 2323 3278 testator
2338 3242 2421 3286 scit,

1337 3355 1392 3395 Ρ,
1406 3365 1530 3388 secunx
1542 3358 1676 3389 sextans
1690 3355 1721 3390 0
1803 3357 1859 3398 (ιι)
1883 3357 1933 3390 εἰσ
1947 3353 2001 3396 Ρ,
2014 3355 2183 3389 efficerent
2194 3356 2274 3397 AB,
2288 3355 2418 3390 efficere

1337 3400 1390 3440 0⁸,
1405 3400 1533 3433 effioint
1546 3401 1593 3435 1¹⁸
1662 3402 1719 3442 (ιδ)
1743 3402 1792 3435 εἰσ
1804 3401 1884 3444 AB,
1897 3400 2046 3434 noluerit
2061 3401 2094 3434 T
2165 3402 2224 3442 (16)
2249 3403 2297 3435 sic
2307 3402 2417 3442 ABG,

1332 3448 1495 3478 vocantur
1512 3446 1546 3479 T
1641 3447 1701 3488 (ιτ)
1724 3447 1774 3480 εἰσ
1784 3447 1825 3487 Δ,
1839 3446 1869 3479 si
1881 3446 1958 3490 plus
1971 3446 2007 3479 in
2019 3456 2054 3489 p.
2067 3445 2137 3478 sint
2149 3446 2197 3487 B,
2210 3446 2240 3480 si
2251 3446 2366 3490 plures
2378 3447 2416 3480 in

1332 3500 1366 3533 p.
1379 3491 1450 3523 sint
1462 3491 1522 3530 (sit
1537 3491 1581 3533 0)
1599 3492 1660 3525 To
1736 3493 1795 3534 (18)
1820 3492 1869 3526 εἰσ
1880 3491 1987 3531 BTC',
2000 3490 2146 3534 denique
2157 3491 2189 3525 Δ
2270 3492 2331 3534 (ιο)
2354 3502 2417 3525 neo

1331 3536 1462 3614 ιιοιιὲξ]
1475 3536 1546 3577 AC,
1560 3536 1614 3570 vel
1626 3536 1700 3571 BT
1819 3537 1883 3578 (20)
1907 3538 1957 3571 ric
1967 3536 2015 3578 B,
2026 3535 2192 3569 habeatur
2203 3536 2278 3581 AT,
2290 3535 2416 3570 habon-

1332 3583 1388 3613 tur

1377 3626 1438 3668 (21)
1465 3626 1517 3670 Cf.
1535 3625 1611 3660 Gai.
1625 3627 1658 3666 2,
1670 3633 1798 3662 nmis
1821 3627 1904 3671 Diq.
1917 3627 1973 3669 28,
1986 3633 2004 3660 ο
2031 3626 2109 3660 Cod.
2124 3627 2156 3666 6,
2170 3633 2207 3661 ιο
2276 3627 2340 3670 (22)
2360 3639 2413 3671 pr.

1333 3674 1350 3710 f
1361 3677 1375 3705 1
1387 3682 1427 3704 αι·
1437 3671 1611 3706 Marciani
1622 3671 1643 3705 l.
1655 3678 1673 3705 4
1686 3671 1761 3706 inse.
1775 3671 1870 3716 (Diy.
1883 3671 1939 3712 28,
1952 3678 1983 3712 ο,
1995 3672 2046 3712 80)
2149 3673 2213 3714 (28)
2235 3670 2363 3715 singuli
2377 3672 2414 3705 in

1330 3714 1477 3758 singulis
1492 3717 1572 3750 libro·
1658 3717 1723 3759 (2⁴)
1751 3717 1831 3751 cod.
1843 3718 1876 3760 6,
1887 3721 1937 3757 ¹⁸,
1950 3722 1965 3749 1
