<?xml version="1.0" encoding="UTF-8"?>
<!DOCTYPE html PUBLIC "-//W3C//DTD XHTML 1.0 Transitional//EN"
    "http://www.w3.org/TR/xhtml1/DTD/xhtml1-transitional.dtd">
<html xmlns="http://www.w3.org/1999/xhtml" xml:lang="en" lang="en">
 <head>
  <title>
</title>
<meta http-equiv="Content-Type" content="text/html;charset=utf-8" />
  <meta name='ocr-system' content='tesseract 3.04.00' />
  <meta name='ocr-capabilities' content='ocr_page ocr_carea ocr_par ocr_line ocrx_word'/>
</head>
<body>
  <div class='ocr_page' id='page_1' title='image "./corpusjuriscivil01krueuoft_0784.png"; bbox 0 0 2528 3918; ppageno 0'>
   <div class='ocr_carea' id='block_1_1' title="bbox 176 106 441 150">
    <p class='ocr_par' dir='ltr' id='par_1_1' title="bbox 176 106 441 150">
     <span class='ocr_line' id='line_1_1' title="bbox 176 106 441 150; baseline -0.008 1"><span class='ocrx_word' id='word_1_1' title='bbox 176 106 441 150; x_wconf 81' lang='lat' dir='ltr'>XXXXIII</span> 
     </span>
    </p>
   </div>
   <div class='ocr_carea' id='block_1_2' title="bbox 174 226 1266 3432">
    <p class='ocr_par' dir='ltr' id='par_1_2' title="bbox 177 226 1264 542">
     <span class='ocr_line' id='line_1_2' title="bbox 177 226 1263 273; baseline -0.006 -6"><span class='ocrx_word' id='word_1_2' title='bbox 177 235 317 267; x_wconf 80' lang='lat' dir='ltr'><strong>ventam</strong></span> <span class='ocrx_word' id='word_1_3' title='bbox 350 239 447 270; x_wconf 87' lang='lat' dir='ltr'><strong>esse,</strong></span> <span class='ocrx_word' id='word_1_4' title='bbox 481 228 518 264; x_wconf 90' lang='lat' dir='ltr'><strong>in</strong></span> <span class='ocrx_word' id='word_1_5' title='bbox 552 229 729 273; x_wconf 82' lang='lat' dir='ltr'><strong>integrum</strong></span> <span class='ocrx_word' id='word_1_6' title='bbox 762 237 907 264; x_wconf 87' lang='lat' dir='ltr'><strong>causam</strong></span> <span class='ocrx_word' id='word_1_7' title='bbox 939 226 1195 262; x_wconf 75' lang='lat' dir='ltr'><strong>restituendam</strong></span> <span class='ocrx_word' id='word_1_8' title='bbox 1224 226 1263 261; x_wconf 89' lang='lat' dir='ltr'><strong>in</strong></span> 
     </span>
     <span class='ocr_line' id='line_1_3' title="bbox 178 271 1264 318; baseline -0.005 -7"><span class='ocrx_word' id='word_1_9' title='bbox 178 277 268 311; x_wconf 89' lang='lat' dir='ltr'><strong>haec</strong></span> <span class='ocrx_word' id='word_1_10' title='bbox 291 274 402 310; x_wconf 84' lang='lat' dir='ltr'><strong>verba</strong></span> <span class='ocrx_word' id='word_1_11' title='bbox 423 273 624 318; x_wconf 78' lang='lat' dir='ltr'><strong>rescripsit:</strong></span> <span class='ocrx_word' id='word_1_12' title='bbox 650 272 876 318; x_wconf 77' lang='lat' dir='ltr'><strong>‘Exemplum</strong></span> <span class='ocrx_word' id='word_1_13' title='bbox 899 272 1010 308; x_wconf 72' lang='lat' dir='ltr'><strong>libelli</strong></span> <span class='ocrx_word' id='word_1_14' title='bbox 1033 271 1107 307; x_wconf 90' lang='lat' dir='ltr'><strong>dati</strong></span> <span class='ocrx_word' id='word_1_15' title='bbox 1131 271 1219 306; x_wconf 90' lang='lat' dir='ltr'><strong>mihi</strong></span> <span class='ocrx_word' id='word_1_16' title='bbox 1241 281 1264 306; x_wconf 91' lang='lat' dir='ltr'><strong>a</strong></span> 
     </span>
     <span class='ocr_line' id='line_1_4' title="bbox 181 316 1263 362; baseline -0.006 -6"><span class='ocrx_word' id='word_1_17' title='bbox 181 319 283 356; x_wconf 89' lang='lat' dir='ltr'><strong>‘Iulio</strong></span> <span class='ocrx_word' id='word_1_18' title='bbox 295 319 491 355; x_wconf 86' lang='lat' dir='ltr'><strong>Tarentino</strong></span> <span class='ocrx_word' id='word_1_19' title='bbox 513 318 605 353; x_wconf 90' lang='lat' dir='ltr'><strong>mitti</strong></span> <span class='ocrx_word' id='word_1_20' title='bbox 629 318 695 354; x_wconf 93' lang='lat' dir='ltr'><strong>tibi</strong></span> <span class='ocrx_word' id='word_1_21' title='bbox 717 317 821 353; x_wconf 90' lang='lat' dir='ltr'><strong>iussi:</strong></span> <span class='ocrx_word' id='word_1_22' title='bbox 846 322 897 359; x_wconf 88' lang='lat' dir='ltr'><strong>tu,</strong></span> <span class='ocrx_word' id='word_1_23' title='bbox 923 319 952 352; x_wconf 36' lang='lat' dir='ltr'><strong>si.</strong></span> <span class='ocrx_word' id='word_1_24' title='bbox 974 317 1038 352; x_wconf 86' lang='lat' dir='ltr'><strong>tibi</strong></span> <span class='ocrx_word' id='word_1_25' title='bbox 1055 316 1263 362; x_wconf 89' lang='lat' dir='ltr'><strong>probaverit</strong></span> 
     </span>
     <span class='ocr_line' id='line_1_5' title="bbox 178 361 1261 417; baseline -0.006 -15"><span class='ocrx_word' id='word_1_26' title='bbox 178 364 456 417; x_wconf 70' lang='lat' dir='ltr'><strong>‘conspiratione</strong></span> <span class='ocrx_word' id='word_1_27' title='bbox 474 363 756 399; x_wconf 87' lang='lat' dir='ltr'><strong>adversariorum</strong></span> <span class='ocrx_word' id='word_1_28' title='bbox 780 367 817 398; x_wconf 92' lang='lat' dir='ltr'><strong>et</strong></span> <span class='ocrx_word' id='word_1_29' title='bbox 838 362 989 398; x_wconf 69' lang='lat' dir='ltr'><strong>testibus</strong></span> <span class='ocrx_word' id='word_1_30' title='bbox 1007 361 1163 414; x_wconf 86' lang='lat' dir='ltr'><strong>pecunia</strong></span> <span class='ocrx_word' id='word_1_31' title='bbox 1183 372 1261 396; x_wconf 90' lang='lat' dir='ltr'><strong>cor-</strong></span> 
     </span>
     <span class='ocr_line' id='line_1_6' title="bbox 178 406 1263 462; baseline -0.005 -16"><span class='ocrx_word' id='word_1_32' title='bbox 178 413 305 456; x_wconf 75' lang='lat' dir='ltr'><strong>‘ruptis</strong></span> <span class='ocrx_word' id='word_1_33' title='bbox 335 420 356 445; x_wconf 92' lang='lat' dir='ltr'><strong>o</strong></span> <span class='ocrx_word' id='word_1_34' title='bbox 383 419 548 462; x_wconf 86' lang='lat' dir='ltr'><strong>pressum</strong></span> <span class='ocrx_word' id='word_1_35' title='bbox 577 418 636 450; x_wconf 87' lang='lat' dir='ltr'><strong>se,</strong></span> <span class='ocrx_word' id='word_1_36' title='bbox 666 413 702 444; x_wconf 89' lang='lat' dir='ltr'><strong>et</strong></span> <span class='ocrx_word' id='word_1_37' title='bbox 732 418 808 444; x_wconf 88' lang='lat' dir='ltr'><strong>rem</strong></span> <span class='ocrx_word' id='word_1_38' title='bbox 840 417 960 443; x_wconf 88' lang='lat' dir='ltr'><strong>severe</strong></span> <span class='ocrx_word' id='word_1_39' title='bbox 983 406 1125 442; x_wconf 80' lang='lat' dir='ltr'><strong>vindica</strong></span> <span class='ocrx_word' id='word_1_40' title='bbox 1146 410 1199 450; x_wconf 86' lang='lat' dir='ltr'><strong>et,</strong></span> <span class='ocrx_word' id='word_1_41' title='bbox 1233 406 1263 442; x_wconf 92' lang='lat' dir='ltr'><strong>si</strong></span> 
     </span>
     <span class='ocr_line' id='line_1_7' title="bbox 179 451 1261 501; baseline -0.005 -10"><span class='ocrx_word' id='word_1_42' title='bbox 179 459 263 501; x_wconf 87' lang='lat' dir='ltr'><strong>‘qua</strong></span> <span class='ocrx_word' id='word_1_43' title='bbox 279 465 303 490; x_wconf 88' lang='lat' dir='ltr'><strong>a</strong></span> <span class='ocrx_word' id='word_1_44' title='bbox 320 455 358 490; x_wconf 92' lang='lat' dir='ltr'><strong>iu</strong></span> <span class='ocrx_word' id='word_1_45' title='bbox 398 465 439 490; x_wconf 90' lang='lat' dir='ltr'><strong>ce</strong></span> <span class='ocrx_word' id='word_1_46' title='bbox 455 458 530 489; x_wconf 80' lang='lat' dir='ltr'><strong>tam</strong></span> <span class='ocrx_word' id='word_1_47' title='bbox 553 453 647 489; x_wconf 88' lang='lat' dir='ltr'><strong>malo</strong></span> <span class='ocrx_word' id='word_1_48' title='bbox 672 453 832 499; x_wconf 85' lang='lat' dir='ltr'><strong>exemplo</strong></span> <span class='ocrx_word' id='word_1_49' title='bbox 857 452 1146 498; x_wconf 87' lang='lat' dir='ltr'><strong>circumscripto¹</strong></span> <span class='ocrx_word' id='word_1_50' title='bbox 1171 451 1261 487; x_wconf 90' lang='lat' dir='ltr'><strong>iudi-</strong></span> 
     </span>
     <span class='ocr_line' id='line_1_8' title="bbox 180 498 853 542; baseline -0.006 -6"><span class='ocrx_word' id='word_1_51' title='bbox 180 504 276 536; x_wconf 83' lang='lat' dir='ltr'><strong>‘cata</strong></span> <span class='ocrx_word' id='word_1_52' title='bbox 298 504 398 542; x_wconf 89' lang='lat' dir='ltr'><strong>sunt,</strong></span> <span class='ocrx_word' id='word_1_53' title='bbox 422 499 461 534; x_wconf 90' lang='lat' dir='ltr'><strong>in</strong></span> <span class='ocrx_word' id='word_1_54' title='bbox 483 499 521 534; x_wconf 91' lang='lat' dir='ltr'><strong>in</strong></span> <span class='ocrx_word' id='word_1_55' title='bbox 625 510 659 534; x_wconf 91' lang='lat' dir='ltr'><strong>m</strong></span> <span class='ocrx_word' id='word_1_56' title='bbox 681 498 853 534; x_wconf 88' lang='lat' dir='ltr'><strong>restitue’.</strong></span> 
     </span>
    </p>

    <p class='ocr_par' dir='ltr' id='par_1_3' title="bbox 177 542 1264 725">
     <span class='ocr_line' id='line_1_9' title="bbox 224 542 1263 587; baseline -0.006 -6"><span class='ocrx_word' id='word_1_57' title='bbox 224 543 278 583; x_wconf 87' lang='lat'><strong>34</strong></span> <span class='ocrx_word' id='word_1_58' title='bbox 307 544 519 580; x_wconf 72' lang='lat' dir='ltr'><strong>Llcmmvs</strong></span> <span class='ocrx_word' id='word_1_59' title='bbox 579 553 718 579; x_wconf 74' lang='lat' dir='ltr'><strong>tsmws</strong></span> <span class='ocrx_word' id='word_1_60' title='bbox 745 544 836 579; x_wconf 81' lang='lat' dir='ltr'><strong>libro</strong></span> <span class='ocrx_word' id='word_1_61' title='bbox 867 543 971 577; x_wconf 78' lang='lat' dir='ltr'><strong>tertio</strong></span> <span class='ocrx_word' id='word_1_62' title='bbox 996 542 1133 577; x_wconf 79' lang='lat' dir='ltr'><strong>decimo</strong></span> <span class='ocrx_word' id='word_1_63' title='bbox 1157 552 1263 587; x_wconf 76' lang='lat' dir='ltr'><strong>requ-</strong></span> 
     </span>
     <span class='ocr_line' id='line_1_10' title="bbox 177 585 1262 632; baseline -0.006 -6"><span class='ocrx_word' id='word_1_64' title='bbox 177 591 294 627; x_wconf 82' lang='lat' dir='ltr'><strong>larum</strong></span> <span class='ocrx_word' id='word_1_65' title='bbox 342 590 379 625; x_wconf 91' lang='lat' dir='ltr'><strong>Si</strong></span> <span class='ocrx_word' id='word_1_66' title='bbox 407 589 540 624; x_wconf 85' lang='lat' dir='ltr'><strong>victum</strong></span> <span class='ocrx_word' id='word_1_67' title='bbox 570 589 626 625; x_wconf 85' lang='lat' dir='ltr'><strong>vel</strong></span> <span class='ocrx_word' id='word_1_68' title='bbox 656 592 807 624; x_wconf 90' lang='lat' dir='ltr'><strong>stratum</strong></span> <span class='ocrx_word' id='word_1_69' title='bbox 840 587 965 622; x_wconf 87' lang='lat' dir='ltr'><strong>inferri</strong></span> <span class='ocrx_word' id='word_1_70' title='bbox 996 587 1075 632; x_wconf 88' lang='lat' dir='ltr'><strong>quis</strong></span> <span class='ocrx_word' id='word_1_71' title='bbox 1105 585 1262 621; x_wconf 87' lang='lat' dir='ltr'><strong>iudicato</strong></span> 
     </span>
     <span class='ocr_line' id='line_1_11' title="bbox 177 631 1264 680; baseline -0.006 -9"><span class='ocrx_word' id='word_1_72' title='bbox 177 646 249 672; x_wconf 91' lang='lat' dir='ltr'><strong>non</strong></span> <span class='ocrx_word' id='word_1_73' title='bbox 283 635 455 680; x_wconf 89' lang='lat' dir='ltr'><strong>patiatur,</strong></span> <span class='ocrx_word' id='word_1_74' title='bbox 491 633 589 670; x_wconf 89' lang='lat' dir='ltr'><strong>utilis</strong></span> <span class='ocrx_word' id='word_1_75' title='bbox 626 634 663 669; x_wconf 93' lang='lat' dir='ltr'><strong>in</strong></span> <span class='ocrx_word' id='word_1_76' title='bbox 701 644 781 669; x_wconf 91' lang='lat' dir='ltr'><strong>eum</strong></span> <span class='ocrx_word' id='word_1_77' title='bbox 816 632 978 677; x_wconf 88' lang='lat' dir='ltr'><strong>poenalis</strong></span> <span class='ocrx_word' id='word_1_78' title='bbox 1015 632 1109 667; x_wconf 89' lang='lat' dir='ltr'><strong>actio</strong></span> <span class='ocrx_word' id='word_1_79' title='bbox 1146 631 1264 666; x_wconf 86' lang='lat' dir='ltr'><strong>danda</strong></span> 
     </span>
     <span class='ocr_line' id='line_1_12' title="bbox 177 676 1264 725; baseline -0.005 -9"><span class='ocrx_word' id='word_1_80' title='bbox 177 685 232 716; x_wconf 88' lang='lat' dir='ltr'><strong>est</strong></span> <span class='ocrx_word' id='word_1_81' title='bbox 261 680 336 723; x_wconf 88' lang='lat' dir='ltr'><strong>vel,</strong></span> <span class='ocrx_word' id='word_1_82' title='bbox 367 684 409 715; x_wconf 93' lang='lat' dir='ltr'><strong>ut</strong></span> <span class='ocrx_word' id='word_1_83' title='bbox 438 678 583 725; x_wconf 85' lang='lat' dir='ltr'><strong>quidam</strong></span> <span class='ocrx_word' id='word_1_84' title='bbox 613 682 760 724; x_wconf 89' lang='lat' dir='ltr'><strong>putant,</strong></span> <span class='ocrx_word' id='word_1_85' title='bbox 792 677 1004 712; x_wconf 90' lang='lat' dir='ltr'><strong>iniuriarum</strong></span> <span class='ocrx_word' id='word_1_86' title='bbox 1028 687 1109 712; x_wconf 85' lang='lat' dir='ltr'><strong>cum</strong></span> <span class='ocrx_word' id='word_1_87' title='bbox 1139 687 1181 712; x_wconf 91' lang='lat' dir='ltr'><strong>eo</strong></span> <span class='ocrx_word' id='word_1_88' title='bbox 1206 676 1264 720; x_wconf 87' lang='lat' dir='ltr'><strong>agi</strong></span> 
     </span>
    </p>

    <p class='ocr_par' dir='ltr' id='par_1_4' title="bbox 203 725 319 761">
     <span class='ocr_line' id='line_1_13' title="bbox 203 725 319 761; baseline -0.009 0"><span class='ocrx_word' id='word_1_89' title='bbox 203 725 319 761; x_wconf 89' lang='lat' dir='ltr'><strong>oterit.</strong></span> 
     </span>
    </p>

    <p class='ocr_par' dir='ltr' id='par_1_5' title="bbox 175 737 1265 996">
     <span class='ocr_line' id='line_1_14' title="bbox 175 737 1264 808; baseline -0.006 0"><span class='ocrx_word' id='word_1_90' title='bbox 175 737 199 771; x_wconf 77' lang='lat' dir='ltr'>p</span> <span class='ocrx_word' id='word_1_91' title='bbox 223 768 277 808; x_wconf 89' lang='grc'><strong>35</strong></span> <span class='ocrx_word' id='word_1_92' title='bbox 302 769 497 806; x_wconf 68' lang='grc' dir='ltr'><strong>ΡΔΡικιυε</strong></span> <span class='ocrx_word' id='word_1_93' title='bbox 517 768 543 804; x_wconf 94' lang='grc' dir='ltr'><em>Ι</em></span> <span class='ocrx_word' id='word_1_94' title='bbox 544 778 660 804; x_wconf 77' lang='lat' dir='ltr'><strong>Usws</strong></span> <span class='ocrx_word' id='word_1_95' title='bbox 680 768 972 804; x_wconf 78' lang='lat' dir='ltr'><strong>constitutionum</strong></span> <span class='ocrx_word' id='word_1_96' title='bbox 996 767 1087 803; x_wconf 82' lang='lat' dir='ltr'><strong>libro</strong></span> <span class='ocrx_word' id='word_1_97' title='bbox 1104 766 1264 802; x_wconf 82' lang='lat' dir='ltr'><strong>secundo</strong></span> 
     </span>
     <span class='ocr_line' id='line_1_15' title="bbox 177 812 1263 861; baseline -0.005 -10"><span class='ocrx_word' id='word_1_98' title='bbox 177 817 413 861; x_wconf 76' lang='lat' dir='ltr'><strong>Imperatores</strong></span> <span class='ocrx_word' id='word_1_99' title='bbox 432 814 636 850; x_wconf 84' lang='lat' dir='ltr'><strong>Antoninus</strong></span> <span class='ocrx_word' id='word_1_100' title='bbox 657 817 691 848; x_wconf 92' lang='lat' dir='ltr'><strong>et</strong></span> <span class='ocrx_word' id='word_1_101' title='bbox 708 813 826 848; x_wconf 89' lang='lat' dir='ltr'><strong>Verus</strong></span> <span class='ocrx_word' id='word_1_102' title='bbox 845 812 1119 858; x_wconf 81' lang='lat' dir='ltr'><strong>rescripserunt,</strong></span> <span class='ocrx_word' id='word_1_103' title='bbox 1140 821 1263 857; x_wconf 88' lang='lat' dir='ltr'><strong>quam-</strong></span> 
     </span>
     <span class='ocr_line' id='line_1_16' title="bbox 178 856 1265 906; baseline -0.005 -10"><span class='ocrx_word' id='word_1_104' title='bbox 178 871 284 906; x_wconf 89' lang='lat' dir='ltr'><strong>quam</strong></span> <span class='ocrx_word' id='word_1_105' title='bbox 308 860 375 896; x_wconf 90' lang='lat' dir='ltr'><strong>sub</strong></span> <span class='ocrx_word' id='word_1_106' title='bbox 407 860 557 895; x_wconf 90' lang='lat' dir='ltr'><strong>obtentu</strong></span> <span class='ocrx_word' id='word_1_107' title='bbox 581 869 754 894; x_wconf 88' lang='lat' dir='ltr'><strong>novorum</strong></span> <span class='ocrx_word' id='word_1_108' title='bbox 784 858 1103 893; x_wconf 85' lang='lat' dir='ltr'><strong>instrumentorum</strong></span> <span class='ocrx_word' id='word_1_109' title='bbox 1125 856 1265 892; x_wconf 89' lang='lat' dir='ltr'><strong>restitui</strong></span> 
     </span>
     <span class='ocr_line' id='line_1_17' title="bbox 177 902 1262 951; baseline -0.004 -11"><span class='ocrx_word' id='word_1_110' title='bbox 177 905 319 951; x_wconf 78' lang='lat' dir='ltr'><strong>negotia</strong></span> <span class='ocrx_word' id='word_1_111' title='bbox 350 905 492 940; x_wconf 90' lang='lat' dir='ltr'><strong>minime</strong></span> <span class='ocrx_word' id='word_1_112' title='bbox 523 907 704 949; x_wconf 72' lang='lat' dir='ltr'><strong>oporteat,</strong></span> <span class='ocrx_word' id='word_1_113' title='bbox 735 907 855 938; x_wconf 89' lang='lat' dir='ltr'><strong>tamen</strong></span> <span class='ocrx_word' id='word_1_114' title='bbox 884 903 922 938; x_wconf 93' lang='lat' dir='ltr'><strong>in</strong></span> <span class='ocrx_word' id='word_1_115' title='bbox 945 902 1087 948; x_wconf 86' lang='lat' dir='ltr'><strong>negotio</strong></span> <span class='ocrx_word' id='word_1_116' title='bbox 1117 902 1262 947; x_wconf 89' lang='lat' dir='ltr'><strong>publico</strong></span> 
     </span>
     <span class='ocr_line' id='line_1_18' title="bbox 177 947 1263 996; baseline -0.004 -10"><span class='ocrx_word' id='word_1_117' title='bbox 177 962 220 986; x_wconf 85' lang='lat' dir='ltr'><strong>ex</strong></span> <span class='ocrx_word' id='word_1_118' title='bbox 252 960 363 986; x_wconf 90' lang='lat' dir='ltr'><strong>causa</strong></span> <span class='ocrx_word' id='word_1_119' title='bbox 392 950 596 996; x_wconf 81' lang='lat' dir='ltr'><strong>permittere</strong></span> <span class='ocrx_word' id='word_1_120' title='bbox 627 959 667 984; x_wconf 88' lang='lat' dir='ltr'><strong>se</strong></span> <span class='ocrx_word' id='word_1_121' title='bbox 699 947 902 984; x_wconf 89' lang='lat' dir='ltr'><strong>huiusmodi</strong></span> <span class='ocrx_word' id='word_1_122' title='bbox 931 947 1175 984; x_wconf 87' lang='lat' dir='ltr'><strong>instrumentis</strong></span> <span class='ocrx_word' id='word_1_123' title='bbox 1198 947 1263 981; x_wconf 87' lang='lat' dir='ltr'><strong>uti.</strong></span> 
     </span>
    </p>

    <p class='ocr_par' dir='ltr' id='par_1_6' title="bbox 174 992 1263 1311">
     <span class='ocr_line' id='line_1_19' title="bbox 222 992 1263 1040; baseline -0.008 -6"><span class='ocrx_word' id='word_1_124' title='bbox 222 992 276 1034; x_wconf 88' lang='grc'><strong>36</strong></span> <span class='ocrx_word' id='word_1_125' title='bbox 300 995 357 1032; x_wconf 73' lang='grc' dir='ltr'><strong>ΡΑ</strong></span> <span class='ocrx_word' id='word_1_126' title='bbox 364 1004 459 1031; x_wconf 67' lang='lat' dir='ltr'><strong>Ubus</strong></span> <span class='ocrx_word' id='word_1_127' title='bbox 477 994 567 1030; x_wconf 82' lang='lat' dir='ltr'><strong>libro</strong></span> <span class='ocrx_word' id='word_1_128' title='bbox 587 994 739 1040; x_wconf 82' lang='lat' dir='ltr'><strong>septimo</strong></span> <span class='ocrx_word' id='word_1_129' title='bbox 757 993 893 1030; x_wconf 83' lang='lat' dir='ltr'><strong>decimo</strong></span> <span class='ocrx_word' id='word_1_130' title='bbox 906 993 957 1028; x_wconf 87' lang='lat' dir='ltr'><strong>ad</strong></span> <span class='ocrx_word' id='word_1_131' title='bbox 967 993 1121 1029; x_wconf 75' lang='lat' dir='ltr'><strong>edictum</strong></span> <span class='ocrx_word' id='word_1_132' title='bbox 1158 992 1263 1027; x_wconf 92' lang='lat' dir='ltr'><strong>Pom-</strong></span> 
     </span>
     <span class='ocr_line' id='line_1_20' title="bbox 174 1038 1263 1087; baseline -0.006 -10"><span class='ocrx_word' id='word_1_133' title='bbox 174 1041 304 1087; x_wconf 89' lang='lat' dir='ltr'><strong>ponius</strong></span> <span class='ocrx_word' id='word_1_134' title='bbox 334 1040 426 1076; x_wconf 89' lang='lat' dir='ltr'><strong>libro</strong></span> <span class='ocrx_word' id='word_1_135' title='bbox 459 1039 665 1084; x_wconf 87' lang='lat' dir='ltr'><strong>trigensimo</strong></span> <span class='ocrx_word' id='word_1_136' title='bbox 694 1038 847 1084; x_wconf 90' lang='lat' dir='ltr'><strong>septimo</strong></span> <span class='ocrx_word' id='word_1_137' title='bbox 871 1038 918 1074; x_wconf 88' lang='lat' dir='ltr'><strong>ad</strong></span> <span class='ocrx_word' id='word_1_138' title='bbox 949 1038 1106 1074; x_wconf 88' lang='lat' dir='ltr'><strong>edictum</strong></span> <span class='ocrx_word' id='word_1_139' title='bbox 1129 1038 1263 1080; x_wconf 86' lang='lat' dir='ltr'><strong>scribit,</strong></span> 
     </span>
     <span class='ocr_line' id='line_1_21' title="bbox 177 1083 1262 1131; baseline -0.004 -9"><span class='ocrx_word' id='word_1_140' title='bbox 177 1086 209 1122; x_wconf 92' lang='lat' dir='ltr'><strong>si</strong></span> <span class='ocrx_word' id='word_1_141' title='bbox 242 1086 306 1122; x_wconf 89' lang='lat' dir='ltr'><strong>uni</strong></span> <span class='ocrx_word' id='word_1_142' title='bbox 338 1096 381 1121; x_wconf 87' lang='lat' dir='ltr'><strong>ex</strong></span> <span class='ocrx_word' id='word_1_143' title='bbox 403 1085 567 1131; x_wconf 89' lang='lat' dir='ltr'><strong>pluribus</strong></span> <span class='ocrx_word' id='word_1_144' title='bbox 598 1084 777 1120; x_wconf 89' lang='lat' dir='ltr'><strong>iudicibus</strong></span> <span class='ocrx_word' id='word_1_145' title='bbox 808 1084 852 1119; x_wconf 91' lang='lat' dir='ltr'><strong>de</strong></span> <span class='ocrx_word' id='word_1_146' title='bbox 874 1083 1015 1120; x_wconf 88' lang='lat' dir='ltr'><strong>liberali</strong></span> <span class='ocrx_word' id='word_1_147' title='bbox 1046 1093 1158 1118; x_wconf 89' lang='lat' dir='ltr'><strong>causa</strong></span> <span class='ocrx_word' id='word_1_148' title='bbox 1181 1093 1262 1127; x_wconf 87' lang='lat' dir='ltr'><strong>cog—</strong></span> 
     </span>
     <span class='ocr_line' id='line_1_22' title="bbox 178 1128 1263 1174; baseline -0.005 -7"><span class='ocrx_word' id='word_1_149' title='bbox 178 1131 343 1167; x_wconf 86' lang='lat' dir='ltr'><strong>noscenti</strong></span> <span class='ocrx_word' id='word_1_150' title='bbox 366 1130 410 1167; x_wconf 90' lang='lat' dir='ltr'><strong>de</strong></span> <span class='ocrx_word' id='word_1_151' title='bbox 433 1140 472 1165; x_wconf 90' lang='lat' dir='ltr'><strong>re</strong></span> <span class='ocrx_word' id='word_1_152' title='bbox 496 1140 568 1165; x_wconf 92' lang='lat' dir='ltr'><strong>non</strong></span> <span class='ocrx_word' id='word_1_153' title='bbox 591 1129 735 1174; x_wconf 81' lang='lat' dir='ltr'><strong>liqueat,</strong></span> <span class='ocrx_word' id='word_1_154' title='bbox 761 1129 870 1165; x_wconf 90' lang='lat' dir='ltr'><strong>ceteri</strong></span> <span class='ocrx_word' id='word_1_155' title='bbox 890 1133 1008 1164; x_wconf 90' lang='lat' dir='ltr'><strong>autem</strong></span> <span class='ocrx_word' id='word_1_156' title='bbox 1029 1128 1263 1171; x_wconf 84' lang='lat' dir='ltr'><strong>consentiant,</strong></span> 
     </span>
     <span class='ocr_line' id='line_1_23' title="bbox 176 1174 1263 1219; baseline -0.004 -7"><span class='ocrx_word' id='word_1_157' title='bbox 176 1177 207 1213; x_wconf 87' lang='lat' dir='ltr'><strong>si</strong></span> <span class='ocrx_word' id='word_1_158' title='bbox 225 1176 257 1212; x_wconf 90' lang='lat' dir='ltr'><strong>is</strong></span> <span class='ocrx_word' id='word_1_159' title='bbox 276 1175 447 1212; x_wconf 86' lang='lat' dir='ltr'><strong>iuraverit</strong></span> <span class='ocrx_word' id='word_1_160' title='bbox 465 1175 534 1211; x_wconf 91' lang='lat' dir='ltr'><strong>sibi</strong></span> <span class='ocrx_word' id='word_1_161' title='bbox 559 1185 631 1210; x_wconf 90' lang='lat' dir='ltr'><strong>non</strong></span> <span class='ocrx_word' id='word_1_162' title='bbox 650 1174 796 1219; x_wconf 86' lang='lat' dir='ltr'><strong>liquere,</strong></span> <span class='ocrx_word' id='word_1_163' title='bbox 821 1184 862 1210; x_wconf 91' lang='lat' dir='ltr'><strong>eo</strong></span> <span class='ocrx_word' id='word_1_164' title='bbox 887 1174 1093 1219; x_wconf 82' lang='lat' dir='ltr'><strong>quiescente</strong></span> <span class='ocrx_word' id='word_1_165' title='bbox 1112 1177 1263 1214; x_wconf 89' lang='lat' dir='ltr'><strong>ceteros,</strong></span> 
     </span>
     <span class='ocr_line' id='line_1_24' title="bbox 175 1218 1262 1266; baseline -0.003 -9"><span class='ocrx_word' id='word_1_166' title='bbox 175 1221 236 1266; x_wconf 86' lang='lat' dir='ltr'><strong>qui</strong></span> <span class='ocrx_word' id='word_1_167' title='bbox 261 1221 497 1262; x_wconf 80' lang='lat' dir='ltr'><strong>consentiant,</strong></span> <span class='ocrx_word' id='word_1_168' title='bbox 523 1219 732 1255; x_wconf 85' lang='lat' dir='ltr'><strong>sententiam</strong></span> <span class='ocrx_word' id='word_1_169' title='bbox 755 1218 934 1264; x_wconf 87' lang='lat' dir='ltr'><strong>proferre,</strong></span> <span class='ocrx_word' id='word_1_170' title='bbox 967 1219 1068 1264; x_wconf 90' lang='lat' dir='ltr'><strong>quia,</strong></span> <span class='ocrx_word' id='word_1_171' title='bbox 1099 1218 1167 1254; x_wconf 89' lang='lat' dir='ltr'><strong>etsi</strong></span> <span class='ocrx_word' id='word_1_172' title='bbox 1191 1218 1262 1254; x_wconf 88' lang='lat' dir='ltr'><strong>dis—</strong></span> 
     </span>
     <span class='ocr_line' id='line_1_25' title="bbox 176 1264 955 1311; baseline -0.004 -9"><span class='ocrx_word' id='word_1_173' title='bbox 176 1267 335 1308; x_wconf 85' lang='lat' dir='ltr'><strong>sentiret,</strong></span> <span class='ocrx_word' id='word_1_174' title='bbox 358 1265 516 1311; x_wconf 89' lang='lat' dir='ltr'><strong>plurium</strong></span> <span class='ocrx_word' id='word_1_175' title='bbox 539 1264 742 1300; x_wconf 77' lang='lat' dir='ltr'><strong>sententia²</strong></span> <span class='ocrx_word' id='word_1_176' title='bbox 765 1264 955 1310; x_wconf 87' lang='lat' dir='ltr'><strong>optineret.</strong></span> 
     </span>
    </p>

    <p class='ocr_par' dir='ltr' id='par_1_7' title="bbox 175 1309 1265 1438">
     <span class='ocr_line' id='line_1_26' title="bbox 221 1309 1265 1356; baseline -0.005 -7"><span class='ocrx_word' id='word_1_177' title='bbox 221 1309 274 1350; x_wconf 86' lang='lat'><strong>37</strong></span> <span class='ocrx_word' id='word_1_178' title='bbox 310 1310 551 1346; x_wconf 50' lang='lat' dir='ltr'><strong>Mammas</strong></span> <span class='ocrx_word' id='word_1_179' title='bbox 592 1310 684 1345; x_wconf 84' lang='lat' dir='ltr'><strong>libro</strong></span> <span class='ocrx_word' id='word_1_180' title='bbox 732 1311 837 1345; x_wconf 81' lang='lat' dir='ltr'><strong>tertio</strong></span> <span class='ocrx_word' id='word_1_181' title='bbox 877 1309 1098 1356; x_wconf 74' lang='lat' dir='ltr'><strong>diqestorum</strong></span> <span class='ocrx_word' id='word_1_182' title='bbox 1161 1309 1265 1344; x_wconf 89' lang='lat' dir='ltr'><strong>Tunc</strong></span> 
     </span>
     <span class='ocr_line' id='line_1_27' title="bbox 175 1354 1264 1400; baseline -0.003 -8"><span class='ocrx_word' id='word_1_183' title='bbox 175 1361 294 1392; x_wconf 86' lang='lat' dir='ltr'><strong>autem</strong></span> <span class='ocrx_word' id='word_1_184' title='bbox 328 1355 483 1391; x_wconf 88' lang='lat' dir='ltr'><strong>universi</strong></span> <span class='ocrx_word' id='word_1_185' title='bbox 513 1354 650 1391; x_wconf 89' lang='lat' dir='ltr'><strong>iudices</strong></span> <span class='ocrx_word' id='word_1_186' title='bbox 681 1354 935 1400; x_wconf 86' lang='lat' dir='ltr'><strong>intelleguntur</strong></span> <span class='ocrx_word' id='word_1_187' title='bbox 964 1354 1142 1397; x_wconf 89' lang='lat' dir='ltr'><strong>iudicare,</strong></span> <span class='ocrx_word' id='word_1_188' title='bbox 1184 1365 1264 1389; x_wconf 89' lang='lat' dir='ltr'><strong>cum</strong></span> 
     </span>
     <span class='ocr_line' id='line_1_28' title="bbox 176 1401 462 1438; baseline -0.01 0"><span class='ocrx_word' id='word_1_189' title='bbox 176 1412 297 1438; x_wconf 87' lang='lat' dir='ltr'><strong>omnes</strong></span> <span class='ocrx_word' id='word_1_190' title='bbox 320 1401 462 1437; x_wconf 89' lang='lat' dir='ltr'><strong>adsunt.</strong></span> 
     </span>
    </p>

    <p class='ocr_par' dir='ltr' id='par_1_8' title="bbox 221 1443 1265 1491">
     <span class='ocr_line' id='line_1_29' title="bbox 221 1443 1265 1491; baseline -0.002 -10"><span class='ocrx_word' id='word_1_191' title='bbox 221 1443 275 1485; x_wconf 90' lang='lat'><strong>38</strong></span> <span class='ocrx_word' id='word_1_192' title='bbox 301 1445 357 1481; x_wconf 73' lang='grc' dir='ltr'><strong>ΡΑ</strong></span> <span class='ocrx_word' id='word_1_193' title='bbox 364 1456 408 1481; x_wconf 77' lang='grc' dir='ltr'><strong>σι</strong></span> <span class='ocrx_word' id='word_1_194' title='bbox 415 1455 459 1481; x_wconf 80' lang='lat' dir='ltr'><strong>vs</strong></span> <span class='ocrx_word' id='word_1_195' title='bbox 478 1445 569 1481; x_wconf 77' lang='lat' dir='ltr'><strong>libro</strong></span> <span class='ocrx_word' id='word_1_196' title='bbox 586 1446 738 1491; x_wconf 81' lang='lat' dir='ltr'><strong>septimo</strong></span> <span class='ocrx_word' id='word_1_197' title='bbox 755 1445 892 1480; x_wconf 81' lang='lat' dir='ltr'><strong>decimo</strong></span> <span class='ocrx_word' id='word_1_198' title='bbox 908 1444 958 1480; x_wconf 86' lang='lat' dir='ltr'><strong>ad</strong></span> <span class='ocrx_word' id='word_1_199' title='bbox 971 1444 1125 1480; x_wconf 79' lang='lat' dir='ltr'><strong>edictum</strong></span> <span class='ocrx_word' id='word_1_200' title='bbox 1166 1443 1265 1480; x_wconf 89' lang='lat' dir='ltr'><strong>Inter</strong></span> 
     </span>
    </p>

    <p class='ocr_par' dir='ltr' id='par_1_9' title="bbox 174 1489 1266 1799">
     <span class='ocr_line' id='line_1_30' title="bbox 203 1489 1263 1528; baseline -0.003 0"><span class='ocrx_word' id='word_1_201' title='bbox 203 1503 283 1528; x_wconf 89' lang='lat' dir='ltr'><strong>ares</strong></span> <span class='ocrx_word' id='word_1_202' title='bbox 318 1501 466 1527; x_wconf 91' lang='lat' dir='ltr'><strong>numero</strong></span> <span class='ocrx_word' id='word_1_203' title='bbox 496 1490 632 1526; x_wconf 89' lang='lat' dir='ltr'><strong>iudices</strong></span> <span class='ocrx_word' id='word_1_204' title='bbox 669 1490 701 1526; x_wconf 94' lang='lat' dir='ltr'><strong>si</strong></span> <span class='ocrx_word' id='word_1_205' title='bbox 738 1489 904 1525; x_wconf 82' lang='lat' dir='ltr'><strong>dissonae</strong></span> <span class='ocrx_word' id='word_1_206' title='bbox 943 1490 1142 1526; x_wconf 88' lang='lat' dir='ltr'><strong>sententiae</strong></span> <span class='ocrx_word' id='word_1_207' title='bbox 1205 1501 1263 1525; x_wconf 89' lang='lat' dir='ltr'><strong>ro-</strong></span> 
     </span>
     <span class='ocr_line' id='line_1_31' title="bbox 175 1504 1264 1580; baseline -0.003 -7"><span class='ocrx_word' id='word_1_208' title='bbox 175 1504 354 1579; x_wconf 45' lang='lat' dir='ltr'><strong>?erantur,</strong></span> <span class='ocrx_word' id='word_1_209' title='bbox 384 1537 445 1571; x_wconf 85' lang='lat' dir='ltr'><strong>in³</strong></span> <span class='ocrx_word' id='word_1_210' title='bbox 479 1535 689 1571; x_wconf 86' lang='lat' dir='ltr'><strong>liberalibus</strong></span> <span class='ocrx_word' id='word_1_211' title='bbox 720 1534 862 1580; x_wconf 89' lang='lat' dir='ltr'><strong>quidem</strong></span> <span class='ocrx_word' id='word_1_212' title='bbox 895 1535 1032 1577; x_wconf 89' lang='lat' dir='ltr'><strong>causis,</strong></span> <span class='ocrx_word' id='word_1_213' title='bbox 1067 1545 1178 1571; x_wconf 90' lang='lat' dir='ltr'><strong>secun</strong></span> <span class='ocrx_word' id='word_1_214' title='bbox 1203 1546 1264 1570; x_wconf 91' lang='lat' dir='ltr'><strong>um</strong></span> 
     </span>
     <span class='ocr_line' id='line_1_32' title="bbox 175 1580 1263 1628; baseline -0.002 -10"><span class='ocrx_word' id='word_1_215' title='bbox 175 1583 272 1628; x_wconf 89' lang='lat' dir='ltr'><strong>quod</strong></span> <span class='ocrx_word' id='word_1_216' title='bbox 295 1593 317 1618; x_wconf 92' lang='lat' dir='ltr'><strong>a</strong></span> <span class='ocrx_word' id='word_1_217' title='bbox 340 1581 421 1617; x_wconf 84' lang='lat' dir='ltr'><strong>divo</strong></span> <span class='ocrx_word' id='word_1_218' title='bbox 444 1580 510 1616; x_wconf 90' lang='lat' dir='ltr'><strong>Pio</strong></span> <span class='ocrx_word' id='word_1_219' title='bbox 543 1580 779 1617; x_wconf 88' lang='lat' dir='ltr'><strong>constitutum</strong></span> <span class='ocrx_word' id='word_1_220' title='bbox 804 1584 875 1623; x_wconf 88' lang='lat' dir='ltr'><strong>est,</strong></span> <span class='ocrx_word' id='word_1_221' title='bbox 911 1591 977 1625; x_wconf 91' lang='lat' dir='ltr'><strong>pro</strong></span> <span class='ocrx_word' id='word_1_222' title='bbox 1000 1580 1167 1616; x_wconf 89' lang='lat' dir='ltr'><strong>libertate</strong></span> <span class='ocrx_word' id='word_1_223' title='bbox 1191 1585 1263 1616; x_wconf 89' lang='lat' dir='ltr'><strong>sta-</strong></span> 
     </span>
     <span class='ocr_line' id='line_1_33' title="bbox 174 1625 1266 1678; baseline -0.002 -15"><span class='ocrx_word' id='word_1_224' title='bbox 174 1632 292 1663; x_wconf 87' lang='lat' dir='ltr'><strong>tutum</strong></span> <span class='ocrx_word' id='word_1_225' title='bbox 315 1627 469 1673; x_wconf 87' lang='lat' dir='ltr'><strong>optinet,</strong></span> <span class='ocrx_word' id='word_1_226' title='bbox 501 1626 540 1661; x_wconf 89' lang='lat' dir='ltr'><strong>in</strong></span> <span class='ocrx_word' id='word_1_227' title='bbox 563 1626 641 1661; x_wconf 91' lang='lat' dir='ltr'><strong>aliis</strong></span> <span class='ocrx_word' id='word_1_228' title='bbox 665 1629 786 1661; x_wconf 91' lang='lat' dir='ltr'><strong>autem</strong></span> <span class='ocrx_word' id='word_1_229' title='bbox 810 1625 928 1661; x_wconf 80' lang='lat' dir='ltr'><strong>causis</strong></span> <span class='ocrx_word' id='word_1_230' title='bbox 959 1636 1026 1671; x_wconf 91' lang='lat' dir='ltr'><strong>pro</strong></span> <span class='ocrx_word' id='word_1_231' title='bbox 1048 1636 1122 1661; x_wconf 91' lang='lat' dir='ltr'><strong>reo.</strong></span> <span class='ocrx_word' id='word_1_232' title='bbox 1170 1625 1266 1678; x_wconf 79' lang='lat' dir='ltr'><strong>quod</strong></span> 
     </span>
     <span class='ocr_line' id='line_1_34' title="bbox 181 1670 1264 1723; baseline -0.002 -15"><span class='ocrx_word' id='word_1_233' title='bbox 181 1677 191 1707; x_wconf 81' lang='lat' dir='ltr'><strong>l</strong></span> <span class='ocrx_word' id='word_1_234' title='bbox 243 1677 280 1708; x_wconf 84' lang='lat' dir='ltr'><strong>et</strong></span> <span class='ocrx_word' id='word_1_235' title='bbox 301 1673 340 1707; x_wconf 89' lang='lat' dir='ltr'><strong>in</strong></span> <span class='ocrx_word' id='word_1_236' title='bbox 361 1672 500 1707; x_wconf 90' lang='lat' dir='ltr'><strong>iudiciis</strong></span> <span class='ocrx_word' id='word_1_237' title='bbox 524 1671 678 1716; x_wconf 90' lang='lat' dir='ltr'><strong>publicis</strong></span> <span class='ocrx_word' id='word_1_238' title='bbox 702 1681 722 1706; x_wconf 94' lang='lat' dir='ltr'><strong>o</strong></span> <span class='ocrx_word' id='word_1_239' title='bbox 750 1671 864 1706; x_wconf 87' lang='lat' dir='ltr'><strong>tinere</strong></span> <span class='ocrx_word' id='word_1_240' title='bbox 887 1674 1039 1723; x_wconf 82' lang='lat' dir='ltr'><strong>oportet.</strong></span> <span class='ocrx_word' id='word_1_241' title='bbox 1089 1671 1127 1706; x_wconf 85' lang='lat' dir='ltr'><strong>Si</strong></span> <span class='ocrx_word' id='word_1_242' title='bbox 1150 1670 1264 1706; x_wconf 79' lang='lat' dir='ltr'><strong>dlver·</strong></span> 
     </span>
     <span class='ocr_line' id='line_1_35' title="bbox 175 1716 1264 1762; baseline -0.003 -8"><span class='ocrx_word' id='word_1_243' title='bbox 175 1718 224 1754; x_wconf 91' lang='lat' dir='ltr'><strong>sis</strong></span> <span class='ocrx_word' id='word_1_244' title='bbox 243 1717 391 1753; x_wconf 83' lang='lat' dir='ltr'><strong>summis</strong></span> <span class='ocrx_word' id='word_1_245' title='bbox 411 1717 648 1753; x_wconf 85' lang='lat' dir='ltr'><strong>condemnent</strong></span> <span class='ocrx_word' id='word_1_246' title='bbox 666 1716 704 1751; x_wconf 93' lang='lat' dir='ltr'><strong>iu</strong></span> <span class='ocrx_word' id='word_1_247' title='bbox 744 1726 814 1759; x_wconf 89' lang='lat' dir='ltr'><strong>ces,</strong></span> <span class='ocrx_word' id='word_1_248' title='bbox 835 1716 1014 1751; x_wconf 78' lang='lat' dir='ltr'><strong>minimam</strong></span> <span class='ocrx_word' id='word_1_249' title='bbox 1033 1716 1264 1762; x_wconf 82' lang='lat' dir='ltr'><strong>spectandam</strong></span> 
     </span>
     <span class='ocr_line' id='line_1_36' title="bbox 175 1761 595 1799; baseline -0.007 0"><span class='ocrx_word' id='word_1_250' title='bbox 175 1773 254 1799; x_wconf 88' lang='lat' dir='ltr'><strong>esse</strong></span> <span class='ocrx_word' id='word_1_251' title='bbox 276 1763 436 1798; x_wconf 90' lang='lat' dir='ltr'><strong>Iulianus</strong></span> <span class='ocrx_word' id='word_1_252' title='bbox 459 1761 595 1798; x_wconf 87' lang='lat' dir='ltr'><strong>scribit.</strong></span> 
     </span>
    </p>

    <p class='ocr_par' dir='ltr' id='par_1_10' title="bbox 174 1805 1266 2026">
     <span class='ocr_line' id='line_1_37' title="bbox 221 1805 1264 1853; baseline -0.005 -8"><span class='ocrx_word' id='word_1_253' title='bbox 221 1805 276 1846; x_wconf 87' lang='lat'><strong>39</strong></span> <span class='ocrx_word' id='word_1_254' title='bbox 303 1808 448 1844; x_wconf 69' lang='lat' dir='ltr'><strong>Casas</strong></span> <span class='ocrx_word' id='word_1_255' title='bbox 468 1807 558 1843; x_wconf 82' lang='lat' dir='ltr'><strong>libro</strong></span> <span class='ocrx_word' id='word_1_256' title='bbox 583 1807 688 1842; x_wconf 80' lang='lat' dir='ltr'><strong>tertio</strong></span> <span class='ocrx_word' id='word_1_257' title='bbox 711 1806 931 1853; x_wconf 70' lang='lat' dir='ltr'><strong>dioestorum</strong></span> <span class='ocrx_word' id='word_1_258' title='bbox 974 1806 1056 1841; x_wconf 91' lang='lat' dir='ltr'><strong>Duo</strong></span> <span class='ocrx_word' id='word_1_259' title='bbox 1081 1815 1127 1840; x_wconf 89' lang='lat' dir='ltr'><strong>ex</strong></span> <span class='ocrx_word' id='word_1_260' title='bbox 1148 1805 1264 1840; x_wconf 88' lang='lat' dir='ltr'><strong>tribus</strong></span> 
     </span>
     <span class='ocr_line' id='line_1_38' title="bbox 174 1850 1265 1897; baseline -0.003 -8"><span class='ocrx_word' id='word_1_261' title='bbox 174 1853 351 1889; x_wconf 90' lang='lat' dir='ltr'><strong>iudicibus</strong></span> <span class='ocrx_word' id='word_1_262' title='bbox 375 1863 447 1888; x_wconf 90' lang='lat' dir='ltr'><strong>uno</strong></span> <span class='ocrx_word' id='word_1_263' title='bbox 471 1853 621 1888; x_wconf 87' lang='lat' dir='ltr'><strong>absente</strong></span> <span class='ocrx_word' id='word_1_264' title='bbox 642 1851 803 1887; x_wconf 90' lang='lat' dir='ltr'><strong>iudicare</strong></span> <span class='ocrx_word' id='word_1_265' title='bbox 834 1862 907 1887; x_wconf 91' lang='lat' dir='ltr'><strong>non</strong></span> <span class='ocrx_word' id='word_1_266' title='bbox 930 1854 1100 1897; x_wconf 90' lang='lat' dir='ltr'><strong>possunt,</strong></span> <span class='ocrx_word' id='word_1_267' title='bbox 1133 1850 1265 1896; x_wconf 90' lang='lat' dir='ltr'><strong>quippe</strong></span> 
     </span>
     <span class='ocr_line' id='line_1_39' title="bbox 176 1896 1266 1935; baseline -0.004 -1"><span class='ocrx_word' id='word_1_268' title='bbox 176 1909 298 1935; x_wconf 91' lang='lat' dir='ltr'><strong>omnes</strong></span> <span class='ocrx_word' id='word_1_269' title='bbox 327 1898 488 1934; x_wconf 90' lang='lat' dir='ltr'><strong>iudicare</strong></span> <span class='ocrx_word' id='word_1_270' title='bbox 516 1897 604 1933; x_wconf 90' lang='lat' dir='ltr'><strong>iussi</strong></span> <span class='ocrx_word' id='word_1_271' title='bbox 639 1901 734 1932; x_wconf 89' lang='lat' dir='ltr'><strong>sunt.</strong></span> <span class='ocrx_word' id='word_1_272' title='bbox 790 1897 853 1932; x_wconf 90' lang='lat' dir='ltr'><strong>sed</strong></span> <span class='ocrx_word' id='word_1_273' title='bbox 885 1897 915 1932; x_wconf 91' lang='lat' dir='ltr'><strong>si</strong></span> <span class='ocrx_word' id='word_1_274' title='bbox 947 1896 1041 1932; x_wconf 87' lang='lat' dir='ltr'><strong>adsit</strong></span> <span class='ocrx_word' id='word_1_275' title='bbox 1071 1900 1109 1931; x_wconf 89' lang='lat' dir='ltr'><strong>et</strong></span> <span class='ocrx_word' id='word_1_276' title='bbox 1139 1900 1266 1931; x_wconf 88' lang='lat' dir='ltr'><strong>contra</strong></span> 
     </span>
     <span class='ocr_line' id='line_1_40' title="bbox 175 1941 1264 1987; baseline -0.004 -7"><span class='ocrx_word' id='word_1_277' title='bbox 175 1944 326 1987; x_wconf 84' lang='lat' dir='ltr'><strong>sentiat,</strong></span> <span class='ocrx_word' id='word_1_278' title='bbox 355 1947 475 1980; x_wconf 90' lang='lat' dir='ltr'><strong>statur</strong></span> <span class='ocrx_word' id='word_1_279' title='bbox 498 1942 652 1978; x_wconf 92' lang='lat' dir='ltr'><strong>duorum</strong></span> <span class='ocrx_word' id='word_1_280' title='bbox 674 1943 888 1978; x_wconf 85' lang='lat' dir='ltr'><strong>sententiae:</strong></span> <span class='ocrx_word' id='word_1_281' title='bbox 923 1942 1008 1987; x_wconf 90' lang='lat' dir='ltr'><strong>quid</strong></span> <span class='ocrx_word' id='word_1_282' title='bbox 1031 1941 1124 1976; x_wconf 88' lang='lat' dir='ltr'><strong>enim</strong></span> <span class='ocrx_word' id='word_1_283' title='bbox 1148 1941 1264 1976; x_wconf 88' lang='lat' dir='ltr'><strong>minus</strong></span> 
     </span>
     <span class='ocr_line' id='line_1_41' title="bbox 175 1988 750 2026; baseline -0.005 0"><span class='ocrx_word' id='word_1_284' title='bbox 175 2000 298 2026; x_wconf 82' lang='lat' dir='ltr'><strong>verum</strong></span> <span class='ocrx_word' id='word_1_285' title='bbox 321 1993 377 2025; x_wconf 93' lang='lat' dir='ltr'><strong>est</strong></span> <span class='ocrx_word' id='word_1_286' title='bbox 399 1998 522 2025; x_wconf 89' lang='lat' dir='ltr'><strong>omnes</strong></span> <span class='ocrx_word' id='word_1_287' title='bbox 545 1988 750 2023; x_wconf 78' lang='lat' dir='ltr'><strong>iudicasse?</strong></span> 
     </span>
    </p>

    <p class='ocr_par' dir='ltr' id='par_1_11' title="bbox 175 2032 1265 2217">
     <span class='ocr_line' id='line_1_42' title="bbox 222 2032 1265 2079; baseline -0.006 -7"><span class='ocrx_word' id='word_1_288' title='bbox 222 2033 276 2072; x_wconf 89' lang='grc'><strong>40</strong></span> <span class='ocrx_word' id='word_1_289' title='bbox 309 2034 554 2070; x_wconf 68' lang='grc' dir='ltr'><em>ΡΑΡΙΝΙΔΝυε</em></span> <span class='ocrx_word' id='word_1_290' title='bbox 582 2033 672 2068; x_wconf 76' lang='lat' dir='ltr'><strong>libro</strong></span> <span class='ocrx_word' id='word_1_291' title='bbox 697 2033 834 2069; x_wconf 80' lang='lat' dir='ltr'><strong>decimo</strong></span> <span class='ocrx_word' id='word_1_292' title='bbox 857 2042 1113 2079; x_wconf 80' lang='lat' dir='ltr'><strong>responsorum</strong></span> <span class='ocrx_word' id='word_1_293' title='bbox 1161 2032 1265 2067; x_wconf 89' lang='lat' dir='ltr'><strong>Com-</strong></span> 
     </span>
     <span class='ocr_line' id='line_1_43' title="bbox 175 2080 1265 2125; baseline -0.004 -9"><span class='ocrx_word' id='word_1_294' title='bbox 175 2080 289 2116; x_wconf 86' lang='lat' dir='ltr'><strong>modis</strong></span> <span class='ocrx_word' id='word_1_295' title='bbox 327 2080 584 2125; x_wconf 89' lang='lat' dir='ltr'><strong>praemiorum,</strong></span> <span class='ocrx_word' id='word_1_296' title='bbox 628 2088 720 2123; x_wconf 88' lang='lat' dir='ltr'><strong>quae</strong></span> <span class='ocrx_word' id='word_1_297' title='bbox 784 2081 908 2123; x_wconf 88' lang='lat' dir='ltr'><strong>ropter</strong></span> <span class='ocrx_word' id='word_1_298' title='bbox 951 2087 1104 2113; x_wconf 90' lang='lat' dir='ltr'><strong>coronas</strong></span> <span class='ocrx_word' id='word_1_299' title='bbox 1141 2087 1265 2113; x_wconf 90' lang='lat' dir='ltr'><strong>sacras</strong></span> 
     </span>
     <span class='ocr_line' id='line_1_44' title="bbox 175 2121 1264 2171; baseline -0.003 -11"><span class='ocrx_word' id='word_1_300' title='bbox 175 2128 423 2171; x_wconf 86' lang='lat' dir='ltr'><strong>praestantur,</strong></span> <span class='ocrx_word' id='word_1_301' title='bbox 460 2124 696 2159; x_wconf 87' lang='lat' dir='ltr'><strong>condemnato</strong></span> <span class='ocrx_word' id='word_1_302' title='bbox 734 2134 758 2168; x_wconf 92' lang='lat' dir='ltr'><strong>p</strong></span> <span class='ocrx_word' id='word_1_303' title='bbox 797 2123 872 2158; x_wconf 90' lang='lat' dir='ltr'><strong>cuit</strong></span> <span class='ocrx_word' id='word_1_304' title='bbox 908 2121 1073 2158; x_wconf 87' lang='lat' dir='ltr'><strong>interdici</strong></span> <span class='ocrx_word' id='word_1_305' title='bbox 1112 2125 1149 2158; x_wconf 93' lang='lat' dir='ltr'><strong>et</strong></span> <span class='ocrx_word' id='word_1_306' title='bbox 1186 2133 1264 2158; x_wconf 90' lang='lat' dir='ltr'><strong>eam</strong></span> 
     </span>
     <span class='ocr_line' id='line_1_45' title="bbox 175 2167 1163 2217; baseline -0.003 -11"><span class='ocrx_word' id='word_1_307' title='bbox 175 2170 366 2217; x_wconf 89' lang='lat' dir='ltr'><strong>pecuniam</strong></span> <span class='ocrx_word' id='word_1_308' title='bbox 387 2170 465 2205; x_wconf 89' lang='lat' dir='ltr'><strong>iure</strong></span> <span class='ocrx_word' id='word_1_309' title='bbox 487 2169 646 2214; x_wconf 87' lang='lat' dir='ltr'><strong>pignoris</strong></span> <span class='ocrx_word' id='word_1_310' title='bbox 668 2169 707 2204; x_wconf 91' lang='lat' dir='ltr'><strong>in</strong></span> <span class='ocrx_word' id='word_1_311' title='bbox 730 2178 878 2204; x_wconf 90' lang='lat' dir='ltr'><strong>causam</strong></span> <span class='ocrx_word' id='word_1_312' title='bbox 899 2167 1047 2203; x_wconf 90' lang='lat' dir='ltr'><strong>iudicati</strong></span> <span class='ocrx_word' id='word_1_313' title='bbox 1070 2168 1163 2213; x_wconf 90' lang='lat' dir='ltr'><strong>capi.</strong></span> 
     </span>
    </p>

    <p class='ocr_par' dir='ltr' id='par_1_12' title="bbox 175 2213 1266 2891">
     <span class='ocr_line' id='line_1_46' title="bbox 222 2213 1264 2260; baseline -0.003 -9"><span class='ocrx_word' id='word_1_314' title='bbox 222 2215 273 2252; x_wconf 86' lang='lat'><strong>41</strong></span> <span class='ocrx_word' id='word_1_315' title='bbox 311 2214 470 2250; x_wconf 76' lang='lat' dir='ltr'><strong>PAULUs</strong></span> <span class='ocrx_word' id='word_1_316' title='bbox 509 2214 600 2250; x_wconf 84' lang='lat' dir='ltr'><strong>libro</strong></span> <span class='ocrx_word' id='word_1_317' title='bbox 641 2214 797 2260; x_wconf 74' lang='lat' dir='ltr'><strong>quarto⁴</strong></span> <span class='ocrx_word' id='word_1_318' title='bbox 837 2213 974 2248; x_wconf 80' lang='lat' dir='ltr'><strong>decimo</strong></span> <span class='ocrx_word' id='word_1_319' title='bbox 1015 2214 1264 2259; x_wconf 79' lang='lat' dir='ltr'><strong>quaestionum</strong></span> 
     </span>
     <span class='ocr_line' id='line_1_47' title="bbox 176 2258 1264 2305; baseline -0.003 -9"><span class='ocrx_word' id='word_1_320' title='bbox 176 2260 402 2296; x_wconf 82' lang='lat' dir='ltr'><strong>Nesennius⁶</strong></span> <span class='ocrx_word' id='word_1_321' title='bbox 425 2259 659 2305; x_wconf 86' lang='lat' dir='ltr'><strong>Apollinaris:</strong></span> <span class='ocrx_word' id='word_1_322' title='bbox 692 2259 723 2294; x_wconf 91' lang='lat' dir='ltr'><strong>si</strong></span> <span class='ocrx_word' id='word_1_323' title='bbox 753 2263 790 2295; x_wconf 85' lang='lat' dir='ltr'><strong>te</strong></span> <span class='ocrx_word' id='word_1_324' title='bbox 821 2258 1037 2294; x_wconf 88' lang='lat' dir='ltr'><strong>donaturum</strong></span> <span class='ocrx_word' id='word_1_325' title='bbox 1059 2258 1147 2293; x_wconf 90' lang='lat' dir='ltr'><strong>mihi</strong></span> <span class='ocrx_word' id='word_1_326' title='bbox 1170 2258 1264 2294; x_wconf 89' lang='lat' dir='ltr'><strong>dele·</strong></span> 
     </span>
     <span class='ocr_line' id='line_1_48' title="bbox 175 2303 1266 2351; baseline -0.004 -9"><span class='ocrx_word' id='word_1_327' title='bbox 175 2316 306 2351; x_wconf 88' lang='lat' dir='ltr'><strong>gavero</strong></span> <span class='ocrx_word' id='word_1_328' title='bbox 328 2305 499 2341; x_wconf 87' lang='lat' dir='ltr'><strong>creditori</strong></span> <span class='ocrx_word' id='word_1_329' title='bbox 516 2314 608 2347; x_wconf 91' lang='lat' dir='ltr'><strong>meo,</strong></span> <span class='ocrx_word' id='word_1_330' title='bbox 624 2314 672 2339; x_wconf 91' lang='lat' dir='ltr'><strong>an</strong></span> <span class='ocrx_word' id='word_1_331' title='bbox 688 2304 726 2339; x_wconf 91' lang='lat' dir='ltr'><strong>in</strong></span> <span class='ocrx_word' id='word_1_332' title='bbox 743 2303 896 2339; x_wconf 91' lang='lat' dir='ltr'><strong>solidum</strong></span> <span class='ocrx_word' id='word_1_333' title='bbox 913 2303 1175 2339; x_wconf 88' lang='lat' dir='ltr'><strong>conveniendus</strong></span> <span class='ocrx_word' id='word_1_334' title='bbox 1190 2303 1266 2339; x_wconf 81' lang='lat' dir='ltr'><strong>sis?</strong></span> 
     </span>
     <span class='ocr_line' id='line_1_49' title="bbox 177 2347 1263 2393; baseline -0.004 -6"><span class='ocrx_word' id='word_1_335' title='bbox 177 2356 213 2387; x_wconf 92' lang='lat' dir='ltr'><strong>et</strong></span> <span class='ocrx_word' id='word_1_336' title='bbox 235 2351 291 2387; x_wconf 85' lang='lat' dir='ltr'><strong>si⁶</strong></span> <span class='ocrx_word' id='word_1_337' title='bbox 313 2351 352 2386; x_wconf 92' lang='lat' dir='ltr'><strong>in</strong></span> <span class='ocrx_word' id='word_1_338' title='bbox 376 2350 529 2386; x_wconf 90' lang='lat' dir='ltr'><strong>solidum</strong></span> <span class='ocrx_word' id='word_1_339' title='bbox 553 2349 835 2392; x_wconf 87' lang='lat' dir='ltr'><strong>conveniendus,</strong></span> <span class='ocrx_word' id='word_1_340' title='bbox 866 2359 914 2384; x_wconf 91' lang='lat' dir='ltr'><strong>an</strong></span> <span class='ocrx_word' id='word_1_341' title='bbox 943 2347 1120 2384; x_wconf 85' lang='lat' dir='ltr'><strong>diversum</strong></span> <span class='ocrx_word' id='word_1_342' title='bbox 1147 2352 1263 2393; x_wconf 90' lang='lat' dir='ltr'><strong>putes,</strong></span> 
     </span>
     <span class='ocr_line' id='line_1_50' title="bbox 177 2393 1263 2437; baseline -0.003 -6"><span class='ocrx_word' id='word_1_343' title='bbox 177 2397 207 2432; x_wconf 90' lang='lat' dir='ltr'><strong>si</strong></span> <span class='ocrx_word' id='word_1_344' title='bbox 238 2407 311 2432; x_wconf 91' lang='lat' dir='ltr'><strong>non</strong></span> <span class='ocrx_word' id='word_1_345' title='bbox 341 2395 510 2431; x_wconf 86' lang='lat' dir='ltr'><strong>creditori</strong></span> <span class='ocrx_word' id='word_1_346' title='bbox 536 2405 633 2436; x_wconf 89' lang='lat' dir='ltr'><strong>meo,</strong></span> <span class='ocrx_word' id='word_1_347' title='bbox 666 2394 730 2430; x_wconf 89' lang='lat' dir='ltr'><strong>sed</strong></span> <span class='ocrx_word' id='word_1_348' title='bbox 752 2394 805 2437; x_wconf 91' lang='lat' dir='ltr'><strong>ei,</strong></span> <span class='ocrx_word' id='word_1_349' title='bbox 838 2395 897 2429; x_wconf 91' lang='lat' dir='ltr'><strong>cui</strong></span> <span class='ocrx_word' id='word_1_350' title='bbox 929 2393 1063 2429; x_wconf 87' lang='lat' dir='ltr'><strong>donare</strong></span> <span class='ocrx_word' id='word_1_351' title='bbox 1090 2394 1263 2435; x_wconf 86' lang='lat' dir='ltr'><strong>volebam,</strong></span> 
     </span>
     <span class='ocr_line' id='line_1_51' title="bbox 177 2439 1265 2486; baseline -0.003 -9"><span class='ocrx_word' id='word_1_352' title='bbox 177 2447 213 2477; x_wconf 91' lang='lat' dir='ltr'><strong>te</strong></span> <span class='ocrx_word' id='word_1_353' title='bbox 237 2441 471 2486; x_wconf 82' lang='lat' dir='ltr'><strong>delegavero?</strong></span> <span class='ocrx_word' id='word_1_354' title='bbox 503 2444 540 2475; x_wconf 91' lang='lat' dir='ltr'><strong>et</strong></span> <span class='ocrx_word' id='word_1_355' title='bbox 563 2440 649 2485; x_wconf 88' lang='lat' dir='ltr'><strong>quid</strong></span> <span class='ocrx_word' id='word_1_356' title='bbox 673 2439 717 2475; x_wconf 92' lang='lat' dir='ltr'><strong>de</strong></span> <span class='ocrx_word' id='word_1_357' title='bbox 741 2449 802 2482; x_wconf 92' lang='lat' dir='ltr'><strong>eo,</strong></span> <span class='ocrx_word' id='word_1_358' title='bbox 836 2439 899 2484; x_wconf 91' lang='lat' dir='ltr'><strong>qui</strong></span> <span class='ocrx_word' id='word_1_359' title='bbox 920 2450 986 2485; x_wconf 90' lang='lat' dir='ltr'><strong>pro</strong></span> <span class='ocrx_word' id='word_1_360' title='bbox 1009 2439 1173 2482; x_wconf 89' lang='lat' dir='ltr'><strong>muliere,</strong></span> <span class='ocrx_word' id='word_1_361' title='bbox 1206 2439 1265 2474; x_wconf 91' lang='lat' dir='ltr'><strong>cui</strong></span> 
     </span>
     <span class='ocr_line' id='line_1_52' title="bbox 177 2484 1263 2530; baseline -0.003 -8"><span class='ocrx_word' id='word_1_362' title='bbox 177 2487 312 2523; x_wconf 88' lang='lat' dir='ltr'><strong>donare</strong></span> <span class='ocrx_word' id='word_1_363' title='bbox 329 2485 472 2522; x_wconf 88' lang='lat' dir='ltr'><strong>volebat</strong></span> <span class='ocrx_word' id='word_1_364' title='bbox 481 2487 506 2527; x_wconf 95' lang='lat'><strong>⁷,</strong></span> <span class='ocrx_word' id='word_1_365' title='bbox 531 2486 659 2521; x_wconf 88' lang='lat' dir='ltr'><strong>marito</strong></span> <span class='ocrx_word' id='word_1_366' title='bbox 683 2485 760 2521; x_wconf 89' lang='lat' dir='ltr'><strong>eius</strong></span> <span class='ocrx_word' id='word_1_367' title='bbox 787 2485 907 2520; x_wconf 90' lang='lat' dir='ltr'><strong>dotem</strong></span> <span class='ocrx_word' id='word_1_368' title='bbox 929 2484 1157 2530; x_wconf 82' lang='lat' dir='ltr'><strong>promiserit?</strong></span> <span class='ocrx_word' id='word_1_369' title='bbox 1188 2495 1263 2520; x_wconf 89' lang='lat' dir='ltr'><strong>res·</strong></span> 
     </span>
     <span class='ocr_line' id='line_1_53' title="bbox 176 2530 1263 2612; baseline -0.003 -45"><span class='ocrx_word' id='word_1_370' title='bbox 176 2531 320 2612; x_wconf 59' lang='lat' dir='ltr'><strong>pondit:</strong></span> <span class='ocrx_word' id='word_1_371' title='bbox 368 2531 468 2566; x_wconf 89' lang='lat' dir='ltr'><strong>nulla</strong></span> <span class='ocrx_word' id='word_1_372' title='bbox 508 2530 663 2566; x_wconf 84' lang='lat' dir='ltr'><strong>creditor</strong></span> <span class='ocrx_word' id='word_1_373' title='bbox 703 2530 913 2575; x_wconf 88' lang='lat' dir='ltr'><strong>exceptione</strong></span> <span class='ocrx_word' id='word_1_374' title='bbox 951 2531 1263 2572; x_wconf 83' lang='lat' dir='ltr'><strong>summoveretur⁸,</strong></span> 
     </span>
     <span class='ocr_line' id='line_1_54' title="bbox 191 2574 1264 2621; baseline -0.001 -9"><span class='ocrx_word' id='word_1_375' title='bbox 191 2578 260 2613; x_wconf 89' lang='lat' dir='ltr'><strong>&#39;cet</strong></span> <span class='ocrx_word' id='word_1_376' title='bbox 287 2577 337 2619; x_wconf 91' lang='lat' dir='ltr'><strong>is,</strong></span> <span class='ocrx_word' id='word_1_377' title='bbox 375 2577 436 2621; x_wconf 88' lang='lat' dir='ltr'><strong>qui</strong></span> <span class='ocrx_word' id='word_1_378' title='bbox 466 2576 501 2611; x_wconf 89' lang='lat' dir='ltr'><strong>ei</strong></span> <span class='ocrx_word' id='word_1_379' title='bbox 532 2576 716 2621; x_wconf 88' lang='lat' dir='ltr'><strong>delegatus</strong></span> <span class='ocrx_word' id='word_1_380' title='bbox 748 2580 821 2618; x_wconf 91' lang='lat' dir='ltr'><strong>est,</strong></span> <span class='ocrx_word' id='word_1_381' title='bbox 856 2575 988 2621; x_wconf 91' lang='lat' dir='ltr'><strong>poterit</strong></span> <span class='ocrx_word' id='word_1_382' title='bbox 1019 2575 1073 2610; x_wconf 88' lang='lat' dir='ltr'><strong>uti</strong></span> <span class='ocrx_word' id='word_1_383' title='bbox 1095 2574 1264 2611; x_wconf 88' lang='lat' dir='ltr'><strong>adversus</strong></span> 
     </span>
     <span class='ocr_line' id='line_1_55' title="bbox 177 2620 1264 2666; baseline -0.001 -9"><span class='ocrx_word' id='word_1_384' title='bbox 177 2632 275 2665; x_wconf 91' lang='lat' dir='ltr'><strong>eum,</strong></span> <span class='ocrx_word' id='word_1_385' title='bbox 300 2621 404 2657; x_wconf 90' lang='lat' dir='ltr'><strong>cuius</strong></span> <span class='ocrx_word' id='word_1_386' title='bbox 426 2621 570 2657; x_wconf 90' lang='lat' dir='ltr'><strong>nomine</strong></span> <span class='ocrx_word' id='word_1_387' title='bbox 592 2621 771 2666; x_wconf 85' lang='lat' dir='ltr'><strong>promisit:</strong></span> <span class='ocrx_word' id='word_1_388' title='bbox 797 2620 856 2656; x_wconf 89' lang='lat' dir='ltr'><strong>cui</strong></span> <span class='ocrx_word' id='word_1_389' title='bbox 880 2620 1002 2656; x_wconf 88' lang='lat' dir='ltr'><strong>similis</strong></span> <span class='ocrx_word' id='word_1_390' title='bbox 1026 2624 1082 2656; x_wconf 92' lang='lat' dir='ltr'><strong>est</strong></span> <span class='ocrx_word' id='word_1_391' title='bbox 1104 2620 1264 2664; x_wconf 87' lang='lat' dir='ltr'><strong>maritus,</strong></span> 
     </span>
     <span class='ocr_line' id='line_1_56' title="bbox 178 2665 1266 2711; baseline -0.002 -9"><span class='ocrx_word' id='word_1_392' title='bbox 178 2667 330 2702; x_wconf 85' lang='lat' dir='ltr'><strong>maxime</strong></span> <span class='ocrx_word' id='word_1_393' title='bbox 367 2667 398 2702; x_wconf 92' lang='lat' dir='ltr'><strong>si</strong></span> <span class='ocrx_word' id='word_1_394' title='bbox 438 2670 627 2702; x_wconf 86' lang='lat' dir='ltr'><strong>constante</strong></span> <span class='ocrx_word' id='word_1_395' title='bbox 664 2665 888 2701; x_wconf 89' lang='lat' dir='ltr'><strong>matrimonio</strong></span> <span class='ocrx_word' id='word_1_396' title='bbox 932 2669 1043 2711; x_wconf 88' lang='lat' dir='ltr'><strong>petat.</strong></span> <span class='ocrx_word' id='word_1_397' title='bbox 1103 2670 1138 2700; x_wconf 87' lang='lat' dir='ltr'><strong>et</strong></span> <span class='ocrx_word' id='word_1_398' title='bbox 1173 2665 1266 2701; x_wconf 88' lang='lat' dir='ltr'><strong>sicut</strong></span> 
     </span>
     <span class='ocr_line' id='line_1_57' title="bbox 178 2710 1265 2756; baseline -0.001 -9"><span class='ocrx_word' id='word_1_399' title='bbox 178 2713 281 2747; x_wconf 90' lang='lat' dir='ltr'><strong>heres</strong></span> <span class='ocrx_word' id='word_1_400' title='bbox 305 2711 490 2748; x_wconf 86' lang='lat' dir='ltr'><strong>donatoris</strong></span> <span class='ocrx_word' id='word_1_401' title='bbox 512 2712 551 2747; x_wconf 92' lang='lat' dir='ltr'><strong>in</strong></span> <span class='ocrx_word' id='word_1_402' title='bbox 573 2711 725 2747; x_wconf 91' lang='lat' dir='ltr'><strong>solidum</strong></span> <span class='ocrx_word' id='word_1_403' title='bbox 745 2710 1003 2746; x_wconf 90' lang='lat' dir='ltr'><strong>condemnatur</strong></span> <span class='ocrx_word' id='word_1_404' title='bbox 1026 2714 1061 2746; x_wconf 90' lang='lat' dir='ltr'><strong>et</strong></span> <span class='ocrx_word' id='word_1_405' title='bbox 1084 2711 1162 2756; x_wconf 93' lang='lat' dir='ltr'><strong>ipse</strong></span> <span class='ocrx_word' id='word_1_406' title='bbox 1177 2710 1265 2746; x_wconf 88' lang='lat' dir='ltr'><strong>fide-</strong></span> 
     </span>
     <span class='ocr_line' id='line_1_58' title="bbox 177 2755 1264 2800; baseline -0.003 -7"><span class='ocrx_word' id='word_1_407' title='bbox 177 2758 313 2799; x_wconf 90' lang='lat' dir='ltr'><strong>iussor,</strong></span> <span class='ocrx_word' id='word_1_408' title='bbox 373 2767 454 2793; x_wconf 91' lang='lat' dir='ltr'><strong>uem</strong></span> <span class='ocrx_word' id='word_1_409' title='bbox 483 2758 521 2792; x_wconf 91' lang='lat' dir='ltr'><strong>in</strong></span> <span class='ocrx_word' id='word_1_410' title='bbox 548 2755 714 2792; x_wconf 88' lang='lat' dir='ltr'><strong>donando</strong></span> <span class='ocrx_word' id='word_1_411' title='bbox 739 2756 918 2800; x_wconf 86' lang='lat' dir='ltr'><strong>adhibuit,</strong></span> <span class='ocrx_word' id='word_1_412' title='bbox 950 2756 1003 2791; x_wconf 88' lang='lat' dir='ltr'><strong>ita</strong></span> <span class='ocrx_word' id='word_1_413' title='bbox 1026 2756 1086 2790; x_wconf 82' lang='lat' dir='ltr'><strong>et⁹</strong></span> <span class='ocrx_word' id='word_1_414' title='bbox 1120 2756 1170 2798; x_wconf 94' lang='lat' dir='ltr'><strong>ei,</strong></span> <span class='ocrx_word' id='word_1_415' title='bbox 1208 2757 1264 2791; x_wconf 90' lang='lat' dir='ltr'><strong>cui</strong></span> 
     </span>
     <span class='ocr_line' id='line_1_59' title="bbox 182 2800 1264 2843; baseline -0.001 -6"><span class='ocrx_word' id='word_1_416' title='bbox 182 2807 195 2837; x_wconf 92' lang='lat'>1</span> <span class='ocrx_word' id='word_1_417' title='bbox 246 2812 319 2837; x_wconf 89' lang='lat' dir='ltr'><strong>non</strong></span> <span class='ocrx_word' id='word_1_418' title='bbox 369 2802 505 2843; x_wconf 88' lang='lat' dir='ltr'><strong>onavit,</strong></span> <span class='ocrx_word' id='word_1_419' title='bbox 538 2802 575 2837; x_wconf 90' lang='lat' dir='ltr'><strong>in</strong></span> <span class='ocrx_word' id='word_1_420' title='bbox 605 2801 759 2837; x_wconf 88' lang='lat' dir='ltr'><strong>solidum</strong></span> <span class='ocrx_word' id='word_1_421' title='bbox 783 2801 1051 2837; x_wconf 87' lang='lat' dir='ltr'><strong>condemnatur.</strong></span> <span class='ocrx_word' id='word_1_422' title='bbox 1099 2800 1264 2836; x_wconf 92' lang='lat' dir='ltr'><strong>Fundum</strong></span> 
     </span>
     <span class='ocr_line' id='line_1_60' title="bbox 203 2846 1265 2891; baseline 0 -9"><span class='ocrx_word' id='word_1_423' title='bbox 203 2847 259 2882; x_wconf 92' lang='lat' dir='ltr'><strong>uis</strong></span> <span class='ocrx_word' id='word_1_424' title='bbox 289 2846 449 2882; x_wconf 84' lang='lat' dir='ltr'><strong>donavit:</strong></span> <span class='ocrx_word' id='word_1_425' title='bbox 486 2847 518 2883; x_wconf 91' lang='lat' dir='ltr'><strong>si</strong></span> <span class='ocrx_word' id='word_1_426' title='bbox 546 2857 619 2882; x_wconf 90' lang='lat' dir='ltr'><strong>non</strong></span> <span class='ocrx_word' id='word_1_427' title='bbox 648 2846 832 2888; x_wconf 84' lang='lat' dir='ltr'><strong>restituat,</strong></span> <span class='ocrx_word' id='word_1_428' title='bbox 864 2850 906 2881; x_wconf 93' lang='lat' dir='ltr'><strong>ut</strong></span> <span class='ocrx_word' id='word_1_429' title='bbox 937 2846 1049 2891; x_wconf 88' lang='lat' dir='ltr'><strong>quivis</strong></span> <span class='ocrx_word' id='word_1_430' title='bbox 1106 2856 1265 2882; x_wconf 87' lang='lat' dir='ltr'><strong>essessor</strong></span> 
     </span>
    </p>

    <p class='ocr_par' dir='ltr' id='par_1_13' title="bbox 178 2891 1266 3208">
     <span class='ocr_line' id='line_1_61' title="bbox 286 2891 1266 2934; baseline -0.001 -7"><span class='ocrx_word' id='word_1_431' title='bbox 286 2891 401 2927; x_wconf 88' lang='lat' dir='ltr'><strong>andus</strong></span> <span class='ocrx_word' id='word_1_432' title='bbox 425 2896 497 2927; x_wconf 88' lang='lat' dir='ltr'><strong>est:</strong></span> <span class='ocrx_word' id='word_1_433' title='bbox 523 2892 555 2928; x_wconf 93' lang='lat' dir='ltr'><strong>si</strong></span> <span class='ocrx_word' id='word_1_434' title='bbox 576 2896 697 2927; x_wconf 89' lang='lat' dir='ltr'><strong>autem</strong></span> <span class='ocrx_word' id='word_1_435' title='bbox 720 2891 869 2927; x_wconf 82' lang='lat' dir='ltr'><strong>fundum</strong></span> <span class='ocrx_word' id='word_1_436' title='bbox 891 2892 1059 2934; x_wconf 90' lang='lat' dir='ltr'><strong>restituit,</strong></span> <span class='ocrx_word' id='word_1_437' title='bbox 1144 2895 1266 2927; x_wconf 91' lang='lat' dir='ltr'><strong>ctuum</strong></span> 
     </span>
     <span class='ocr_line' id='line_1_62' title="bbox 178 2936 1263 2982; baseline -0.001 -10"><span class='ocrx_word' id='word_1_438' title='bbox 178 2937 332 2979; x_wconf 89' lang='lat' dir='ltr'><strong>nomine,</strong></span> <span class='ocrx_word' id='word_1_439' title='bbox 357 2936 388 2972; x_wconf 88' lang='lat' dir='ltr'><strong>si</strong></span> <span class='ocrx_word' id='word_1_440' title='bbox 412 2947 484 2972; x_wconf 92' lang='lat' dir='ltr'><strong>non</strong></span> <span class='ocrx_word' id='word_1_441' title='bbox 507 2947 570 2973; x_wconf 88' lang='lat' dir='ltr'><strong>eos</strong></span> <span class='ocrx_word' id='word_1_442' title='bbox 594 2938 834 2982; x_wconf 88' lang='lat' dir='ltr'><strong>consumpsit,</strong></span> <span class='ocrx_word' id='word_1_443' title='bbox 858 2937 896 2971; x_wconf 92' lang='lat' dir='ltr'><strong>in</strong></span> <span class='ocrx_word' id='word_1_444' title='bbox 919 2936 1073 2972; x_wconf 90' lang='lat' dir='ltr'><strong>solidum</strong></span> <span class='ocrx_word' id='word_1_445' title='bbox 1097 2937 1263 2973; x_wconf 90' lang='lat' dir='ltr'><strong>condem-</strong></span> 
     </span>
     <span class='ocr_line' id='line_1_63' title="bbox 178 2981 1266 3034; baseline 0 -17"><span class='ocrx_word' id='word_1_446' title='bbox 178 2981 319 3034; x_wconf 81' lang='lat' dir='ltr'><strong>nandus</strong></span> <span class='ocrx_word' id='word_1_447' title='bbox 350 2985 424 3017; x_wconf 88' lang='lat' dir='ltr'><strong>est:</strong></span> <span class='ocrx_word' id='word_1_448' title='bbox 463 2982 582 3034; x_wconf 88' lang='lat' dir='ltr'><strong>potuit</strong></span> <span class='ocrx_word' id='word_1_449' title='bbox 613 2981 706 3017; x_wconf 89' lang='lat' dir='ltr'><strong>enim</strong></span> <span class='ocrx_word' id='word_1_450' title='bbox 737 2992 809 3018; x_wconf 89' lang='lat' dir='ltr'><strong>non</strong></span> <span class='ocrx_word' id='word_1_451' title='bbox 839 2981 1051 3034; x_wconf 85' lang='lat' dir='ltr'><strong>periclitari,</strong></span> <span class='ocrx_word' id='word_1_452' title='bbox 1083 2982 1115 3018; x_wconf 90' lang='lat' dir='ltr'><strong>si</strong></span> <span class='ocrx_word' id='word_1_453' title='bbox 1145 2982 1266 3019; x_wconf 88' lang='lat' dir='ltr'><strong>statim</strong></span> 
     </span>
     <span class='ocr_line' id='line_1_64' title="bbox 178 3026 1265 3072; baseline -0.001 -9"><span class='ocrx_word' id='word_1_454' title='bbox 178 3026 412 3063; x_wconf 78' lang='lat' dir='ltr'><strong>restituisset:</strong></span> <span class='ocrx_word' id='word_1_455' title='bbox 448 3037 479 3062; x_wconf 77' lang='lat' dir='ltr'><strong>si</strong></span> <span class='ocrx_word' id='word_1_456' title='bbox 503 3027 585 3062; x_wconf 92' lang='lat' dir='ltr'><strong>dolo</strong></span> <span class='ocrx_word' id='word_1_457' title='bbox 616 3027 723 3063; x_wconf 89' lang='lat' dir='ltr'><strong>desiit</strong></span> <span class='ocrx_word' id='word_1_458' title='bbox 750 3027 952 3072; x_wconf 81' lang='lat' dir='ltr'><strong>possidere,</strong></span> <span class='ocrx_word' id='word_1_459' title='bbox 987 3027 1024 3062; x_wconf 88' lang='lat' dir='ltr'><strong>in</strong></span> <span class='ocrx_word' id='word_1_460' title='bbox 1048 3027 1148 3063; x_wconf 90' lang='lat' dir='ltr'><strong>litem</strong></span> <span class='ocrx_word' id='word_1_461' title='bbox 1168 3027 1265 3062; x_wconf 90' lang='lat' dir='ltr'><strong>iura-</strong></span> 
     </span>
     <span class='ocr_line' id='line_1_65' title="bbox 179 3072 1265 3117; baseline 0 -10"><span class='ocrx_word' id='word_1_462' title='bbox 179 3077 199 3107; x_wconf 82' lang='lat'><strong>2</strong></span> <span class='ocrx_word' id='word_1_463' title='bbox 246 3072 345 3108; x_wconf 89' lang='lat' dir='ltr'><strong>bitur</strong></span> <span class='ocrx_word' id='word_1_464' title='bbox 374 3075 411 3108; x_wconf 88' lang='lat' dir='ltr'><strong>et</strong></span> <span class='ocrx_word' id='word_1_465' title='bbox 433 3072 525 3107; x_wconf 86' lang='lat' dir='ltr'><strong>tanti</strong></span> <span class='ocrx_word' id='word_1_466' title='bbox 547 3077 716 3117; x_wconf 89' lang='lat' dir='ltr'><strong>sequetur</strong></span> <span class='ocrx_word' id='word_1_467' title='bbox 740 3072 999 3108; x_wconf 86' lang='lat' dir='ltr'><strong>condemnatio.</strong></span> <span class='ocrx_word' id='word_1_468' title='bbox 1047 3072 1090 3107; x_wconf 93' lang='lat' dir='ltr'><strong>In</strong></span> <span class='ocrx_word' id='word_1_469' title='bbox 1112 3072 1265 3108; x_wconf 91' lang='lat' dir='ltr'><strong>solidum</strong></span> 
     </span>
     <span class='ocr_line' id='line_1_66' title="bbox 179 3116 1264 3170; baseline 0 -18"><span class='ocrx_word' id='word_1_470' title='bbox 179 3117 436 3153; x_wconf 85' lang='lat' dir='ltr'><strong>condemnatus</strong></span> <span class='ocrx_word' id='word_1_471' title='bbox 460 3116 613 3152; x_wconf 87' lang='lat' dir='ltr'><strong>donator</strong></span> <span class='ocrx_word' id='word_1_472' title='bbox 635 3117 776 3153; x_wconf 90' lang='lat' dir='ltr'><strong>actione</strong></span> <span class='ocrx_word' id='word_1_473' title='bbox 798 3117 966 3159; x_wconf 88' lang='lat' dir='ltr'><strong>iudicati,</strong></span> <span class='ocrx_word' id='word_1_474' title='bbox 999 3117 1068 3152; x_wconf 90' lang='lat' dir='ltr'><strong>nisi</strong></span> <span class='ocrx_word' id='word_1_475' title='bbox 1091 3117 1128 3152; x_wconf 91' lang='lat' dir='ltr'><strong>in</strong></span> <span class='ocrx_word' id='word_1_476' title='bbox 1152 3128 1264 3170; x_wconf 79' lang='lat' dir='ltr'><strong>quan-</strong></span> 
     </span>
     <span class='ocr_line' id='line_1_67' title="bbox 178 3162 1263 3208; baseline 0 -11"><span class='ocrx_word' id='word_1_477' title='bbox 178 3167 255 3198; x_wconf 86' lang='lat' dir='ltr'><strong>tum</strong></span> <span class='ocrx_word' id='word_1_478' title='bbox 274 3162 395 3197; x_wconf 82' lang='lat' dir='ltr'><strong>facere</strong></span> <span class='ocrx_word' id='word_1_479' title='bbox 405 3165 536 3208; x_wconf 89' lang='lat' dir='ltr'><strong>potest,</strong></span> <span class='ocrx_word' id='word_1_480' title='bbox 557 3173 630 3197; x_wconf 91' lang='lat' dir='ltr'><strong>non</strong></span> <span class='ocrx_word' id='word_1_481' title='bbox 641 3166 784 3198; x_wconf 89' lang='lat' dir='ltr'><strong>tenetur</strong></span> <span class='ocrx_word' id='word_1_482' title='bbox 795 3162 968 3198; x_wconf 90' lang='lat' dir='ltr'><strong>beneficio</strong></span> <span class='ocrx_word' id='word_1_483' title='bbox 988 3162 1263 3198; x_wconf 78' lang='lat' dir='ltr'><strong>constitutionis.</strong></span> 
     </span>
    </p>

    <p class='ocr_par' dir='ltr' id='par_1_14' title="bbox 179 3204 1265 3432">
     <span class='ocr_line' id='line_1_68' title="bbox 225 3204 1264 3253; baseline 0 -9"><span class='ocrx_word' id='word_1_484' title='bbox 225 3204 279 3244; x_wconf 84' lang='lat'><strong>42</strong></span> <span class='ocrx_word' id='word_1_485' title='bbox 313 3206 421 3242; x_wconf 68' lang='lat' dir='ltr'><em>IDEM</em></span> <span class='ocrx_word' id='word_1_486' title='bbox 446 3206 537 3243; x_wconf 83' lang='lat' dir='ltr'><strong>libro</strong></span> <span class='ocrx_word' id='word_1_487' title='bbox 570 3208 674 3242; x_wconf 81' lang='lat' dir='ltr'><strong>tertio</strong></span> <span class='ocrx_word' id='word_1_488' title='bbox 711 3218 967 3253; x_wconf 83' lang='lat' dir='ltr'><strong>responsorum</strong></span> <span class='ocrx_word' id='word_1_489' title='bbox 1023 3206 1157 3243; x_wconf 89' lang='lat' dir='ltr'><strong>Paulus</strong></span> <span class='ocrx_word' id='word_1_490' title='bbox 1188 3217 1264 3244; x_wconf 89' lang='lat' dir='ltr'><strong>res·</strong></span> 
     </span>
     <span class='ocr_line' id='line_1_69' title="bbox 179 3251 1264 3332; baseline 0 -44"><span class='ocrx_word' id='word_1_491' title='bbox 179 3252 306 3332; x_wconf 58' lang='lat' dir='ltr'><strong>gondit</strong></span> <span class='ocrx_word' id='word_1_492' title='bbox 334 3251 536 3288; x_wconf 86' lang='lat' dir='ltr'><strong>rescindere</strong></span> <span class='ocrx_word' id='word_1_493' title='bbox 568 3251 709 3297; x_wconf 88' lang='lat' dir='ltr'><strong>quidem</strong></span> <span class='ocrx_word' id='word_1_494' title='bbox 743 3253 956 3288; x_wconf 86' lang='lat' dir='ltr'><strong>sententiam</strong></span> <span class='ocrx_word' id='word_1_495' title='bbox 985 3262 1086 3288; x_wconf 86' lang='lat' dir='ltr'><strong>suam</strong></span> <span class='ocrx_word' id='word_1_496' title='bbox 1117 3263 1264 3298; x_wconf 87' lang='lat' dir='ltr'><strong>praece·</strong></span> 
     </span>
     <span class='ocr_line' id='line_1_70' title="bbox 204 3297 1264 3343; baseline 0 -10"><span class='ocrx_word' id='word_1_497' title='bbox 204 3302 321 3333; x_wconf 75' lang='lat' dir='ltr'><strong>entem</strong></span> <span class='ocrx_word' id='word_1_498' title='bbox 350 3301 553 3342; x_wconf 83' lang='lat' dir='ltr'><strong>praetorem</strong></span> <span class='ocrx_word' id='word_1_499' title='bbox 582 3306 654 3332; x_wconf 91' lang='lat' dir='ltr'><strong>non</strong></span> <span class='ocrx_word' id='word_1_500' title='bbox 684 3307 807 3342; x_wconf 91' lang='lat' dir='ltr'><strong>posse,</strong></span> <span class='ocrx_word' id='word_1_501' title='bbox 840 3297 980 3343; x_wconf 87' lang='lat' dir='ltr'><strong>reliqua</strong></span> <span class='ocrx_word' id='word_1_502' title='bbox 1002 3302 1140 3339; x_wconf 85' lang='lat' dir='ltr'><strong>autem,</strong></span> <span class='ocrx_word' id='word_1_503' title='bbox 1172 3308 1264 3343; x_wconf 89' lang='lat' dir='ltr'><strong>quae</strong></span> 
     </span>
     <span class='ocr_line' id='line_1_71' title="bbox 179 3340 1263 3388; baseline 0.001 -11"><span class='ocrx_word' id='word_1_504' title='bbox 179 3342 226 3377; x_wconf 90' lang='lat' dir='ltr'><strong>ad</strong></span> <span class='ocrx_word' id='word_1_505' title='bbox 249 3342 541 3387; x_wconf 85' lang='lat' dir='ltr'><strong>consequentiam</strong></span> <span class='ocrx_word' id='word_1_506' title='bbox 571 3340 711 3388; x_wconf 86' lang='lat' dir='ltr'><strong>quidem</strong></span> <span class='ocrx_word' id='word_1_507' title='bbox 740 3342 812 3377; x_wconf 88' lang='lat' dir='ltr'><strong>iam</strong></span> <span class='ocrx_word' id='word_1_508' title='bbox 837 3346 1051 3378; x_wconf 82' lang='lat' dir='ltr'><strong>statutorum</strong></span> <span class='ocrx_word' id='word_1_509' title='bbox 1073 3343 1263 3388; x_wconf 83' lang='lat' dir='ltr'><strong>pertinent,</strong></span> 
     </span>
     <span class='ocr_line' id='line_1_72' title="bbox 179 3386 1265 3432; baseline 0.001 -10"><span class='ocrx_word' id='word_1_510' title='bbox 179 3387 289 3432; x_wconf 89' lang='lat' dir='ltr'><strong>priori</strong></span> <span class='ocrx_word' id='word_1_511' title='bbox 313 3391 433 3422; x_wconf 87' lang='lat' dir='ltr'><strong>tamen</strong></span> <span class='ocrx_word' id='word_1_512' title='bbox 457 3387 654 3423; x_wconf 79' lang='lat' dir='ltr'><strong>sententiae</strong></span> <span class='ocrx_word' id='word_1_513' title='bbox 678 3386 817 3428; x_wconf 87' lang='lat' dir='ltr'><strong>desunt,</strong></span> <span class='ocrx_word' id='word_1_514' title='bbox 843 3388 939 3423; x_wconf 87' lang='lat' dir='ltr'><strong>circa</strong></span> <span class='ocrx_word' id='word_1_515' title='bbox 958 3387 1265 3424; x_wconf 88' lang='lat' dir='ltr'><strong>condemnandum</strong></span> 
     </span>
    </p>
   </div>
   <div class='ocr_carea' id='block_1_3' title="bbox 179 3431 1262 3513">
    <p class='ocr_par' dir='ltr' id='par_1_15' title="bbox 179 3431 1262 3513">
     <span class='ocr_line' id='line_1_73' title="bbox 179 3431 1262 3513; baseline 0.002 -46"><span class='ocrx_word' id='word_1_516' title='bbox 179 3431 356 3513; x_wconf 43' lang='lat' dir='ltr'><strong>Effudi?</strong></span> <span class='ocrx_word' id='word_1_517' title='bbox 379 3432 634 3469; x_wconf 85' lang='lat' dir='ltr'><strong>absolvendum</strong></span> <span class='ocrx_word' id='word_1_518' title='bbox 663 3431 793 3467; x_wconf 89' lang='lat' dir='ltr'><strong>debere</strong></span> <span class='ocrx_word' id='word_1_519' title='bbox 824 3433 1011 3477; x_wconf 89' lang='lat' dir='ltr'><strong>supplere,</strong></span> <span class='ocrx_word' id='word_1_520' title='bbox 1044 3433 1180 3469; x_wconf 89' lang='lat' dir='ltr'><strong>scilicet</strong></span> <span class='ocrx_word' id='word_1_521' title='bbox 1203 3444 1262 3469; x_wconf 90' lang='lat' dir='ltr'><strong>eo-</strong></span> 
     </span>
    </p>
   </div>
   <div class='ocr_carea' id='block_1_4' title="bbox 181 3590 951 3768">
    <p class='ocr_par' dir='ltr' id='par_1_16' title="bbox 181 3590 951 3677">
     <span class='ocr_line' id='line_1_74' title="bbox 181 3590 951 3633; baseline -0.004 -8"><span class='ocrx_word' id='word_1_522' title='bbox 181 3594 222 3632; x_wconf 86' lang='lat'><strong>(1)</strong></span> <span class='ocrx_word' id='word_1_523' title='bbox 246 3590 509 3633; x_wconf 85' lang='lat' dir='ltr'><strong>circumscriptio</strong></span> <span class='ocrx_word' id='word_1_524' title='bbox 521 3591 555 3623; x_wconf 88' lang='lat' dir='ltr'><em>F</em></span> <span class='ocrx_word' id='word_1_525' title='bbox 642 3591 684 3631; x_wconf 81' lang='lat'><strong>(2)</strong></span> <span class='ocrx_word' id='word_1_526' title='bbox 708 3590 906 3623; x_wconf 75' lang='lat' dir='ltr'><strong>sententiam</strong></span> <span class='ocrx_word' id='word_1_527' title='bbox 918 3592 951 3623; x_wconf 84' lang='lat' dir='ltr'><em>F</em></span> 
     </span>
     <span class='ocr_line' id='line_1_75' title="bbox 181 3635 883 3677; baseline 0.001 -9"><span class='ocrx_word' id='word_1_528' title='bbox 181 3639 223 3674; x_wconf 73' lang='grc'><strong>(4)</strong></span> <span class='ocrx_word' id='word_1_529' title='bbox 249 3635 382 3677; x_wconf 78' lang='lat' dir='ltr'><strong>quar-tio</strong></span> <span class='ocrx_word' id='word_1_530' title='bbox 400 3636 435 3669; x_wconf 86' lang='lat' dir='ltr'><em>F</em></span> <span class='ocrx_word' id='word_1_531' title='bbox 547 3636 591 3677; x_wconf 73' lang='lat'><strong>(5)</strong></span> <span class='ocrx_word' id='word_1_532' title='bbox 615 3635 803 3668; x_wconf 74' lang='lat' dir='ltr'><strong>Nssennins</strong></span> <span class='ocrx_word' id='word_1_533' title='bbox 821 3648 883 3669; x_wconf 72' lang='lat' dir='ltr'><strong>scr.</strong></span> 
     </span>
    </p>

    <p class='ocr_par' dir='ltr' id='par_1_17' title="bbox 182 3679 926 3768">
     <span class='ocr_line' id='line_1_76' title="bbox 183 3679 879 3721; baseline 0.001 -8"><span class='ocrx_word' id='word_1_534' title='bbox 183 3684 225 3721; x_wconf 80' lang='grc' dir='ltr'><strong>(τ)</strong></span> <span class='ocrx_word' id='word_1_535' title='bbox 250 3679 398 3713; x_wconf 86' lang='lat' dir='ltr'><strong>volebam</strong></span> <span class='ocrx_word' id='word_1_536' title='bbox 411 3681 444 3712; x_wconf 79' lang='lat' dir='ltr'><em>F</em></span> <span class='ocrx_word' id='word_1_537' title='bbox 523 3682 565 3720; x_wconf 78' lang='lat'><strong>(8)</strong></span> <span class='ocrx_word' id='word_1_538' title='bbox 591 3683 816 3713; x_wconf 84' lang='lat' dir='ltr'><strong>summovetur</strong></span> <span class='ocrx_word' id='word_1_539' title='bbox 827 3679 879 3714; x_wconf 63' lang='grc' dir='ltr'><strong>Γ*</strong></span> 
     </span>
     <span class='ocr_line' id='line_1_77' title="bbox 182 3724 926 3768; baseline 0.003 -11"><span class='ocrx_word' id='word_1_540' title='bbox 182 3736 278 3767; x_wconf 83' lang='lat' dir='ltr'><strong>quem</strong></span> <span class='ocrx_word' id='word_1_541' title='bbox 292 3725 327 3757; x_wconf 83' lang='lat' dir='ltr'><strong>in</strong></span> <span class='ocrx_word' id='word_1_542' title='bbox 340 3725 494 3758; x_wconf 88' lang='lat' dir='ltr'><strong>donando</strong></span> <span class='ocrx_word' id='word_1_543' title='bbox 506 3724 672 3766; x_wconf 81' lang='lat' dir='ltr'><strong>adhibuit,</strong></span> <span class='ocrx_word' id='word_1_544' title='bbox 688 3725 738 3757; x_wconf 77' lang='lat' dir='ltr'><strong>ita</strong></span> <span class='ocrx_word' id='word_1_545' title='bbox 748 3725 862 3768; x_wconf 85' lang='lat' dir='ltr'><strong>etipse</strong></span> <span class='ocrx_word' id='word_1_546' title='bbox 874 3738 926 3759; x_wconf 76' lang='lat' dir='ltr'><strong>scr</strong></span> 
     </span>
    </p>
   </div>
   <div class='ocr_carea' id='block_1_5' title="bbox 967 3634 1263 3768">
    <p class='ocr_par' dir='ltr' id='par_1_18' title="bbox 967 3634 1263 3768">
     <span class='ocr_line' id='line_1_78' title="bbox 1006 3634 1263 3673; baseline 0 -5"><span class='ocrx_word' id='word_1_547' title='bbox 1006 3639 1050 3673; x_wconf 89' lang='grc'><strong>(6)</strong></span> <span class='ocrx_word' id='word_1_548' title='bbox 1076 3646 1110 3668; x_wconf 74' lang='lat' dir='ltr'><strong>es</strong></span> <span class='ocrx_word' id='word_1_549' title='bbox 1129 3637 1189 3669; x_wconf 77' lang='lat' dir='ltr'><strong>ins.</strong></span> <span class='ocrx_word' id='word_1_550' title='bbox 1210 3634 1263 3668; x_wconf 82' lang='lat' dir='ltr'><strong>F²</strong></span> 
     </span>
     <span class='ocr_line' id='line_1_79' title="bbox 967 3680 1262 3722; baseline 0 -9"><span class='ocrx_word' id='word_1_551' title='bbox 967 3683 1009 3718; x_wconf 83' lang='grc'><strong>(9)</strong></span> <span class='ocrx_word' id='word_1_552' title='bbox 1035 3683 1068 3712; x_wconf 88' lang='lat' dir='ltr'><strong>et</strong></span> <span class='ocrx_word' id='word_1_553' title='bbox 1080 3680 1262 3722; x_wconf 84' lang='lat' dir='ltr'><strong>fideiussor,</strong></span> 
     </span>
     <span class='ocr_line' id='line_1_80' title="bbox 1043 3729 1261 3768; baseline 0 -10"><span class='ocrx_word' id='word_1_554' title='bbox 1043 3729 1102 3766; x_wconf 86' lang='grc' dir='ltr'><strong>(ιο)</strong></span> <span class='ocrx_word' id='word_1_555' title='bbox 1127 3736 1261 3768; x_wconf 83' lang='lat' dir='ltr'><strong>respon-</strong></span> 
     </span>
    </p>
   </div>
   <div class='ocr_carea' id='block_1_6' title="bbox 1252 89 1596 150">
    <p class='ocr_par' dir='ltr' id='par_1_19' title="bbox 1252 89 1596 150">
     <span class='ocr_line' id='line_1_81' title="bbox 1252 89 1596 150; baseline -0.023 0"><span class='ocrx_word' id='word_1_556' title='bbox 1252 101 1336 150; x_wconf 76' lang='lat'><strong>668</strong></span> <span class='ocrx_word' id='word_1_557' title='bbox 1542 89 1596 142; x_wconf 30' lang='lat' dir='ltr'><strong>*xe</strong></span> 
     </span>
    </p>
   </div>
   <div class='ocr_carea' id='block_1_7' title="bbox 1330 3588 1734 3712">
    <p class='ocr_par' dir='ltr' id='par_1_20' title="bbox 1330 3588 1734 3712">
     <span class='ocr_line' id='line_1_82' title="bbox 1330 3588 1465 3623; baseline -0.015 -1"><span class='ocrx_word' id='word_1_558' title='bbox 1330 3588 1381 3622; x_wconf 74' lang='lat' dir='ltr'><strong>dit</strong></span> <span class='ocrx_word' id='word_1_559' title='bbox 1393 3589 1465 3623; x_wconf 75' lang='lat' dir='ltr'><strong>edd.</strong></span> 
     </span>
     <span class='ocr_line' id='line_1_83' title="bbox 1330 3633 1734 3675; baseline 0 -7"><span class='ocrx_word' id='word_1_560' title='bbox 1330 3635 1390 3675; x_wconf 80' lang='lat'><strong>(1³)</strong></span> <span class='ocrx_word' id='word_1_561' title='bbox 1416 3633 1660 3668; x_wconf 80' lang='lat' dir='ltr'><strong>detrudendum</strong></span> <span class='ocrx_word' id='word_1_562' title='bbox 1671 3646 1734 3668; x_wconf 72' lang='lat' dir='ltr'><strong>scr.</strong></span> 
     </span>
     <span class='ocr_line' id='line_1_84' title="bbox 1330 3678 1622 3712; baseline 0 0"><span class='ocrx_word' id='word_1_563' title='bbox 1330 3679 1422 3712; x_wconf 82' lang='lat' dir='ltr'><strong>nisve</strong></span> <span class='ocrx_word' id='word_1_564' title='bbox 1435 3681 1496 3712; x_wconf 80' lang='lat' dir='ltr'><strong>im.</strong></span> <span class='ocrx_word' id='word_1_565' title='bbox 1511 3678 1622 3712; x_wconf 77' lang='lat' dir='ltr'><strong>Noodt</strong></span> 
     </span>
    </p>
   </div>
   <div class='ocr_carea' id='block_1_8' title="bbox 1037 3590 1272 3633">
    <p class='ocr_par' dir='ltr' id='par_1_21' title="bbox 1037 3590 1272 3633">
     <span class='ocr_line' id='line_1_85' title="bbox 1037 3590 1272 3633; baseline -0.013 -8"><span class='ocrx_word' id='word_1_566' title='bbox 1037 3593 1082 3633; x_wconf 74' lang='lat'><strong>(³)</strong></span> <span class='ocrx_word' id='word_1_567' title='bbox 1106 3591 1220 3624; x_wconf 63' lang='lat' dir='ltr'><strong>deins.</strong></span> <span class='ocrx_word' id='word_1_568' title='bbox 1236 3590 1272 3623; x_wconf 76' lang='lat' dir='ltr'><em>F</em></span> 
     </span>
    </p>
   </div>
   <div class='ocr_carea' id='block_1_9' title="bbox 1482 0 1490 35">
    <p class='ocr_par' dir='ltr' id='par_1_22' title="bbox 1482 0 1490 35">
     <span class='ocr_line' id='line_1_86' title="bbox 1482 0 1490 35; baseline 0 0"><span class='ocrx_word' id='word_1_569' title='bbox 1482 0 1490 35; x_wconf 59' lang='lat' dir='ltr'><strong>i</strong></span> 
     </span>
    </p>
   </div>
   <div class='ocr_carea' id='block_1_10' title="bbox 1491 31 1553 88">
    <p class='ocr_par' dir='ltr' id='par_1_23' title="bbox 1491 31 1553 88">
     <span class='ocr_line' id='line_1_87' title="bbox 1491 31 1553 88; baseline 0 -48"><span class='ocrx_word' id='word_1_570' title='bbox 1491 31 1553 88; x_wconf 29' lang='grc' dir='ltr'>ἡ</span> 
     </span>
    </p>
   </div>
   <div class='ocr_carea' id='block_1_11' title="bbox 2021 116 2410 148">
    <p class='ocr_par' dir='ltr' id='par_1_24' title="bbox 2021 116 2410 148">
     <span class='ocr_line' id='line_1_88' title="bbox 2021 116 2410 148; baseline 0 -1"><span class='ocrx_word' id='word_1_571' title='bbox 2021 116 2083 147; x_wconf 78' lang='grc' dir='ltr'><strong>ΒΕ</strong></span> <span class='ocrx_word' id='word_1_572' title='bbox 2111 117 2168 147; x_wconf 77' lang='lat' dir='ltr'><strong>RE</strong></span> <span class='ocrx_word' id='word_1_573' title='bbox 2198 117 2410 148; x_wconf 81' lang='lat' dir='ltr'>IUDICATA</span> 
     </span>
    </p>
   </div>
   <div class='ocr_carea' id='block_1_12' title="bbox 1330 222 2420 3520">
    <p class='ocr_par' dir='ltr' id='par_1_25' title="bbox 1330 222 2412 531">
     <span class='ocr_line' id='line_1_89' title="bbox 1376 222 2411 272; baseline -0.003 -9"><span class='ocrx_word' id='word_1_574' title='bbox 1376 222 1430 263; x_wconf 83' lang='lat'><strong>43</strong></span> <span class='ocrx_word' id='word_1_575' title='bbox 1454 225 1562 261; x_wconf 69' lang='lat' dir='ltr'><em>IDEM</em></span> <span class='ocrx_word' id='word_1_576' title='bbox 1581 227 1671 262; x_wconf 69' lang='lat' dir='ltr'><strong>libro</strong></span> <span class='ocrx_word' id='word_1_577' title='bbox 1694 230 1800 263; x_wconf 73' lang='lat' dir='ltr'><strong>sexto</strong></span> <span class='ocrx_word' id='word_1_578' title='bbox 1824 225 1960 261; x_wconf 77' lang='lat' dir='ltr'><strong>decimo</strong></span> <span class='ocrx_word' id='word_1_579' title='bbox 1983 236 2238 272; x_wconf 82' lang='lat' dir='ltr'><strong>responsorum</strong></span> <span class='ocrx_word' id='word_1_580' title='bbox 2277 226 2411 261; x_wconf 79' lang='lat' dir='ltr'><strong>Paulus</strong></span> 
     </span>
     <span class='ocr_line' id='line_1_90' title="bbox 1330 270 2411 323; baseline -0.001 -17"><span class='ocrx_word' id='word_1_581' title='bbox 1330 270 1515 315; x_wconf 89' lang='lat' dir='ltr'><strong>respondit</strong></span> <span class='ocrx_word' id='word_1_582' title='bbox 1547 281 1627 315; x_wconf 88' lang='lat' dir='ltr'><strong>eos,</strong></span> <span class='ocrx_word' id='word_1_583' title='bbox 1662 271 1724 323; x_wconf 81' lang='lat' dir='ltr'><strong>qui</strong></span> <span class='ocrx_word' id='word_1_584' title='bbox 1754 282 1827 306; x_wconf 92' lang='lat' dir='ltr'><strong>una</strong></span> <span class='ocrx_word' id='word_1_585' title='bbox 1862 270 2039 306; x_wconf 87' lang='lat' dir='ltr'><strong>sententia</strong></span> <span class='ocrx_word' id='word_1_586' title='bbox 2067 271 2105 306; x_wconf 89' lang='lat' dir='ltr'><strong>in</strong></span> <span class='ocrx_word' id='word_1_587' title='bbox 2133 280 2243 305; x_wconf 87' lang='lat' dir='ltr'><strong>unam</strong></span> <span class='ocrx_word' id='word_1_588' title='bbox 2272 271 2411 316; x_wconf 85' lang='lat' dir='ltr'><strong>quanti-</strong></span> 
     </span>
     <span class='ocr_line' id='line_1_91' title="bbox 1331 314 2411 360; baseline 0 -9"><span class='ocrx_word' id='word_1_589' title='bbox 1331 319 1440 351; x_wconf 89' lang='lat' dir='ltr'><strong>tatem</strong></span> <span class='ocrx_word' id='word_1_590' title='bbox 1464 314 1688 351; x_wconf 79' lang='lat' dir='ltr'><strong>condemnati</strong></span> <span class='ocrx_word' id='word_1_591' title='bbox 1711 321 1813 359; x_wconf 90' lang='lat' dir='ltr'><strong>sunt,</strong></span> <span class='ocrx_word' id='word_1_592' title='bbox 1844 326 1909 360; x_wconf 91' lang='lat' dir='ltr'><strong>pro</strong></span> <span class='ocrx_word' id='word_1_593' title='bbox 1934 315 2098 360; x_wconf 89' lang='lat' dir='ltr'><strong>portione</strong></span> <span class='ocrx_word' id='word_1_594' title='bbox 2119 314 2211 351; x_wconf 80' lang='lat' dir='ltr'><strong>virili</strong></span> <span class='ocrx_word' id='word_1_595' title='bbox 2234 325 2280 351; x_wconf 84' lang='lat' dir='ltr'><strong>ex</strong></span> <span class='ocrx_word' id='word_1_596' title='bbox 2302 325 2411 351; x_wconf 88' lang='lat' dir='ltr'><strong>causa</strong></span> 
     </span>
     <span class='ocr_line' id='line_1_92' title="bbox 1330 359 2411 404; baseline 0 -8"><span class='ocrx_word' id='word_1_597' title='bbox 1330 360 1480 396; x_wconf 74' lang='lat' dir='ltr'><strong>iudicata·</strong></span> <span class='ocrx_word' id='word_1_598' title='bbox 1514 361 1714 404; x_wconf 83' lang='lat' dir='ltr'><strong>conveniri,</strong></span> <span class='ocrx_word' id='word_1_599' title='bbox 1752 364 1789 397; x_wconf 89' lang='lat' dir='ltr'><strong>et</strong></span> <span class='ocrx_word' id='word_1_600' title='bbox 1819 361 1850 396; x_wconf 92' lang='lat' dir='ltr'><strong>si</strong></span> <span class='ocrx_word' id='word_1_601' title='bbox 1872 371 1917 396; x_wconf 84' lang='lat' dir='ltr'><strong>ex</strong></span> <span class='ocrx_word' id='word_1_602' title='bbox 1940 360 2117 396; x_wconf 88' lang='lat' dir='ltr'><strong>sententia</strong></span> <span class='ocrx_word' id='word_1_603' title='bbox 2146 359 2317 396; x_wconf 88' lang='lat' dir='ltr'><strong>adversus</strong></span> <span class='ocrx_word' id='word_1_604' title='bbox 2339 365 2411 396; x_wconf 88' lang='lat' dir='ltr'><strong>tres</strong></span> 
     </span>
     <span class='ocr_line' id='line_1_93' title="bbox 1332 405 2410 450; baseline -0.001 -9"><span class='ocrx_word' id='word_1_605' title='bbox 1332 405 1428 441; x_wconf 89' lang='lat' dir='ltr'><strong>dicta</strong></span> <span class='ocrx_word' id='word_1_606' title='bbox 1449 405 1565 441; x_wconf 89' lang='lat' dir='ltr'><strong>Titius</strong></span> <span class='ocrx_word' id='word_1_607' title='bbox 1588 405 1788 450; x_wconf 90' lang='lat' dir='ltr'><strong>portionem</strong></span> <span class='ocrx_word' id='word_1_608' title='bbox 1811 406 1879 442; x_wconf 88' lang='lat' dir='ltr'><strong>sibi</strong></span> <span class='ocrx_word' id='word_1_609' title='bbox 1903 409 2161 450; x_wconf 90' lang='lat' dir='ltr'><strong>competentem</strong></span> <span class='ocrx_word' id='word_1_610' title='bbox 2185 405 2343 448; x_wconf 83' lang='lat' dir='ltr'><strong>exsolvit,</strong></span> <span class='ocrx_word' id='word_1_611' title='bbox 2368 416 2410 440; x_wconf 85' lang='lat' dir='ltr'><strong>ex</strong></span> 
     </span>
     <span class='ocr_line' id='line_1_94' title="bbox 1330 450 2412 495; baseline 0 -9"><span class='ocrx_word' id='word_1_612' title='bbox 1330 460 1486 495; x_wconf 88' lang='lat' dir='ltr'><strong>persona</strong></span> <span class='ocrx_word' id='word_1_613' title='bbox 1507 454 1706 486; x_wconf 88' lang='lat' dir='ltr'><strong>ceterorum</strong></span> <span class='ocrx_word' id='word_1_614' title='bbox 1729 461 1773 487; x_wconf 87' lang='lat' dir='ltr'><strong>ex</strong></span> <span class='ocrx_word' id='word_1_615' title='bbox 1798 450 1920 487; x_wconf 87' lang='lat' dir='ltr'><strong>eadem</strong></span> <span class='ocrx_word' id='word_1_616' title='bbox 1943 450 2119 486; x_wconf 89' lang='lat' dir='ltr'><strong>sententia</strong></span> <span class='ocrx_word' id='word_1_617' title='bbox 2131 450 2311 486; x_wconf 86' lang='lat' dir='ltr'><strong>conveniri</strong></span> <span class='ocrx_word' id='word_1_618' title='bbox 2333 461 2412 486; x_wconf 88' lang='lat' dir='ltr'><strong>eum</strong></span> 
     </span>
     <span class='ocr_line' id='line_1_95' title="bbox 1331 505 1544 531; baseline 0 0"><span class='ocrx_word' id='word_1_619' title='bbox 1331 505 1405 531; x_wconf 90' lang='lat' dir='ltr'><strong>non</strong></span> <span class='ocrx_word' id='word_1_620' title='bbox 1453 505 1544 531; x_wconf 88' lang='lat' dir='ltr'><strong>osse.</strong></span> 
     </span>
    </p>

    <p class='ocr_par' dir='ltr' id='par_1_26' title="bbox 1331 506 2417 1216">
     <span class='ocr_line' id='line_1_96' title="bbox 1377 506 2411 587; baseline -0.002 -10"><span class='ocrx_word' id='word_1_621' title='bbox 1377 506 1660 577; x_wconf 67' lang='lat' dir='ltr'><strong>44PSOAEVOLA</strong></span> <span class='ocrx_word' id='word_1_622' title='bbox 1683 539 1773 576; x_wconf 82' lang='lat' dir='ltr'><strong>libro</strong></span> <span class='ocrx_word' id='word_1_623' title='bbox 1798 541 1923 587; x_wconf 84' lang='lat' dir='ltr'><strong>quinto</strong></span> <span class='ocrx_word' id='word_1_624' title='bbox 1946 550 2200 587; x_wconf 76' lang='lat' dir='ltr'><strong>responsorum</strong></span> <span class='ocrx_word' id='word_1_625' title='bbox 2246 539 2305 575; x_wconf 85' lang='lat' dir='ltr'><strong>Ex</strong></span> <span class='ocrx_word' id='word_1_626' title='bbox 2328 551 2411 576; x_wconf 89' lang='lat' dir='ltr'><strong>con-</strong></span> 
     </span>
     <span class='ocr_line' id='line_1_97' title="bbox 1331 584 2414 630; baseline 0 -10"><span class='ocrx_word' id='word_1_627' title='bbox 1331 589 1451 621; x_wconf 90' lang='lat' dir='ltr'><strong>tractu</strong></span> <span class='ocrx_word' id='word_1_628' title='bbox 1499 589 1623 621; x_wconf 88' lang='lat' dir='ltr'><strong>aterno</strong></span> <span class='ocrx_word' id='word_1_629' title='bbox 1647 589 1768 621; x_wconf 87' lang='lat' dir='ltr'><strong>actum</strong></span> <span class='ocrx_word' id='word_1_630' title='bbox 1790 589 1847 622; x_wconf 89' lang='lat' dir='ltr'><strong>est</strong></span> <span class='ocrx_word' id='word_1_631' title='bbox 1866 596 1946 621; x_wconf 92' lang='lat' dir='ltr'><strong>cum</strong></span> <span class='ocrx_word' id='word_1_632' title='bbox 1969 584 2105 630; x_wconf 88' lang='lat' dir='ltr'><strong>pupilla</strong></span> <span class='ocrx_word' id='word_1_633' title='bbox 2126 588 2244 620; x_wconf 89' lang='lat' dir='ltr'><strong>tutore</strong></span> <span class='ocrx_word' id='word_1_634' title='bbox 2267 589 2414 621; x_wconf 92' lang='lat' dir='ltr'><strong>auctore</strong></span> 
     </span>
     <span class='ocr_line' id='line_1_98' title="bbox 1335 596 2413 682; baseline -0.001 -16"><span class='ocrx_word' id='word_1_635' title='bbox 1335 635 1373 666; x_wconf 89' lang='lat' dir='ltr'><strong>et</strong></span> <span class='ocrx_word' id='word_1_636' title='bbox 1395 596 1632 682; x_wconf 53' lang='lat' dir='ltr'><strong>condemnata</strong></span> <span class='ocrx_word' id='word_1_637' title='bbox 1655 634 1727 666; x_wconf 83' lang='lat' dir='ltr'><strong>est:</strong></span> <span class='ocrx_word' id='word_1_638' title='bbox 1751 634 1878 676; x_wconf 77' lang='lat' dir='ltr'><strong>postea</strong></span> <span class='ocrx_word' id='word_1_639' title='bbox 1901 635 2039 666; x_wconf 86' lang='lat' dir='ltr'><strong>tutores</strong></span> <span class='ocrx_word' id='word_1_640' title='bbox 2063 630 2315 665; x_wconf 90' lang='lat' dir='ltr'><strong>abstinuerunt</strong></span> <span class='ocrx_word' id='word_1_641' title='bbox 2336 640 2413 665; x_wconf 90' lang='lat' dir='ltr'><strong>eam</strong></span> 
     </span>
     <span class='ocr_line' id='line_1_99' title="bbox 1331 674 2414 721; baseline -0.001 -10"><span class='ocrx_word' id='word_1_642' title='bbox 1331 675 1436 712; x_wconf 86' lang='lat' dir='ltr'><strong>bonis</strong></span> <span class='ocrx_word' id='word_1_643' title='bbox 1458 679 1617 721; x_wconf 89' lang='lat' dir='ltr'><strong>paterms</strong></span> <span class='ocrx_word' id='word_1_644' title='bbox 1648 680 1686 711; x_wconf 90' lang='lat' dir='ltr'><strong>et</strong></span> <span class='ocrx_word' id='word_1_645' title='bbox 1713 675 1766 711; x_wconf 91' lang='lat' dir='ltr'><strong>ita</strong></span> <span class='ocrx_word' id='word_1_646' title='bbox 1787 676 1884 711; x_wconf 90' lang='lat' dir='ltr'><strong>bona</strong></span> <span class='ocrx_word' id='word_1_647' title='bbox 1913 675 2073 712; x_wconf 76' lang='lat' dir='ltr'><strong>defuncti</strong></span> <span class='ocrx_word' id='word_1_648' title='bbox 2104 674 2151 710; x_wconf 91' lang='lat' dir='ltr'><strong>ad</strong></span> <span class='ocrx_word' id='word_1_649' title='bbox 2181 675 2414 711; x_wconf 89' lang='lat' dir='ltr'><strong>substitutum</strong></span> 
     </span>
     <span class='ocr_line' id='line_1_100' title="bbox 1331 719 2414 766; baseline -0.001 -10"><span class='ocrx_word' id='word_1_650' title='bbox 1331 721 1388 756; x_wconf 87' lang='lat' dir='ltr'><strong>vel</strong></span> <span class='ocrx_word' id='word_1_651' title='bbox 1416 719 1464 756; x_wconf 88' lang='lat' dir='ltr'><strong>ad</strong></span> <span class='ocrx_word' id='word_1_652' title='bbox 1491 719 1684 756; x_wconf 89' lang='lat' dir='ltr'><strong>coheredes</strong></span> <span class='ocrx_word' id='word_1_653' title='bbox 1713 725 1966 766; x_wconf 86' lang='lat' dir='ltr'><strong>pervenerunt:</strong></span> <span class='ocrx_word' id='word_1_654' title='bbox 1999 719 2200 765; x_wconf 87' lang='lat' dir='ltr'><strong>quaeritur,</strong></span> <span class='ocrx_word' id='word_1_655' title='bbox 2232 730 2281 755; x_wconf 93' lang='lat' dir='ltr'><strong>an</strong></span> <span class='ocrx_word' id='word_1_656' title='bbox 2310 720 2349 755; x_wconf 89' lang='lat' dir='ltr'><strong>hi</strong></span> <span class='ocrx_word' id='word_1_657' title='bbox 2370 731 2414 756; x_wconf 87' lang='lat' dir='ltr'><strong>ex</strong></span> 
     </span>
     <span class='ocr_line' id='line_1_101' title="bbox 1333 764 2414 811; baseline 0 -10"><span class='ocrx_word' id='word_1_658' title='bbox 1333 775 1443 801; x_wconf 89' lang='lat' dir='ltr'><strong>causa</strong></span> <span class='ocrx_word' id='word_1_659' title='bbox 1465 765 1616 801; x_wconf 87' lang='lat' dir='ltr'><strong>iudicati</strong></span> <span class='ocrx_word' id='word_1_660' title='bbox 1637 769 1840 801; x_wconf 87' lang='lat' dir='ltr'><strong>teneantur.</strong></span> <span class='ocrx_word' id='word_1_661' title='bbox 1874 765 2060 811; x_wconf 87' lang='lat' dir='ltr'><strong>rescripsit</strong></span> <span class='ocrx_word' id='word_1_662' title='bbox 2070 767 2098 787; x_wconf 85' lang='lat'><strong>¹⁰</strong></span> <span class='ocrx_word' id='word_1_663' title='bbox 2121 764 2276 800; x_wconf 85' lang='lat' dir='ltr'><strong>dandam</strong></span> <span class='ocrx_word' id='word_1_664' title='bbox 2297 765 2336 800; x_wconf 91' lang='lat' dir='ltr'><strong>in</strong></span> <span class='ocrx_word' id='word_1_665' title='bbox 2353 775 2414 801; x_wconf 90' lang='lat' dir='ltr'><strong>eos</strong></span> 
     </span>
     <span class='ocr_line' id='line_1_102' title="bbox 1333 810 2411 856; baseline -0.002 -10"><span class='ocrx_word' id='word_1_666' title='bbox 1333 811 1519 854; x_wconf 87' lang='lat' dir='ltr'><strong>actionem,</strong></span> <span class='ocrx_word' id='word_1_667' title='bbox 1543 810 1613 846; x_wconf 91' lang='lat' dir='ltr'><strong>nisi</strong></span> <span class='ocrx_word' id='word_1_668' title='bbox 1630 811 1736 856; x_wconf 89' lang='lat' dir='ltr'><strong>culpa</strong></span> <span class='ocrx_word' id='word_1_669' title='bbox 1757 814 1918 846; x_wconf 88' lang='lat' dir='ltr'><strong>tutorum</strong></span> <span class='ocrx_word' id='word_1_670' title='bbox 1935 810 2073 856; x_wconf 90' lang='lat' dir='ltr'><strong>pupilla</strong></span> <span class='ocrx_word' id='word_1_671' title='bbox 2092 810 2329 846; x_wconf 87' lang='lat' dir='ltr'><strong>condemnata</strong></span> <span class='ocrx_word' id='word_1_672' title='bbox 2349 814 2411 845; x_wconf 89' lang='lat' dir='ltr'><strong>est.</strong></span> 
     </span>
     <span class='ocr_line' id='line_1_103' title="bbox 1351 855 2415 902; baseline -0.004 -9"><span class='ocrx_word' id='word_1_673' title='bbox 1351 893 1354 896; x_wconf 88' lang='grc'>,</span> <span class='ocrx_word' id='word_1_674' title='bbox 1377 855 1431 894; x_wconf 88' lang='lat'><strong>45</strong></span> <span class='ocrx_word' id='word_1_675' title='bbox 1457 855 1616 892; x_wconf 71' lang='lat' dir='ltr'><strong>PAULUs</strong></span> <span class='ocrx_word' id='word_1_676' title='bbox 1635 856 1727 891; x_wconf 83' lang='lat' dir='ltr'><strong>libro</strong></span> <span class='ocrx_word' id='word_1_677' title='bbox 1749 857 1872 902; x_wconf 79' lang='lat' dir='ltr'><strong>primo</strong></span> <span class='ocrx_word' id='word_1_678' title='bbox 1901 856 2156 890; x_wconf 79' lang='lat' dir='ltr'><strong>sententiarum</strong></span> <span class='ocrx_word' id='word_1_679' title='bbox 2202 856 2296 891; x_wconf 88' lang='lat' dir='ltr'><strong>Acta</strong></span> <span class='ocrx_word' id='word_1_680' title='bbox 2319 855 2415 900; x_wconf 85' lang='lat' dir='ltr'><strong>apud</strong></span> 
     </span>
     <span class='ocr_line' id='line_1_104' title="bbox 1332 900 2415 946; baseline -0.003 -9"><span class='ocrx_word' id='word_1_681' title='bbox 1332 911 1370 937; x_wconf 89' lang='lat' dir='ltr'><strong>se</strong></span> <span class='ocrx_word' id='word_1_682' title='bbox 1393 900 1534 944; x_wconf 87' lang='lat' dir='ltr'><strong>habita,</strong></span> <span class='ocrx_word' id='word_1_683' title='bbox 1564 900 1598 936; x_wconf 90' lang='lat' dir='ltr'><strong>si</strong></span> <span class='ocrx_word' id='word_1_684' title='bbox 1626 904 1748 946; x_wconf 88' lang='lat' dir='ltr'><strong>partes</strong></span> <span class='ocrx_word' id='word_1_685' title='bbox 1778 900 2004 936; x_wconf 89' lang='lat' dir='ltr'><strong>consentiant</strong></span> <span class='ocrx_word' id='word_1_686' title='bbox 2030 904 2068 935; x_wconf 88' lang='lat' dir='ltr'><strong>et</strong></span> <span class='ocrx_word' id='word_1_687' title='bbox 2096 900 2204 935; x_wconf 85' lang='lat' dir='ltr'><strong>iudex</strong></span> <span class='ocrx_word' id='word_1_688' title='bbox 2233 901 2303 936; x_wconf 92' lang='lat' dir='ltr'><strong>hoc</strong></span> <span class='ocrx_word' id='word_1_689' title='bbox 2334 910 2415 945; x_wconf 86' lang='lat' dir='ltr'><strong>per-</strong></span> 
     </span>
     <span class='ocr_line' id='line_1_105' title="bbox 1332 944 2415 991; baseline -0.003 -9"><span class='ocrx_word' id='word_1_690' title='bbox 1332 946 1485 990; x_wconf 90' lang='lat' dir='ltr'><strong>miserit,</strong></span> <span class='ocrx_word' id='word_1_691' title='bbox 1523 949 1644 991; x_wconf 89' lang='lat' dir='ltr'><strong>potest</strong></span> <span class='ocrx_word' id='word_1_692' title='bbox 1673 946 1797 981; x_wconf 89' lang='lat' dir='ltr'><strong>iubere</strong></span> <span class='ocrx_word' id='word_1_693' title='bbox 1828 956 1870 980; x_wconf 89' lang='lat' dir='ltr'><strong>ea</strong></span> <span class='ocrx_word' id='word_1_694' title='bbox 1902 944 1959 981; x_wconf 91' lang='lat' dir='ltr'><strong>die</strong></span> <span class='ocrx_word' id='word_1_695' title='bbox 1989 944 2225 987; x_wconf 89' lang='lat' dir='ltr'><strong>circumduci,</strong></span> <span class='ocrx_word' id='word_1_696' title='bbox 2263 945 2332 980; x_wconf 89' lang='lat' dir='ltr'><strong>nisi</strong></span> <span class='ocrx_word' id='word_1_697' title='bbox 2361 946 2415 980; x_wconf 88' lang='lat' dir='ltr'><strong>vel</strong></span> 
     </span>
     <span class='ocr_line' id='line_1_106' title="bbox 1338 989 2417 1043; baseline -0.001 -17"><span class='ocrx_word' id='word_1_698' title='bbox 1338 996 1350 1026; x_wconf 86' lang='lat'>1</span> <span class='ocrx_word' id='word_1_699' title='bbox 1401 991 1583 1043; x_wconf 77' lang='lat' dir='ltr'><strong>negotium</strong></span> <span class='ocrx_word' id='word_1_700' title='bbox 1620 990 1676 1026; x_wconf 88' lang='lat' dir='ltr'><strong>vel</strong></span> <span class='ocrx_word' id='word_1_701' title='bbox 1705 991 1750 1027; x_wconf 92' lang='lat' dir='ltr'><strong>lis</strong></span> <span class='ocrx_word' id='word_1_702' title='bbox 1781 990 1972 1026; x_wconf 87' lang='lat' dir='ltr'><strong>terminata</strong></span> <span class='ocrx_word' id='word_1_703' title='bbox 2002 994 2068 1026; x_wconf 89' lang='lat' dir='ltr'><strong>est.</strong></span> <span class='ocrx_word' id='word_1_704' title='bbox 2127 989 2184 1025; x_wconf 91' lang='lat' dir='ltr'><strong>De</strong></span> <span class='ocrx_word' id='word_1_705' title='bbox 2213 990 2417 1035; x_wconf 88' lang='lat' dir='ltr'><strong>amplianda</strong></span> 
     </span>
     <span class='ocr_line' id='line_1_107' title="bbox 1333 1036 2414 1081; baseline -0.001 -10"><span class='ocrx_word' id='word_1_706' title='bbox 1333 1036 1389 1072; x_wconf 89' lang='lat' dir='ltr'><strong>vel</strong></span> <span class='ocrx_word' id='word_1_707' title='bbox 1418 1036 1611 1072; x_wconf 77' lang='lat' dir='ltr'><strong>minuenda</strong></span> <span class='ocrx_word' id='word_1_708' title='bbox 1647 1046 1765 1081; x_wconf 90' lang='lat' dir='ltr'><strong>poena</strong></span> <span class='ocrx_word' id='word_1_709' title='bbox 1804 1036 2053 1071; x_wconf 85' lang='lat' dir='ltr'><strong>damnatorum</strong></span> <span class='ocrx_word' id='word_1_710' title='bbox 2116 1038 2174 1071; x_wconf 91' lang='lat' dir='ltr'><strong>ost</strong></span> <span class='ocrx_word' id='word_1_711' title='bbox 2203 1036 2414 1071; x_wconf 87' lang='lat' dir='ltr'><strong>sententiam</strong></span> 
     </span>
     <span class='ocr_line' id='line_1_108' title="bbox 1333 1080 2415 1126; baseline -0.002 -9"><span class='ocrx_word' id='word_1_712' title='bbox 1333 1081 1467 1117; x_wconf 89' lang='lat' dir='ltr'><strong>dictam</strong></span> <span class='ocrx_word' id='word_1_713' title='bbox 1486 1082 1564 1117; x_wconf 90' lang='lat' dir='ltr'><strong>sine</strong></span> <span class='ocrx_word' id='word_1_714' title='bbox 1583 1081 1772 1126; x_wconf 89' lang='lat' dir='ltr'><strong>principali</strong></span> <span class='ocrx_word' id='word_1_715' title='bbox 1783 1081 1998 1117; x_wconf 86' lang='lat' dir='ltr'><strong>auctoritate</strong></span> <span class='ocrx_word' id='word_1_716' title='bbox 2036 1080 2044 1088; x_wconf 74' lang='lat'>⁸</span> <span class='ocrx_word' id='word_1_717' title='bbox 2073 1080 2081 1088; x_wconf 85' lang='lat'>&#39;</span> <span class='ocrx_word' id='word_1_718' title='bbox 2113 1084 2167 1115; x_wconf 88' lang='lat' dir='ltr'><strong>est</strong></span> <span class='ocrx_word' id='word_1_719' title='bbox 2178 1080 2415 1116; x_wconf 88' lang='lat' dir='ltr'><strong>statuendum.</strong></span> 
     </span>
     <span class='ocr_line' id='line_1_109' title="bbox 1334 1125 2415 1163; baseline -0.001 -1"><span class='ocrx_word' id='word_1_720' title='bbox 1334 1131 1354 1162; x_wconf 88' lang='lat'><strong>2</strong></span> <span class='ocrx_word' id='word_1_721' title='bbox 1401 1126 1535 1163; x_wconf 85' lang='lat' dir='ltr'><strong>Contra</strong></span> <span class='ocrx_word' id='word_1_722' title='bbox 1557 1126 1762 1162; x_wconf 89' lang='lat' dir='ltr'><strong>indefensos</strong></span> <span class='ocrx_word' id='word_1_723' title='bbox 1785 1125 1937 1162; x_wconf 88' lang='lat' dir='ltr'><strong>minores</strong></span> <span class='ocrx_word' id='word_1_724' title='bbox 1961 1130 2117 1161; x_wconf 89' lang='lat' dir='ltr'><strong>tutorem</strong></span> <span class='ocrx_word' id='word_1_725' title='bbox 2138 1125 2194 1161; x_wconf 89' lang='lat' dir='ltr'><strong>vel</strong></span> <span class='ocrx_word' id='word_1_726' title='bbox 2218 1130 2415 1161; x_wconf 88' lang='lat' dir='ltr'><strong>curatorem</strong></span> 
     </span>
     <span class='ocr_line' id='line_1_110' title="bbox 1334 1170 2253 1216; baseline -0.002 -9"><span class='ocrx_word' id='word_1_727' title='bbox 1334 1183 1406 1208; x_wconf 91' lang='lat' dir='ltr'><strong>non</strong></span> <span class='ocrx_word' id='word_1_728' title='bbox 1429 1172 1603 1208; x_wconf 87' lang='lat' dir='ltr'><strong>habentes</strong></span> <span class='ocrx_word' id='word_1_729' title='bbox 1626 1172 1727 1207; x_wconf 91' lang='lat' dir='ltr'><strong>nulla</strong></span> <span class='ocrx_word' id='word_1_730' title='bbox 1750 1171 1927 1207; x_wconf 89' lang='lat' dir='ltr'><strong>sententia</strong></span> <span class='ocrx_word' id='word_1_731' title='bbox 1949 1170 2164 1216; x_wconf 85' lang='lat' dir='ltr'><strong>proferenda</strong></span> <span class='ocrx_word' id='word_1_732' title='bbox 2187 1175 2253 1206; x_wconf 86' lang='lat' dir='ltr'><strong>est.</strong></span> 
     </span>
    </p>

    <p class='ocr_par' dir='ltr' id='par_1_27' title="bbox 1333 1214 2416 1354">
     <span class='ocr_line' id='line_1_111' title="bbox 1379 1214 2413 1262; baseline -0.005 -7"><span class='ocrx_word' id='word_1_733' title='bbox 1379 1214 1434 1255; x_wconf 87' lang='lat'><strong>46</strong></span> <span class='ocrx_word' id='word_1_734' title='bbox 1458 1217 1805 1253; x_wconf 67' lang='lat' dir='ltr'><strong>IIERuooEMAst</strong></span> <span class='ocrx_word' id='word_1_735' title='bbox 1832 1217 1922 1252; x_wconf 79' lang='lat' dir='ltr'><strong>libro</strong></span> <span class='ocrx_word' id='word_1_736' title='bbox 1945 1216 2102 1252; x_wconf 80' lang='lat' dir='ltr'><strong>secundo</strong></span> <span class='ocrx_word' id='word_1_737' title='bbox 2133 1216 2224 1251; x_wconf 79' lang='lat' dir='ltr'><strong>iuris</strong></span> <span class='ocrx_word' id='word_1_738' title='bbox 2247 1217 2413 1262; x_wconf 80' lang='lat' dir='ltr'><strong>epitoma-</strong></span> 
     </span>
     <span class='ocr_line' id='line_1_112' title="bbox 1333 1261 2416 1298; baseline -0.002 0"><span class='ocrx_word' id='word_1_739' title='bbox 1333 1273 1414 1298; x_wconf 89' lang='lat' dir='ltr'><strong>rum</strong></span> <span class='ocrx_word' id='word_1_740' title='bbox 1472 1263 1647 1298; x_wconf 86' lang='lat' dir='ltr'><strong>Actorum</strong></span> <span class='ocrx_word' id='word_1_741' title='bbox 1680 1262 1790 1297; x_wconf 86' lang='lat' dir='ltr'><strong>verba</strong></span> <span class='ocrx_word' id='word_1_742' title='bbox 1825 1261 2014 1297; x_wconf 91' lang='lat' dir='ltr'><strong>emendare</strong></span> <span class='ocrx_word' id='word_1_743' title='bbox 2054 1265 2179 1297; x_wconf 89' lang='lat' dir='ltr'><strong>tenore</strong></span> <span class='ocrx_word' id='word_1_744' title='bbox 2219 1261 2416 1297; x_wconf 88' lang='lat' dir='ltr'><strong>sententiae</strong></span> 
     </span>
     <span class='ocr_line' id='line_1_113' title="bbox 1333 1306 2010 1354; baseline -0.003 -11"><span class='ocrx_word' id='word_1_745' title='bbox 1333 1312 1584 1354; x_wconf 87' lang='lat' dir='ltr'><strong>perseverante</strong></span> <span class='ocrx_word' id='word_1_746' title='bbox 1607 1318 1680 1343; x_wconf 92' lang='lat' dir='ltr'><strong>non</strong></span> <span class='ocrx_word' id='word_1_747' title='bbox 1703 1311 1758 1343; x_wconf 91' lang='lat' dir='ltr'><strong>est</strong></span> <span class='ocrx_word' id='word_1_748' title='bbox 1780 1306 2010 1352; x_wconf 87' lang='lat' dir='ltr'><strong>prohibitum.</strong></span> 
     </span>
    </p>

    <p class='ocr_par' dir='ltr' id='par_1_28' title="bbox 1332 1350 2418 1669">
     <span class='ocr_line' id='line_1_114' title="bbox 1378 1350 2415 1398; baseline -0.004 -9"><span class='ocrx_word' id='word_1_749' title='bbox 1378 1351 1431 1390; x_wconf 88' lang='lat'><strong>47</strong></span> <span class='ocrx_word' id='word_1_750' title='bbox 1465 1352 1625 1388; x_wconf 56' lang='lat' dir='ltr'><strong>Panos</strong></span> <span class='ocrx_word' id='word_1_751' title='bbox 1651 1352 1743 1389; x_wconf 83' lang='lat' dir='ltr'><strong>libro</strong></span> <span class='ocrx_word' id='word_1_752' title='bbox 1773 1353 1899 1398; x_wconf 80' lang='lat' dir='ltr'><strong>quinto</strong></span> <span class='ocrx_word' id='word_1_753' title='bbox 1929 1351 2186 1386; x_wconf 78' lang='lat' dir='ltr'><strong>sententiarum</strong></span> <span class='ocrx_word' id='word_1_754' title='bbox 2241 1350 2297 1386; x_wconf 89' lang='lat' dir='ltr'><strong>De</strong></span> <span class='ocrx_word' id='word_1_755' title='bbox 2327 1362 2415 1386; x_wconf 91' lang='lat' dir='ltr'><strong>uno-</strong></span> 
     </span>
     <span class='ocr_line' id='line_1_115' title="bbox 1333 1396 2418 1444; baseline -0.002 -11"><span class='ocrx_word' id='word_1_756' title='bbox 1333 1408 1474 1444; x_wconf 87' lang='lat' dir='ltr'><strong>quoque</strong></span> <span class='ocrx_word' id='word_1_757' title='bbox 1509 1398 1649 1443; x_wconf 87' lang='lat' dir='ltr'><strong>negotio</strong></span> <span class='ocrx_word' id='word_1_758' title='bbox 1683 1397 1933 1443; x_wconf 85' lang='lat' dir='ltr'><strong>praesentibus</strong></span> <span class='ocrx_word' id='word_1_759' title='bbox 1965 1396 2148 1439; x_wconf 89' lang='lat' dir='ltr'><strong>omnibus,</strong></span> <span class='ocrx_word' id='word_1_760' title='bbox 2185 1406 2274 1441; x_wconf 91' lang='lat' dir='ltr'><strong>quos</strong></span> <span class='ocrx_word' id='word_1_761' title='bbox 2308 1406 2418 1431; x_wconf 86' lang='lat' dir='ltr'><strong>causa</strong></span> 
     </span>
     <span class='ocr_line' id='line_1_116' title="bbox 1333 1440 2417 1488; baseline -0.003 -10"><span class='ocrx_word' id='word_1_762' title='bbox 1333 1443 1521 1488; x_wconf 85' lang='lat' dir='ltr'><strong>contingit,</strong></span> <span class='ocrx_word' id='word_1_763' title='bbox 1567 1442 1718 1478; x_wconf 90' lang='lat' dir='ltr'><strong>iudicari</strong></span> <span class='ocrx_word' id='word_1_764' title='bbox 1753 1445 1912 1488; x_wconf 87' lang='lat' dir='ltr'><strong>oportet:</strong></span> <span class='ocrx_word' id='word_1_765' title='bbox 1956 1441 2061 1477; x_wconf 87' lang='lat' dir='ltr'><strong>aliter</strong></span> <span class='ocrx_word' id='word_1_766' title='bbox 2095 1440 2189 1477; x_wconf 90' lang='lat' dir='ltr'><strong>enim</strong></span> <span class='ocrx_word' id='word_1_767' title='bbox 2224 1440 2417 1476; x_wconf 90' lang='lat' dir='ltr'><strong>iudicatum</strong></span> 
     </span>
     <span class='ocr_line' id='line_1_117' title="bbox 1339 1485 2418 1533; baseline -0.001 -11"><span class='ocrx_word' id='word_1_768' title='bbox 1339 1493 1347 1522; x_wconf 90' lang='grc'>1</span> <span class='ocrx_word' id='word_1_769' title='bbox 1400 1492 1541 1524; x_wconf 89' lang='lat' dir='ltr'><strong>tantum</strong></span> <span class='ocrx_word' id='word_1_770' title='bbox 1563 1488 1657 1523; x_wconf 90' lang='lat' dir='ltr'><strong>inter</strong></span> <span class='ocrx_word' id='word_1_771' title='bbox 1687 1491 1896 1533; x_wconf 90' lang='lat' dir='ltr'><strong>praesentes</strong></span> <span class='ocrx_word' id='word_1_772' title='bbox 1919 1491 2028 1523; x_wconf 88' lang='lat' dir='ltr'><strong>tenet.</strong></span> <span class='ocrx_word' id='word_1_773' title='bbox 2075 1485 2144 1531; x_wconf 81' lang='lat' dir='ltr'><strong>Qui</strong></span> <span class='ocrx_word' id='word_1_774' title='bbox 2173 1486 2270 1532; x_wconf 90' lang='lat' dir='ltr'><strong>apud</strong></span> <span class='ocrx_word' id='word_1_775' title='bbox 2293 1486 2418 1522; x_wconf 89' lang='lat' dir='ltr'><strong>fiscum</strong></span> 
     </span>
     <span class='ocr_line' id='line_1_118' title="bbox 1333 1531 2416 1578; baseline -0.003 -9"><span class='ocrx_word' id='word_1_776' title='bbox 1333 1544 1479 1569; x_wconf 90' lang='lat' dir='ltr'><strong>causam</strong></span> <span class='ocrx_word' id='word_1_777' title='bbox 1502 1533 1692 1569; x_wconf 82' lang='lat' dir='ltr'><strong>defendere</strong></span> <span class='ocrx_word' id='word_1_778' title='bbox 1716 1533 1860 1578; x_wconf 88' lang='lat' dir='ltr'><strong>saepius</strong></span> <span class='ocrx_word' id='word_1_779' title='bbox 1885 1532 2084 1568; x_wconf 83' lang='lat' dir='ltr'><strong>conventi¹¹</strong></span> <span class='ocrx_word' id='word_1_780' title='bbox 2110 1531 2337 1577; x_wconf 85' lang='lat' dir='ltr'><strong>neglexerint,</strong></span> <span class='ocrx_word' id='word_1_781' title='bbox 2362 1542 2416 1567; x_wconf 90' lang='lat' dir='ltr'><strong>re-</strong></span> 
     </span>
     <span class='ocr_line' id='line_1_119' title="bbox 1333 1576 2417 1623; baseline -0.004 -8"><span class='ocrx_word' id='word_1_782' title='bbox 1333 1580 1400 1615; x_wconf 90' lang='lat' dir='ltr'><strong>bus</strong></span> <span class='ocrx_word' id='word_1_783' title='bbox 1430 1578 1598 1615; x_wconf 88' lang='lat' dir='ltr'><strong>iudicatis</strong></span> <span class='ocrx_word' id='word_1_784' title='bbox 1630 1578 1829 1614; x_wconf 87' lang='lat' dir='ltr'><strong>subiciendi</strong></span> <span class='ocrx_word' id='word_1_785' title='bbox 1858 1581 1954 1614; x_wconf 87' lang='lat' dir='ltr'><strong>sunt.</strong></span> <span class='ocrx_word' id='word_1_786' title='bbox 2001 1576 2097 1623; x_wconf 89' lang='lat' dir='ltr'><strong>quod</strong></span> <span class='ocrx_word' id='word_1_787' title='bbox 2119 1587 2161 1612; x_wconf 90' lang='lat' dir='ltr'><strong>eo</strong></span> <span class='ocrx_word' id='word_1_788' title='bbox 2185 1586 2232 1623; x_wconf 88' lang='lat' dir='ltr'><strong>ap</strong></span> <span class='ocrx_word' id='word_1_789' title='bbox 2259 1581 2353 1620; x_wconf 90' lang='lat' dir='ltr'><strong>aret,</strong></span> <span class='ocrx_word' id='word_1_790' title='bbox 2389 1577 2417 1612; x_wconf 92' lang='lat' dir='ltr'><strong>si</strong></span> 
     </span>
     <span class='ocr_line' id='line_1_120' title="bbox 1332 1588 2371 1669; baseline -0.004 -9"><span class='ocrx_word' id='word_1_791' title='bbox 1332 1634 1394 1660; x_wconf 87' lang='lat' dir='ltr'><strong>sae</strong></span> <span class='ocrx_word' id='word_1_792' title='bbox 1422 1635 1441 1659; x_wconf 89' lang='lat' dir='ltr'><strong>e</strong></span> <span class='ocrx_word' id='word_1_793' title='bbox 1465 1623 1630 1660; x_wconf 83' lang='lat' dir='ltr'><strong>conventi</strong></span> <span class='ocrx_word' id='word_1_794' title='bbox 1651 1623 1892 1669; x_wconf 88' lang='lat' dir='ltr'><strong>praesentiam</strong></span> <span class='ocrx_word' id='word_1_795' title='bbox 1915 1633 2017 1659; x_wconf 89' lang='lat' dir='ltr'><strong>suam</strong></span> <span class='ocrx_word' id='word_1_796' title='bbox 2039 1622 2160 1657; x_wconf 83' lang='lat' dir='ltr'><strong>facere</strong></span> <span class='ocrx_word' id='word_1_797' title='bbox 2181 1588 2371 1657; x_wconf 51' lang='lat' dir='ltr'><strong>nogierint.</strong></span> 
     </span>
    </p>

    <p class='ocr_par' dir='ltr' id='par_1_29' title="bbox 1333 1667 2417 1759">
     <span class='ocr_line' id='line_1_121' title="bbox 1409 1667 2417 1714; baseline -0.002 -9"><span class='ocrx_word' id='word_1_798' title='bbox 1409 1667 1433 1707; x_wconf 91' lang='lat'>8</span> <span class='ocrx_word' id='word_1_799' title='bbox 1457 1669 1734 1705; x_wconf 67' lang='lat' dir='ltr'><strong>Tarmomzws</strong></span> <span class='ocrx_word' id='word_1_800' title='bbox 1750 1669 1842 1704; x_wconf 80' lang='lat' dir='ltr'><strong>libro</strong></span> <span class='ocrx_word' id='word_1_801' title='bbox 1853 1668 2011 1704; x_wconf 81' lang='lat' dir='ltr'><strong>secundo</strong></span> <span class='ocrx_word' id='word_1_802' title='bbox 2029 1667 2313 1714; x_wconf 57' lang='lat' dir='ltr'><strong>disputationum</strong></span> <span class='ocrx_word' id='word_1_803' title='bbox 2346 1667 2417 1703; x_wconf 89' lang='lat' dir='ltr'><strong>De·</strong></span> 
     </span>
     <span class='ocr_line' id='line_1_122' title="bbox 1333 1711 2244 1759; baseline -0.003 -9"><span class='ocrx_word' id='word_1_804' title='bbox 1333 1719 1432 1750; x_wconf 90' lang='lat' dir='ltr'><strong>creta</strong></span> <span class='ocrx_word' id='word_1_805' title='bbox 1455 1725 1477 1749; x_wconf 88' lang='lat' dir='ltr'><strong>a</strong></span> <span class='ocrx_word' id='word_1_806' title='bbox 1498 1714 1725 1759; x_wconf 89' lang='lat' dir='ltr'><strong>praetoribus</strong></span> <span class='ocrx_word' id='word_1_807' title='bbox 1749 1713 1878 1749; x_wconf 86' lang='lat' dir='ltr'><strong>Latine</strong></span> <span class='ocrx_word' id='word_1_808' title='bbox 1900 1713 2078 1758; x_wconf 87' lang='lat' dir='ltr'><strong>interponi</strong></span> <span class='ocrx_word' id='word_1_809' title='bbox 2102 1711 2244 1748; x_wconf 90' lang='lat' dir='ltr'><strong>debent.</strong></span> 
     </span>
    </p>

    <p class='ocr_par' dir='ltr' id='par_1_30' title="bbox 1332 1757 2420 2257">
     <span class='ocr_line' id='line_1_123' title="bbox 1379 1757 2417 1798; baseline -0.004 -1"><span class='ocrx_word' id='word_1_810' title='bbox 1379 1757 1433 1798; x_wconf 87' lang='grc'><strong>49</strong></span> <span class='ocrx_word' id='word_1_811' title='bbox 1458 1759 1617 1795; x_wconf 51' lang='lat' dir='ltr'><strong>Panos</strong></span> <span class='ocrx_word' id='word_1_812' title='bbox 1637 1759 1728 1795; x_wconf 83' lang='lat' dir='ltr'><strong>libro</strong></span> <span class='ocrx_word' id='word_1_813' title='bbox 1752 1757 1909 1794; x_wconf 79' lang='lat' dir='ltr'><strong>secundo</strong></span> <span class='ocrx_word' id='word_1_814' title='bbox 1933 1758 2154 1794; x_wconf 78' lang='lat' dir='ltr'><strong>manualium</strong></span> <span class='ocrx_word' id='word_1_815' title='bbox 2198 1757 2251 1792; x_wconf 89' lang='lat' dir='ltr'><strong>Et</strong></span> <span class='ocrx_word' id='word_1_816' title='bbox 2273 1758 2417 1793; x_wconf 82' lang='lat' dir='ltr'><strong>exhere-</strong></span> 
     </span>
     <span class='ocr_line' id='line_1_124' title="bbox 1334 1802 2417 1849; baseline -0.003 -8"><span class='ocrx_word' id='word_1_817' title='bbox 1334 1804 1460 1841; x_wconf 90' lang='lat' dir='ltr'><strong>datum</strong></span> <span class='ocrx_word' id='word_1_818' title='bbox 1481 1804 1537 1840; x_wconf 85' lang='lat' dir='ltr'><strong>vel</strong></span> <span class='ocrx_word' id='word_1_819' title='bbox 1560 1815 1659 1847; x_wconf 90' lang='lat' dir='ltr'><strong>eum,</strong></span> <span class='ocrx_word' id='word_1_820' title='bbox 1691 1803 1753 1849; x_wconf 90' lang='lat' dir='ltr'><strong>qui</strong></span> <span class='ocrx_word' id='word_1_821' title='bbox 1776 1814 1815 1839; x_wconf 88' lang='lat' dir='ltr'><strong>se</strong></span> <span class='ocrx_word' id='word_1_822' title='bbox 1837 1807 1990 1849; x_wconf 88' lang='lat' dir='ltr'><strong>paterna</strong></span> <span class='ocrx_word' id='word_1_823' title='bbox 2011 1802 2208 1838; x_wconf 89' lang='lat' dir='ltr'><strong>hereditate</strong></span> <span class='ocrx_word' id='word_1_824' title='bbox 2234 1802 2417 1845; x_wconf 72' lang='lat' dir='ltr'><strong>abstinuit,</strong></span> 
     </span>
     <span class='ocr_line' id='line_1_125' title="bbox 1333 1847 2418 1896; baseline -0.003 -10"><span class='ocrx_word' id='word_1_825' title='bbox 1333 1861 1401 1886; x_wconf 93' lang='lat' dir='ltr'><strong>nec</strong></span> <span class='ocrx_word' id='word_1_826' title='bbox 1425 1860 1470 1886; x_wconf 86' lang='lat' dir='ltr'><strong>ex</strong></span> <span class='ocrx_word' id='word_1_827' title='bbox 1491 1850 1604 1896; x_wconf 90' lang='lat' dir='ltr'><strong>ipsius</strong></span> <span class='ocrx_word' id='word_1_828' title='bbox 1629 1853 1816 1885; x_wconf 87' lang='lat' dir='ltr'><strong>contractu</strong></span> <span class='ocrx_word' id='word_1_829' title='bbox 1839 1849 1910 1884; x_wconf 89' lang='lat' dir='ltr'><strong>nisi</strong></span> <span class='ocrx_word' id='word_1_830' title='bbox 1924 1848 1952 1870; x_wconf 85' lang='lat'><strong>¹²</strong></span> <span class='ocrx_word' id='word_1_831' title='bbox 1981 1848 2019 1884; x_wconf 94' lang='lat' dir='ltr'><strong>id</strong></span> <span class='ocrx_word' id='word_1_832' title='bbox 2042 1847 2138 1893; x_wconf 90' lang='lat' dir='ltr'><strong>quod</strong></span> <span class='ocrx_word' id='word_1_833' title='bbox 2160 1847 2280 1884; x_wconf 84' lang='lat' dir='ltr'><strong>facere</strong></span> <span class='ocrx_word' id='word_1_834' title='bbox 2300 1853 2418 1894; x_wconf 89' lang='lat' dir='ltr'><strong>potest</strong></span> 
     </span>
     <span class='ocr_line' id='line_1_126' title="bbox 1335 1893 2418 1940; baseline -0.003 -8"><span class='ocrx_word' id='word_1_835' title='bbox 1335 1895 1654 1932; x_wconf 88' lang='lat' dir='ltr'><strong>condemnandum.</strong></span> <span class='ocrx_word' id='word_1_836' title='bbox 1702 1893 1998 1940; x_wconf 90' lang='lat' dir='ltr'><strong>quemadmodum</strong></span> <span class='ocrx_word' id='word_1_837' title='bbox 2027 1897 2148 1929; x_wconf 87' lang='lat' dir='ltr'><strong>autem</strong></span> <span class='ocrx_word' id='word_1_838' title='bbox 2170 1893 2290 1929; x_wconf 82' lang='lat' dir='ltr'><strong>facere</strong></span> <span class='ocrx_word' id='word_1_839' title='bbox 2312 1904 2418 1940; x_wconf 89' lang='lat' dir='ltr'><strong>posse</strong></span> 
     </span>
     <span class='ocr_line' id='line_1_127' title="bbox 1338 1938 2419 1983; baseline -0.003 -6"><span class='ocrx_word' id='word_1_840' title='bbox 1338 1941 1526 1983; x_wconf 89' lang='lat' dir='ltr'><strong>credatur,</strong></span> <span class='ocrx_word' id='word_1_841' title='bbox 1557 1939 1746 1976; x_wconf 89' lang='lat' dir='ltr'><strong>videndum</strong></span> <span class='ocrx_word' id='word_1_842' title='bbox 1778 1943 1850 1983; x_wconf 86' lang='lat' dir='ltr'><strong>est,</strong></span> <span class='ocrx_word' id='word_1_843' title='bbox 1886 1943 2007 1975; x_wconf 89' lang='lat' dir='ltr'><strong>utrum</strong></span> <span class='ocrx_word' id='word_1_844' title='bbox 2041 1938 2195 1974; x_wconf 88' lang='lat' dir='ltr'><strong>deducto</strong></span> <span class='ocrx_word' id='word_1_845' title='bbox 2220 1939 2315 1974; x_wconf 88' lang='lat' dir='ltr'><strong>omni</strong></span> <span class='ocrx_word' id='word_1_846' title='bbox 2337 1949 2419 1975; x_wconf 87' lang='lat' dir='ltr'><strong>aere</strong></span> 
     </span>
     <span class='ocr_line' id='line_1_128' title="bbox 1337 1983 2419 2030; baseline -0.004 -8"><span class='ocrx_word' id='word_1_847' title='bbox 1337 1986 1474 2029; x_wconf 86' lang='lat' dir='ltr'><strong>alieno,</strong></span> <span class='ocrx_word' id='word_1_848' title='bbox 1507 1986 1617 2029; x_wconf 87' lang='lat' dir='ltr'><strong>ntis,</strong></span> <span class='ocrx_word' id='word_1_849' title='bbox 1654 1985 1715 2030; x_wconf 91' lang='lat' dir='ltr'><strong>qui</strong></span> <span class='ocrx_word' id='word_1_850' title='bbox 1748 1995 1792 2020; x_wconf 79' lang='lat' dir='ltr'><strong>ex</strong></span> <span class='ocrx_word' id='word_1_851' title='bbox 1822 1985 2015 2020; x_wconf 84' lang='lat' dir='ltr'><strong>donatione</strong></span> <span class='ocrx_word' id='word_1_852' title='bbox 2046 1983 2272 2027; x_wconf 88' lang='lat' dir='ltr'><strong>convenitur,</strong></span> <span class='ocrx_word' id='word_1_853' title='bbox 2308 1995 2356 2019; x_wconf 85' lang='lat' dir='ltr'><strong>an</strong></span> <span class='ocrx_word' id='word_1_854' title='bbox 2378 1989 2419 2019; x_wconf 88' lang='lat' dir='ltr'><strong>ut</strong></span> 
     </span>
     <span class='ocr_line' id='line_1_129' title="bbox 1332 2029 2420 2077; baseline -0.003 -10"><span class='ocrx_word' id='word_1_855' title='bbox 1332 2032 1483 2067; x_wconf 91' lang='lat' dir='ltr'><strong>maritus</strong></span> <span class='ocrx_word' id='word_1_856' title='bbox 1515 2035 1551 2067; x_wconf 90' lang='lat' dir='ltr'><strong>et</strong></span> <span class='ocrx_word' id='word_1_857' title='bbox 1580 2034 1756 2077; x_wconf 88' lang='lat' dir='ltr'><strong>patronus</strong></span> <span class='ocrx_word' id='word_1_858' title='bbox 1786 2030 1883 2066; x_wconf 88' lang='lat' dir='ltr'><strong>nullo</strong></span> <span class='ocrx_word' id='word_1_859' title='bbox 1913 2029 2064 2065; x_wconf 90' lang='lat' dir='ltr'><strong>deducto</strong></span> <span class='ocrx_word' id='word_1_860' title='bbox 2095 2039 2177 2064; x_wconf 90' lang='lat' dir='ltr'><strong>aere</strong></span> <span class='ocrx_word' id='word_1_861' title='bbox 2209 2029 2336 2064; x_wconf 90' lang='lat' dir='ltr'><strong>alieno.</strong></span> <span class='ocrx_word' id='word_1_862' title='bbox 2385 2035 2420 2065; x_wconf 88' lang='lat' dir='ltr'><strong>et</strong></span> 
     </span>
     <span class='ocr_line' id='line_1_130' title="bbox 1333 2074 2416 2119; baseline -0.003 -7"><span class='ocrx_word' id='word_1_863' title='bbox 1333 2077 1526 2112; x_wconf 89' lang='lat' dir='ltr'><strong>indubitati</strong></span> <span class='ocrx_word' id='word_1_864' title='bbox 1557 2075 1645 2112; x_wconf 91' lang='lat' dir='ltr'><strong>iuris</strong></span> <span class='ocrx_word' id='word_1_865' title='bbox 1679 2079 1735 2112; x_wconf 89' lang='lat' dir='ltr'><strong>est</strong></span> <span class='ocrx_word' id='word_1_866' title='bbox 1764 2075 1811 2111; x_wconf 86' lang='lat' dir='ltr'><strong>ad</strong></span> <span class='ocrx_word' id='word_1_867' title='bbox 1841 2075 2106 2111; x_wconf 87' lang='lat' dir='ltr'><strong>similitudinem</strong></span> <span class='ocrx_word' id='word_1_868' title='bbox 2128 2074 2194 2109; x_wconf 84' lang='lat' dir='ltr'><strong>viri</strong></span> <span class='ocrx_word' id='word_1_869' title='bbox 2217 2078 2253 2109; x_wconf 89' lang='lat' dir='ltr'><strong>et</strong></span> <span class='ocrx_word' id='word_1_870' title='bbox 2275 2076 2416 2119; x_wconf 84' lang='lat' dir='ltr'><strong>patroni</strong></span> 
     </span>
     <span class='ocr_line' id='line_1_131' title="bbox 1334 2119 2416 2170; baseline -0.003 -12"><span class='ocrx_word' id='word_1_871' title='bbox 1334 2133 1415 2158; x_wconf 89' lang='lat' dir='ltr'><strong>eum</strong></span> <span class='ocrx_word' id='word_1_872' title='bbox 1454 2121 1769 2170; x_wconf 62' lang='lat' dir='ltr'><strong>detrahendumffl:</strong></span> <span class='ocrx_word' id='word_1_873' title='bbox 1803 2120 1973 2167; x_wconf 84' lang='lat' dir='ltr'><strong>pinguius</strong></span> <span class='ocrx_word' id='word_1_874' title='bbox 2009 2120 2102 2156; x_wconf 90' lang='lat' dir='ltr'><strong>enim</strong></span> <span class='ocrx_word' id='word_1_875' title='bbox 2137 2119 2303 2155; x_wconf 87' lang='lat' dir='ltr'><strong>donatori</strong></span> <span class='ocrx_word' id='word_1_876' title='bbox 2337 2131 2416 2155; x_wconf 90' lang='lat' dir='ltr'><strong>suc-</strong></span> 
     </span>
     <span class='ocr_line' id='line_1_132' title="bbox 1334 2164 2416 2212; baseline -0.004 -8"><span class='ocrx_word' id='word_1_877' title='bbox 1334 2177 1479 2204; x_wconf 87' lang='lat' dir='ltr'><strong>currere</strong></span> <span class='ocrx_word' id='word_1_878' title='bbox 1510 2167 1679 2203; x_wconf 90' lang='lat' dir='ltr'><strong>debemus</strong></span> <span class='ocrx_word' id='word_1_879' title='bbox 1703 2175 1810 2212; x_wconf 87' lang='lat' dir='ltr'><strong>quam</strong></span> <span class='ocrx_word' id='word_1_880' title='bbox 1833 2165 1884 2210; x_wconf 91' lang='lat' dir='ltr'><strong>ei,</strong></span> <span class='ocrx_word' id='word_1_881' title='bbox 1916 2166 1977 2211; x_wconf 87' lang='lat' dir='ltr'><strong>qui</strong></span> <span class='ocrx_word' id='word_1_882' title='bbox 2000 2175 2122 2201; x_wconf 86' lang='lat' dir='ltr'><strong>verum</strong></span> <span class='ocrx_word' id='word_1_883' title='bbox 2151 2164 2309 2201; x_wconf 90' lang='lat' dir='ltr'><strong>debitum</strong></span> <span class='ocrx_word' id='word_1_884' title='bbox 2336 2175 2416 2210; x_wconf 91' lang='lat' dir='ltr'><strong>per-</strong></span> 
     </span>
     <span class='ocr_line' id='line_1_133' title="bbox 1333 2211 1728 2257; baseline -0.005 -8"><span class='ocrx_word' id='word_1_885' title='bbox 1333 2213 1470 2249; x_wconf 85' lang='lat' dir='ltr'><strong>solvere</strong></span> <span class='ocrx_word' id='word_1_886' title='bbox 1493 2211 1728 2257; x_wconf 87' lang='lat' dir='ltr'><strong>compellitur,</strong></span> 
     </span>
    </p>

    <p class='ocr_par' dir='ltr' id='par_1_31' title="bbox 1333 2255 2416 2347">
     <span class='ocr_line' id='line_1_134' title="bbox 1379 2255 2416 2301; baseline -0.006 -6"><span class='ocrx_word' id='word_1_887' title='bbox 1379 2256 1433 2296; x_wconf 90' lang='lat'><strong>50</strong></span> <span class='ocrx_word' id='word_1_888' title='bbox 1468 2258 1746 2294; x_wconf 71' lang='lat' dir='ltr'><strong><em>TRYPHOMNUS</em></strong></span> <span class='ocrx_word' id='word_1_889' title='bbox 1773 2256 1864 2292; x_wconf 79' lang='lat' dir='ltr'><strong>libro</strong></span> <span class='ocrx_word' id='word_1_890' title='bbox 1897 2255 2106 2291; x_wconf 81' lang='lat' dir='ltr'><strong>duodecimo</strong></span> <span class='ocrx_word' id='word_1_891' title='bbox 2135 2255 2416 2301; x_wconf 61' lang='lat' dir='ltr'><strong>disputationum</strong></span> 
     </span>
     <span class='ocr_line' id='line_1_135' title="bbox 1333 2300 2189 2347; baseline -0.004 -9"><span class='ocrx_word' id='word_1_892' title='bbox 1333 2314 1378 2340; x_wconf 88' lang='lat' dir='ltr'><strong>ne</strong></span> <span class='ocrx_word' id='word_1_893' title='bbox 1401 2303 1615 2339; x_wconf 87' lang='lat' dir='ltr'><strong>liberalitate</strong></span> <span class='ocrx_word' id='word_1_894' title='bbox 1639 2312 1706 2338; x_wconf 86' lang='lat' dir='ltr'><strong>sua</strong></span> <span class='ocrx_word' id='word_1_895' title='bbox 1728 2302 1832 2347; x_wconf 91' lang='lat' dir='ltr'><strong>inops</strong></span> <span class='ocrx_word' id='word_1_896' title='bbox 1855 2301 1935 2337; x_wconf 88' lang='lat' dir='ltr'><strong>fieri</strong></span> <span class='ocrx_word' id='word_1_897' title='bbox 1956 2300 2189 2346; x_wconf 88' lang='lat' dir='ltr'><strong>periclitetur.</strong></span> 
     </span>
    </p>

    <p class='ocr_par' dir='ltr' id='par_1_32' title="bbox 1333 2344 2418 2664">
     <span class='ocr_line' id='line_1_136' title="bbox 1379 2344 2416 2390; baseline -0.004 -5"><span class='ocrx_word' id='word_1_898' title='bbox 1379 2347 1429 2386; x_wconf 86' lang='lat'><strong>51</strong></span> <span class='ocrx_word' id='word_1_899' title='bbox 1468 2348 1629 2383; x_wconf 73' lang='lat' dir='ltr'><strong>PAULvs</strong></span> <span class='ocrx_word' id='word_1_900' title='bbox 1662 2347 1754 2383; x_wconf 83' lang='lat' dir='ltr'><strong>libro</strong></span> <span class='ocrx_word' id='word_1_901' title='bbox 1791 2346 1948 2382; x_wconf 76' lang='lat' dir='ltr'><strong>secundo</strong></span> <span class='ocrx_word' id='word_1_902' title='bbox 1982 2345 2206 2381; x_wconf 77' lang='lat' dir='ltr'><strong>manualium</strong></span> <span class='ocrx_word' id='word_1_903' title='bbox 2260 2344 2298 2380; x_wconf 90' lang='lat' dir='ltr'><strong>Si</strong></span> <span class='ocrx_word' id='word_1_904' title='bbox 2338 2346 2416 2390; x_wconf 87' lang='lat' dir='ltr'><strong>quis</strong></span> 
     </span>
     <span class='ocr_line' id='line_1_137' title="bbox 1333 2390 2414 2437; baseline -0.005 -7"><span class='ocrx_word' id='word_1_905' title='bbox 1333 2393 1416 2430; x_wconf 95' lang='lat' dir='ltr'><strong>dolo</strong></span> <span class='ocrx_word' id='word_1_906' title='bbox 1439 2393 1583 2437; x_wconf 86' lang='lat' dir='ltr'><strong>fecerit,</strong></span> <span class='ocrx_word' id='word_1_907' title='bbox 1607 2396 1648 2428; x_wconf 93' lang='lat' dir='ltr'><strong>ut</strong></span> <span class='ocrx_word' id='word_1_908' title='bbox 1671 2393 1767 2428; x_wconf 88' lang='lat' dir='ltr'><strong>bona</strong></span> <span class='ocrx_word' id='word_1_909' title='bbox 1789 2391 1865 2427; x_wconf 90' lang='lat' dir='ltr'><strong>eius</strong></span> <span class='ocrx_word' id='word_1_910' title='bbox 1889 2391 2059 2434; x_wconf 89' lang='lat' dir='ltr'><strong>venirent,</strong></span> <span class='ocrx_word' id='word_1_911' title='bbox 2082 2391 2120 2426; x_wconf 91' lang='lat' dir='ltr'><strong>in</strong></span> <span class='ocrx_word' id='word_1_912' title='bbox 2143 2390 2297 2426; x_wconf 89' lang='lat' dir='ltr'><strong>solidum</strong></span> <span class='ocrx_word' id='word_1_913' title='bbox 2319 2395 2414 2426; x_wconf 91' lang='lat' dir='ltr'><strong>tene-</strong></span> 
     </span>
     <span class='ocr_line' id='line_1_138' title="bbox 1340 2435 2414 2483; baseline -0.003 -9"><span class='ocrx_word' id='word_1_914' title='bbox 1340 2443 1352 2473; x_wconf 85' lang='lat'>1</span> <span class='ocrx_word' id='word_1_915' title='bbox 1402 2443 1472 2474; x_wconf 88' lang='lat' dir='ltr'><strong>tur.</strong></span> <span class='ocrx_word' id='word_1_916' title='bbox 1521 2438 1559 2473; x_wconf 90' lang='lat' dir='ltr'><strong>Si</strong></span> <span class='ocrx_word' id='word_1_917' title='bbox 1582 2438 1660 2483; x_wconf 91' lang='lat' dir='ltr'><strong>quis</strong></span> <span class='ocrx_word' id='word_1_918' title='bbox 1685 2437 1895 2473; x_wconf 89' lang='lat' dir='ltr'><strong>creditorem</strong></span> <span class='ocrx_word' id='word_1_919' title='bbox 1928 2437 2074 2471; x_wconf 87' lang='lat' dir='ltr'><strong>missum</strong></span> <span class='ocrx_word' id='word_1_920' title='bbox 2096 2435 2134 2470; x_wconf 92' lang='lat' dir='ltr'><strong>in</strong></span> <span class='ocrx_word' id='word_1_921' title='bbox 2155 2436 2414 2480; x_wconf 87' lang='lat' dir='ltr'><strong>possessionem</strong></span> 
     </span>
     <span class='ocr_line' id='line_1_139' title="bbox 1333 2480 2413 2526; baseline -0.005 -6"><span class='ocrx_word' id='word_1_922' title='bbox 1333 2484 1385 2520; x_wconf 91' lang='lat' dir='ltr'><strong>rei</strong></span> <span class='ocrx_word' id='word_1_923' title='bbox 1408 2483 1604 2520; x_wconf 89' lang='lat' dir='ltr'><strong>servandae</strong></span> <span class='ocrx_word' id='word_1_924' title='bbox 1629 2493 1740 2518; x_wconf 88' lang='lat' dir='ltr'><strong>causa</strong></span> <span class='ocrx_word' id='word_1_925' title='bbox 1763 2492 1836 2518; x_wconf 89' lang='lat' dir='ltr'><strong>non</strong></span> <span class='ocrx_word' id='word_1_926' title='bbox 1859 2482 2050 2523; x_wconf 88' lang='lat' dir='ltr'><strong>admiserit,</strong></span> <span class='ocrx_word' id='word_1_927' title='bbox 2074 2481 2105 2516; x_wconf 93' lang='lat' dir='ltr'><strong>si</strong></span> <span class='ocrx_word' id='word_1_928' title='bbox 2130 2480 2292 2516; x_wconf 85' lang='lat' dir='ltr'><strong>venditor</strong></span> <span class='ocrx_word' id='word_1_929' title='bbox 2312 2491 2413 2526; x_wconf 88' lang='lat' dir='ltr'><strong>prae-</strong></span> 
     </span>
     <span class='ocr_line' id='line_1_140' title="bbox 1334 2525 2418 2572; baseline -0.005 -7"><span class='ocrx_word' id='word_1_930' title='bbox 1334 2529 1464 2565; x_wconf 86' lang='lat' dir='ltr'><strong>stiterit</strong></span> <span class='ocrx_word' id='word_1_931' title='bbox 1498 2528 1683 2571; x_wconf 88' lang='lat' dir='ltr'><strong>creditori,</strong></span> <span class='ocrx_word' id='word_1_932' title='bbox 1719 2527 1844 2572; x_wconf 88' lang='lat' dir='ltr'><strong>quanti</strong></span> <span class='ocrx_word' id='word_1_933' title='bbox 1867 2527 1943 2562; x_wconf 90' lang='lat' dir='ltr'><strong>eius</strong></span> <span class='ocrx_word' id='word_1_934' title='bbox 1966 2525 2185 2568; x_wconf 80' lang='lat' dir='ltr'><strong>interfuerit,</strong></span> <span class='ocrx_word' id='word_1_935' title='bbox 2217 2527 2418 2570; x_wconf 88' lang='lat' dir='ltr'><strong>quaesitum</strong></span> 
     </span>
     <span class='ocr_line' id='line_1_141' title="bbox 1335 2571 2418 2618; baseline -0.004 -8"><span class='ocrx_word' id='word_1_936' title='bbox 1335 2578 1390 2610; x_wconf 89' lang='lat' dir='ltr'><strong>est</strong></span> <span class='ocrx_word' id='word_1_937' title='bbox 1419 2584 1466 2610; x_wconf 90' lang='lat' dir='ltr'><strong>an</strong></span> <span class='ocrx_word' id='word_1_938' title='bbox 1497 2574 1638 2609; x_wconf 89' lang='lat' dir='ltr'><strong>debitor</strong></span> <span class='ocrx_word' id='word_1_939' title='bbox 1671 2573 1852 2618; x_wconf 84' lang='lat' dir='ltr'><strong>liberetur.</strong></span> <span class='ocrx_word' id='word_1_940' title='bbox 1913 2577 1950 2607; x_wconf 91' lang='lat' dir='ltr'><strong>et</strong></span> <span class='ocrx_word' id='word_1_941' title='bbox 1984 2575 2072 2616; x_wconf 88' lang='lat' dir='ltr'><strong>puto</strong></span> <span class='ocrx_word' id='word_1_942' title='bbox 2107 2571 2310 2616; x_wconf 89' lang='lat' dir='ltr'><strong>improbum</strong></span> <span class='ocrx_word' id='word_1_943' title='bbox 2340 2582 2418 2606; x_wconf 87' lang='lat' dir='ltr'><strong>esse</strong></span> 
     </span>
     <span class='ocr_line' id='line_1_142' title="bbox 1334 2616 2259 2664; baseline -0.004 -9"><span class='ocrx_word' id='word_1_944' title='bbox 1334 2630 1432 2661; x_wconf 91' lang='lat' dir='ltr'><strong>eum,</strong></span> <span class='ocrx_word' id='word_1_945' title='bbox 1456 2620 1518 2664; x_wconf 89' lang='lat' dir='ltr'><strong>qui</strong></span> <span class='ocrx_word' id='word_1_946' title='bbox 1540 2618 1625 2654; x_wconf 89' lang='lat' dir='ltr'><strong>velit</strong></span> <span class='ocrx_word' id='word_1_947' title='bbox 1646 2618 1775 2654; x_wconf 85' lang='lat' dir='ltr'><strong>iterum</strong></span> <span class='ocrx_word' id='word_1_948' title='bbox 1798 2627 1906 2653; x_wconf 91' lang='lat' dir='ltr'><strong>conse</strong></span> <span class='ocrx_word' id='word_1_949' title='bbox 1930 2617 1968 2652; x_wconf 90' lang='lat' dir='ltr'><strong>ui</strong></span> <span class='ocrx_word' id='word_1_950' title='bbox 1991 2616 2088 2662; x_wconf 89' lang='lat' dir='ltr'><strong>quod</strong></span> <span class='ocrx_word' id='word_1_951' title='bbox 2110 2616 2259 2661; x_wconf 87' lang='lat' dir='ltr'><strong>accepit.</strong></span> 
     </span>
    </p>

    <p class='ocr_par' dir='ltr' id='par_1_33' title="bbox 1333 2629 2418 2882">
     <span class='ocr_line' id='line_1_143' title="bbox 1380 2629 2417 2708; baseline -0.007 -6"><span class='ocrx_word' id='word_1_952' title='bbox 1380 2663 1433 2702; x_wconf 84' lang='lat'><strong>52</strong></span> <span class='ocrx_word' id='word_1_953' title='bbox 1469 2665 1745 2700; x_wconf 70' lang='lat' dir='ltr'><strong>TRYPHomzws</strong></span> <span class='ocrx_word' id='word_1_954' title='bbox 1773 2663 1864 2699; x_wconf 79' lang='lat' dir='ltr'><strong>libro</strong></span> <span class='ocrx_word' id='word_1_955' title='bbox 1894 2629 2102 2697; x_wconf 39' lang='lat' dir='ltr'><strong>(duodecimo</strong></span> <span class='ocrx_word' id='word_1_956' title='bbox 2134 2660 2417 2708; x_wconf 79' lang='lat' dir='ltr'><strong>disputationum</strong></span> 
     </span>
     <span class='ocr_line' id='line_1_144' title="bbox 1334 2707 2416 2752; baseline -0.005 -6"><span class='ocrx_word' id='word_1_957' title='bbox 1334 2710 1372 2746; x_wconf 90' lang='lat' dir='ltr'><strong>Si</strong></span> <span class='ocrx_word' id='word_1_958' title='bbox 1406 2720 1527 2746; x_wconf 90' lang='lat' dir='ltr'><strong>rerum</strong></span> <span class='ocrx_word' id='word_1_959' title='bbox 1561 2712 1761 2744; x_wconf 87' lang='lat' dir='ltr'><strong>amotarum</strong></span> <span class='ocrx_word' id='word_1_960' title='bbox 1796 2718 1878 2743; x_wconf 91' lang='lat' dir='ltr'><strong>cum</strong></span> <span class='ocrx_word' id='word_1_961' title='bbox 1912 2707 1986 2743; x_wconf 86' lang='lat' dir='ltr'><strong>viro</strong></span> <span class='ocrx_word' id='word_1_962' title='bbox 2022 2710 2168 2751; x_wconf 88' lang='lat' dir='ltr'><strong>agatur,</strong></span> <span class='ocrx_word' id='word_1_963' title='bbox 2204 2716 2416 2752; x_wconf 87' lang='lat' dir='ltr'><strong>quamquam</strong></span> 
     </span>
     <span class='ocr_line' id='line_1_145' title="bbox 1333 2751 2418 2799; baseline -0.005 -8"><span class='ocrx_word' id='word_1_964' title='bbox 1333 2755 1495 2791; x_wconf 86' lang='lat' dir='ltr'><strong>videatur</strong></span> <span class='ocrx_word' id='word_1_965' title='bbox 1519 2765 1561 2790; x_wconf 87' lang='lat' dir='ltr'><strong>ea</strong></span> <span class='ocrx_word' id='word_1_966' title='bbox 1578 2764 1720 2799; x_wconf 87' lang='lat' dir='ltr'><strong>quoque</strong></span> <span class='ocrx_word' id='word_1_967' title='bbox 1739 2753 1833 2789; x_wconf 89' lang='lat' dir='ltr'><strong>actio</strong></span> <span class='ocrx_word' id='word_1_968' title='bbox 1856 2752 2101 2798; x_wconf 81' lang='lat' dir='ltr'><strong>praecedentis</strong></span> <span class='ocrx_word' id='word_1_969' title='bbox 2125 2751 2305 2787; x_wconf 90' lang='lat' dir='ltr'><strong>societatis</strong></span> <span class='ocrx_word' id='word_1_970' title='bbox 2324 2751 2418 2786; x_wconf 88' lang='lat' dir='ltr'><strong>vitae</strong></span> 
     </span>
     <span class='ocr_line' id='line_1_146' title="bbox 1335 2796 2414 2841; baseline -0.006 -4"><span class='ocrx_word' id='word_1_971' title='bbox 1335 2811 1481 2837; x_wconf 87' lang='lat' dir='ltr'><strong>causam</strong></span> <span class='ocrx_word' id='word_1_972' title='bbox 1503 2800 1685 2841; x_wconf 88' lang='lat' dir='ltr'><strong>habuisse,</strong></span> <span class='ocrx_word' id='word_1_973' title='bbox 1709 2798 1748 2834; x_wconf 94' lang='lat' dir='ltr'><strong>in</strong></span> <span class='ocrx_word' id='word_1_974' title='bbox 1766 2797 1919 2835; x_wconf 82' lang='lat' dir='ltr'><strong>solidum</strong></span> <span class='ocrx_word' id='word_1_975' title='bbox 1944 2796 2173 2833; x_wconf 89' lang='lat' dir='ltr'><strong>condemnari</strong></span> <span class='ocrx_word' id='word_1_976' title='bbox 2189 2796 2304 2840; x_wconf 88' lang='lat' dir='ltr'><strong>debet,</strong></span> <span class='ocrx_word' id='word_1_977' title='bbox 2329 2807 2414 2841; x_wconf 86' lang='lat' dir='ltr'><strong>quo-</strong></span> 
     </span>
     <span class='ocr_line' id='line_1_147' title="bbox 1333 2841 2227 2882; baseline -0.006 0"><span class='ocrx_word' id='word_1_978' title='bbox 1333 2847 1429 2882; x_wconf 87' lang='lat' dir='ltr'><strong>niam</strong></span> <span class='ocrx_word' id='word_1_979' title='bbox 1454 2857 1498 2881; x_wconf 86' lang='lat' dir='ltr'><strong>ex</strong></span> <span class='ocrx_word' id='word_1_980' title='bbox 1521 2844 1614 2880; x_wconf 90' lang='lat' dir='ltr'><strong>male</strong></span> <span class='ocrx_word' id='word_1_981' title='bbox 1637 2847 1826 2879; x_wconf 91' lang='lat' dir='ltr'><strong>contractu</strong></span> <span class='ocrx_word' id='word_1_982' title='bbox 1839 2845 1867 2865; x_wconf 80' lang='lat'><strong>¹⁴</strong></span> <span class='ocrx_word' id='word_1_983' title='bbox 1891 2848 1928 2878; x_wconf 92' lang='lat' dir='ltr'><strong>et</strong></span> <span class='ocrx_word' id='word_1_984' title='bbox 1950 2842 2078 2878; x_wconf 88' lang='lat' dir='ltr'><strong>delicto</strong></span> <span class='ocrx_word' id='word_1_985' title='bbox 2102 2841 2227 2878; x_wconf 90' lang='lat' dir='ltr'><strong>oritur.</strong></span> 
     </span>
    </p>

    <p class='ocr_par' dir='ltr' id='par_1_34' title="bbox 1332 2887 2415 3386">
     <span class='ocr_line' id='line_1_148' title="bbox 1380 2887 2414 2933; baseline -0.007 -5"><span class='ocrx_word' id='word_1_986' title='bbox 1380 2889 1432 2929; x_wconf 89' lang='lat'><strong>53</strong></span> <span class='ocrx_word' id='word_1_987' title='bbox 1452 2890 1797 2926; x_wconf 63' lang='lat' dir='ltr'><strong>Hrauoossmfflos</strong></span> <span class='ocrx_word' id='word_1_988' title='bbox 1817 2888 1907 2924; x_wconf 82' lang='lat' dir='ltr'><strong>libro</strong></span> <span class='ocrx_word' id='word_1_989' title='bbox 1957 2889 2049 2923; x_wconf 88' lang='lat' dir='ltr'><strong>rimo</strong></span> <span class='ocrx_word' id='word_1_990' title='bbox 2073 2887 2164 2923; x_wconf 77' lang='lat' dir='ltr'><strong>iuris</strong></span> <span class='ocrx_word' id='word_1_991' title='bbox 2179 2887 2414 2933; x_wconf 78' lang='lat' dir='ltr'><strong>epitomarum</strong></span> 
     </span>
     <span class='ocr_line' id='line_1_149' title="bbox 1335 2932 2414 2979; baseline -0.006 -7"><span class='ocrx_word' id='word_1_992' title='bbox 1335 2935 1568 2973; x_wconf 72' lang='lat' dir='ltr'><strong>Contumacis-</strong></span> <span class='ocrx_word' id='word_1_993' title='bbox 1586 2945 1720 2975; x_wconf 87' lang='lat' dir='ltr'><strong>eorum,</strong></span> <span class='ocrx_word' id='word_1_994' title='bbox 1745 2933 1806 2979; x_wconf 88' lang='lat' dir='ltr'><strong>qui</strong></span> <span class='ocrx_word' id='word_1_995' title='bbox 1827 2933 1884 2969; x_wconf 90' lang='lat' dir='ltr'><strong>ius</strong></span> <span class='ocrx_word' id='word_1_996' title='bbox 1947 2932 2041 2969; x_wconf 89' lang='lat' dir='ltr'><strong>centi</strong></span> <span class='ocrx_word' id='word_1_997' title='bbox 2062 2942 2135 2968; x_wconf 90' lang='lat' dir='ltr'><strong>non</strong></span> <span class='ocrx_word' id='word_1_998' title='bbox 2158 2932 2414 2977; x_wconf 86' lang='lat' dir='ltr'><strong>obtemperant,</strong></span> 
     </span>
     <span class='ocr_line' id='line_1_150' title="bbox 1339 2977 2414 3022; baseline -0.006 -5"><span class='ocrx_word' id='word_1_999' title='bbox 1339 2986 1353 3017; x_wconf 92' lang='lat'>1</span> <span class='ocrx_word' id='word_1_1000' title='bbox 1403 2981 1475 3017; x_wconf 89' lang='lat' dir='ltr'><strong>litis</strong></span> <span class='ocrx_word' id='word_1_1001' title='bbox 1500 2981 1628 3016; x_wconf 89' lang='lat' dir='ltr'><strong>damno</strong></span> <span class='ocrx_word' id='word_1_1002' title='bbox 1653 2982 1849 3014; x_wconf 88' lang='lat' dir='ltr'><strong>coercetur.</strong></span> <span class='ocrx_word' id='word_1_1003' title='bbox 1899 2978 2099 3015; x_wconf 84' lang='lat' dir='ltr'><strong>Contumax</strong></span> <span class='ocrx_word' id='word_1_1004' title='bbox 2122 2980 2194 3020; x_wconf 90' lang='lat' dir='ltr'><strong>est,</strong></span> <span class='ocrx_word' id='word_1_1005' title='bbox 2218 2977 2278 3022; x_wconf 89' lang='lat' dir='ltr'><strong>qui</strong></span> <span class='ocrx_word' id='word_1_1006' title='bbox 2301 2977 2414 3012; x_wconf 88' lang='lat' dir='ltr'><strong>tribus</strong></span> 
     </span>
     <span class='ocr_line' id='line_1_151' title="bbox 1334 3021 2415 3071; baseline -0.004 -9"><span class='ocrx_word' id='word_1_1007' title='bbox 1334 3026 1458 3062; x_wconf 91' lang='lat' dir='ltr'><strong>edictis</strong></span> <span class='ocrx_word' id='word_1_1008' title='bbox 1493 3024 1684 3071; x_wconf 85' lang='lat' dir='ltr'><strong>propositis</strong></span> <span class='ocrx_word' id='word_1_1009' title='bbox 1721 3024 1776 3059; x_wconf 91' lang='lat' dir='ltr'><strong>vel</strong></span> <span class='ocrx_word' id='word_1_1010' title='bbox 1806 3034 1878 3059; x_wconf 91' lang='lat' dir='ltr'><strong>uno</strong></span> <span class='ocrx_word' id='word_1_1011' title='bbox 1918 3034 1985 3069; x_wconf 87' lang='lat' dir='ltr'><strong>pro</strong></span> <span class='ocrx_word' id='word_1_1012' title='bbox 2016 3022 2150 3066; x_wconf 89' lang='lat' dir='ltr'><strong>tribus,</strong></span> <span class='ocrx_word' id='word_1_1013' title='bbox 2186 3021 2281 3066; x_wconf 86' lang='lat' dir='ltr'><strong>quod</strong></span> <span class='ocrx_word' id='word_1_1014' title='bbox 2311 3022 2415 3066; x_wconf 86' lang='lat' dir='ltr'><strong>vulgo</strong></span> 
     </span>
     <span class='ocr_line' id='line_1_152' title="bbox 1332 3068 2415 3149; baseline -0.006 -42"><span class='ocrx_word' id='word_1_1015' title='bbox 1332 3071 1610 3118; x_wconf 89' lang='lat' dir='ltr'><strong>peremptorium</strong></span> <span class='ocrx_word' id='word_1_1016' title='bbox 1645 3069 1865 3149; x_wconf 49' lang='lat' dir='ltr'><strong>aptpellatur,</strong></span> <span class='ocrx_word' id='word_1_1017' title='bbox 1911 3068 2072 3104; x_wconf 80' lang='lat' dir='ltr'><strong>¹⁵litteris</strong></span> <span class='ocrx_word' id='word_1_1018' title='bbox 2110 3070 2281 3103; x_wconf 88' lang='lat' dir='ltr'><strong>evocatus</strong></span> <span class='ocrx_word' id='word_1_1019' title='bbox 2311 3077 2415 3112; x_wconf 91' lang='lat' dir='ltr'><strong>prae-</strong></span> 
     </span>
     <span class='ocr_line' id='line_1_153' title="bbox 1334 3111 2414 3152; baseline -0.006 0"><span class='ocrx_word' id='word_1_1020' title='bbox 1334 3121 1354 3152; x_wconf 89' lang='lat'><strong>2</strong></span> <span class='ocrx_word' id='word_1_1021' title='bbox 1402 3115 1552 3152; x_wconf 87' lang='lat' dir='ltr'><strong>sentiam</strong></span> <span class='ocrx_word' id='word_1_1022' title='bbox 1591 3114 1648 3149; x_wconf 91' lang='lat' dir='ltr'><strong>sui</strong></span> <span class='ocrx_word' id='word_1_1023' title='bbox 1700 3124 1804 3149; x_wconf 87' lang='lat' dir='ltr'><strong>acere</strong></span> <span class='ocrx_word' id='word_1_1024' title='bbox 1835 3117 2046 3150; x_wconf 87' lang='lat' dir='ltr'><strong>contemnet.</strong></span> <span class='ocrx_word' id='word_1_1025' title='bbox 2100 3111 2257 3148; x_wconf 88' lang='lat' dir='ltr'><strong>Poenam</strong></span> <span class='ocrx_word' id='word_1_1026' title='bbox 2291 3116 2414 3148; x_wconf 88' lang='lat' dir='ltr'><strong>contu-</strong></span> 
     </span>
     <span class='ocr_line' id='line_1_154' title="bbox 1333 3157 2415 3205; baseline -0.005 -8"><span class='ocrx_word' id='word_1_1027' title='bbox 1333 3162 1443 3197; x_wconf 88' lang='lat' dir='ltr'><strong>macis</strong></span> <span class='ocrx_word' id='word_1_1028' title='bbox 1462 3171 1535 3196; x_wconf 93' lang='lat' dir='ltr'><strong>non</strong></span> <span class='ocrx_word' id='word_1_1029' title='bbox 1554 3160 1699 3205; x_wconf 89' lang='lat' dir='ltr'><strong>patitur,</strong></span> <span class='ocrx_word' id='word_1_1030' title='bbox 1725 3169 1828 3205; x_wconf 89' lang='lat' dir='ltr'><strong>quem</strong></span> <span class='ocrx_word' id='word_1_1031' title='bbox 1846 3158 1996 3194; x_wconf 87' lang='lat' dir='ltr'><strong>adversa</strong></span> <span class='ocrx_word' id='word_1_1032' title='bbox 2014 3157 2178 3193; x_wconf 89' lang='lat' dir='ltr'><strong>valetudo</strong></span> <span class='ocrx_word' id='word_1_1033' title='bbox 2199 3157 2254 3192; x_wconf 89' lang='lat' dir='ltr'><strong>vel</strong></span> <span class='ocrx_word' id='word_1_1034' title='bbox 2272 3157 2415 3193; x_wconf 89' lang='lat' dir='ltr'><strong>maioris</strong></span> 
     </span>
     <span class='ocr_line' id='line_1_155' title="bbox 1335 3202 2413 3258; baseline -0.005 -16"><span class='ocrx_word' id='word_1_1035' title='bbox 1335 3211 1353 3242; x_wconf 91' lang='lat'>3</span> <span class='ocrx_word' id='word_1_1036' title='bbox 1403 3215 1534 3242; x_wconf 88' lang='lat' dir='ltr'><strong>causae</strong></span> <span class='ocrx_word' id='word_1_1037' title='bbox 1565 3205 1753 3258; x_wconf 88' lang='lat' dir='ltr'><strong>occupatio</strong></span> <span class='ocrx_word' id='word_1_1038' title='bbox 1787 3203 1954 3240; x_wconf 79' lang='lat' dir='ltr'><strong>defendit.</strong></span> <span class='ocrx_word' id='word_1_1039' title='bbox 2003 3203 2238 3238; x_wconf 80' lang='lat' dir='ltr'><strong>contumaces</strong></span> <span class='ocrx_word' id='word_1_1040' title='bbox 2268 3212 2341 3237; x_wconf 92' lang='lat' dir='ltr'><strong>non</strong></span> <span class='ocrx_word' id='word_1_1041' title='bbox 2363 3202 2413 3237; x_wconf 91' lang='lat' dir='ltr'><strong>vi-</strong></span> 
     </span>
     <span class='ocr_line' id='line_1_156' title="bbox 1334 3247 2413 3295; baseline -0.005 -8"><span class='ocrx_word' id='word_1_1042' title='bbox 1334 3252 1478 3293; x_wconf 88' lang='lat' dir='ltr'><strong>dentur,</strong></span> <span class='ocrx_word' id='word_1_1043' title='bbox 1509 3250 1579 3286; x_wconf 89' lang='lat' dir='ltr'><strong>nisi</strong></span> <span class='ocrx_word' id='word_1_1044' title='bbox 1602 3261 1673 3295; x_wconf 77' lang='lat' dir='ltr'><strong>qur,</strong></span> <span class='ocrx_word' id='word_1_1045' title='bbox 1699 3260 1781 3286; x_wconf 89' lang='lat' dir='ltr'><strong>cum</strong></span> <span class='ocrx_word' id='word_1_1046' title='bbox 1806 3248 1974 3285; x_wconf 86' lang='lat' dir='ltr'><strong>oboedire</strong></span> <span class='ocrx_word' id='word_1_1047' title='bbox 1997 3247 2184 3290; x_wconf 86' lang='lat' dir='ltr'><strong>deberent,</strong></span> <span class='ocrx_word' id='word_1_1048' title='bbox 2214 3258 2288 3283; x_wconf 91' lang='lat' dir='ltr'><strong>non</strong></span> <span class='ocrx_word' id='word_1_1049' title='bbox 2311 3247 2413 3283; x_wconf 93' lang='lat' dir='ltr'><strong>obse-</strong></span> 
     </span>
     <span class='ocr_line' id='line_1_157' title="bbox 1333 3292 2415 3343; baseline -0.005 -11"><span class='ocrx_word' id='word_1_1050' title='bbox 1333 3300 1511 3343; x_wconf 90' lang='lat' dir='ltr'><strong>quuntur,</strong></span> <span class='ocrx_word' id='word_1_1051' title='bbox 1534 3295 1572 3330; x_wconf 89' lang='lat' dir='ltr'><strong>id</strong></span> <span class='ocrx_word' id='word_1_1052' title='bbox 1590 3300 1646 3331; x_wconf 89' lang='lat' dir='ltr'><strong>est</strong></span> <span class='ocrx_word' id='word_1_1053' title='bbox 1661 3295 1722 3340; x_wconf 90' lang='lat' dir='ltr'><strong>qui</strong></span> <span class='ocrx_word' id='word_1_1054' title='bbox 1739 3294 1784 3330; x_wconf 92' lang='lat' dir='ltr'><strong>ad</strong></span> <span class='ocrx_word' id='word_1_1055' title='bbox 1803 3293 2081 3330; x_wconf 89' lang='lat' dir='ltr'><strong>iurisdictionem</strong></span> <span class='ocrx_word' id='word_1_1056' title='bbox 2099 3293 2186 3335; x_wconf 89' lang='lat' dir='ltr'><strong>eius,</strong></span> <span class='ocrx_word' id='word_1_1057' title='bbox 2207 3292 2266 3328; x_wconf 90' lang='lat' dir='ltr'><strong>cui</strong></span> <span class='ocrx_word' id='word_1_1058' title='bbox 2284 3296 2415 3338; x_wconf 83' lang='lat' dir='ltr'><strong>negant</strong></span> 
     </span>
     <span class='ocr_line' id='line_1_158' title="bbox 1333 3340 1704 3386; baseline -0.011 -7"><span class='ocrx_word' id='word_1_1059' title='bbox 1333 3340 1491 3386; x_wconf 86' lang='lat' dir='ltr'><strong>obsequi,</strong></span> <span class='ocrx_word' id='word_1_1060' title='bbox 1515 3340 1704 3386; x_wconf 85' lang='lat' dir='ltr'><strong>pertinent.</strong></span> 
     </span>
    </p>

    <p class='ocr_par' dir='ltr' id='par_1_35' title="bbox 1331 3382 2414 3520">
     <span class='ocr_line' id='line_1_159' title="bbox 1378 3382 2412 3431; baseline -0.006 -8"><span class='ocrx_word' id='word_1_1061' title='bbox 1378 3385 1433 3424; x_wconf 87' lang='lat'><strong>54</strong></span> <span class='ocrx_word' id='word_1_1062' title='bbox 1457 3385 1514 3421; x_wconf 71' lang='grc' dir='ltr'><strong>ΡΑ</strong></span> <span class='ocrx_word' id='word_1_1063' title='bbox 1522 3394 1617 3421; x_wconf 65' lang='lat' dir='ltr'><strong>Utus</strong></span> <span class='ocrx_word' id='word_1_1064' title='bbox 1637 3385 1728 3421; x_wconf 81' lang='lat' dir='ltr'><strong>libro</strong></span> <span class='ocrx_word' id='word_1_1065' title='bbox 1747 3385 1868 3431; x_wconf 76' lang='lat' dir='ltr'><strong>primo</strong></span> <span class='ocrx_word' id='word_1_1066' title='bbox 1890 3384 2147 3419; x_wconf 80' lang='lat' dir='ltr'><strong>sententiarum</strong></span> <span class='ocrx_word' id='word_1_1067' title='bbox 2191 3382 2325 3418; x_wconf 89' lang='lat' dir='ltr'><strong>Contra</strong></span> <span class='ocrx_word' id='word_1_1068' title='bbox 2346 3393 2412 3427; x_wconf 91' lang='lat' dir='ltr'><strong>pu-</strong></span> 
     </span>
     <span class='ocr_line' id='line_1_160' title="bbox 1331 3427 2414 3520; baseline -0.005 -8"><span class='ocrx_word' id='word_1_1069' title='bbox 1331 3432 1456 3513; x_wconf 60' lang='lat' dir='ltr'><strong>iffliin</strong></span> <span class='ocrx_word' id='word_1_1070' title='bbox 1470 3429 1720 3511; x_wconf 58' lang='lat'><strong>{2322333332</strong></span> <span class='ocrx_word' id='word_1_1071' title='bbox 1733 3427 2414 3520; x_wconf 39' lang='lat' dir='ltr'><strong>⁶qui⁸4uii¹3uieimpisb¹ssiss⁰possffl</strong></span> 
     </span>
    </p>

    <p class='ocr_par' dir='ltr' id='par_1_36' title="bbox 1438 3502 1447 3519">
     <span class='ocr_line' id='line_1_161' title="bbox 1438 3502 1447 3519; baseline 0 0"><span class='ocrx_word' id='word_1_1072' title='bbox 1438 3502 1447 3519; x_wconf 75' lang='lat'>9</span> 
     </span>
    </p>
   </div>
   <div class='ocr_carea' id='block_1_13' title="bbox 2132 3586 2409 3672">
    <p class='ocr_par' dir='ltr' id='par_1_37' title="bbox 2132 3586 2409 3672">
     <span class='ocr_line' id='line_1_162' title="bbox 2132 3586 2409 3629; baseline -0.014 -8"><span class='ocrx_word' id='word_1_1073' title='bbox 2132 3589 2190 3629; x_wconf 80' lang='lat'>(12)</span> <span class='ocrx_word' id='word_1_1074' title='bbox 2215 3586 2251 3619; x_wconf 88' lang='lat' dir='ltr'><strong>in</strong></span> <span class='ocrx_word' id='word_1_1075' title='bbox 2262 3588 2323 3621; x_wconf 75' lang='lat' dir='ltr'><strong>ins.</strong></span> <span class='ocrx_word' id='word_1_1076' title='bbox 2338 3587 2409 3620; x_wconf 80' lang='lat' dir='ltr'><strong>edd.</strong></span> 
     </span>
     <span class='ocr_line' id='line_1_163' title="bbox 2263 3634 2406 3672; baseline -0.021 -6"><span class='ocrx_word' id='word_1_1077' title='bbox 2263 3634 2321 3672; x_wconf 77' lang='lat'><strong>(15)</strong></span> <span class='ocrx_word' id='word_1_1078' title='bbox 2346 3635 2406 3664; x_wconf 80' lang='lat' dir='ltr'><strong>ter-</strong></span> 
     </span>
    </p>
   </div>
   <div class='ocr_carea' id='block_1_14' title="bbox 1572 3588 2196 3675">
    <p class='ocr_par' dir='ltr' id='par_1_38' title="bbox 1572 3588 2196 3675">
     <span class='ocr_line' id='line_1_164' title="bbox 1572 3588 2024 3632; baseline -0.009 -8"><span class='ocrx_word' id='word_1_1079' title='bbox 1572 3591 1627 3629; x_wconf 81' lang='lat'><strong>(11)</strong></span> <span class='ocrx_word' id='word_1_1080' title='bbox 1651 3589 1782 3632; x_wconf 78' lang='lat' dir='ltr'><strong>saepius</strong></span> <span class='ocrx_word' id='word_1_1081' title='bbox 1793 3588 1951 3622; x_wconf 81' lang='lat' dir='ltr'><strong>conventi</strong></span> <span class='ocrx_word' id='word_1_1082' title='bbox 1963 3588 2024 3621; x_wconf 78' lang='lat' dir='ltr'><strong>del.</strong></span> 
     </span>
     <span class='ocr_line' id='line_1_165' title="bbox 1804 3631 2196 3675; baseline -0.01 -7"><span class='ocrx_word' id='word_1_1083' title='bbox 1804 3635 1861 3675; x_wconf 77' lang='grc'><strong>(14)</strong></span> <span class='ocrx_word' id='word_1_1084' title='bbox 1888 3643 1926 3666; x_wconf 81' lang='lat' dir='ltr'><strong>ex</strong></span> <span class='ocrx_word' id='word_1_1085' title='bbox 1938 3631 2024 3665; x_wconf 77' lang='lat' dir='ltr'><strong>male</strong></span> <span class='ocrx_word' id='word_1_1086' title='bbox 2034 3632 2122 3665; x_wconf 76' lang='lat' dir='ltr'><strong>facto</strong></span> <span class='ocrx_word' id='word_1_1087' title='bbox 2134 3645 2196 3665; x_wconf 83' lang='lat' dir='ltr'><strong>scr.</strong></span> 
     </span>
    </p>
   </div>
   <div class='ocr_carea' id='block_1_15' title="bbox 2488 2833 2528 3918">
    <p class='ocr_par' dir='ltr' id='par_1_39' title="bbox 2488 2833 2528 3918">
     <span class='ocr_line' id='line_1_166' title="bbox 2488 2833 2528 3918; baseline 0 0"><span class='ocrx_word' id='word_1_1088' title='bbox 2488 2833 2528 3918; x_wconf 95' lang='lat' dir='ltr'><strong> </strong></span> 
     </span>
    </p>
   </div>
  </div>
 </body>
</html>
