2528 3918
82 150 161 190 qm
189 148 270 181 sun
301 147 474 178 rursm

80 257 240 299 distrahi,
264 256 443 307 requirere
467 254 573 289 debet
597 265 686 295 eum,
713 255 773 299 qui
797 264 836 289 se
858 254 1013 290 instruat
1036 255 1080 290 de
1097 254 1170 290 for-

79 304 174 339 tunis
197 300 340 346 pupilli,
373 309 438 334 nec
470 299 616 334 nimium
647 299 827 334 tutoribus
859 300 914 334 vel
946 300 1171 335 curatoribus

80 347 234 388 credere,
258 344 319 390 qui
342 354 608 388 nonnumquam
630 343 722 378 lucri
745 344 801 379 sui
822 344 938 389 gratia
961 344 1172 380 adseverare

78 390 232 439 praetori
255 390 371 425 solent
393 398 540 424 necesse
564 399 643 424 esse
666 388 815 424 distrahi
848 390 1094 434 possessiones
1117 388 1172 425 vel

79 435 238 482 obligari.
271 434 430 479 requirat
455 444 536 478 ergo
568 434 791 469 necessarios
813 434 940 479 pupilli
963 435 1018 470 vel
1041 444 1171 480 paren-

78 486 132 518 tes
155 481 209 516 vel
231 480 379 514 libertos
411 478 548 523 aliquos
579 478 702 514 fideles
737 478 792 514 vel
822 489 926 524 quem
958 480 1087 523 alium,
1111 478 1173 532 qui

78 526 239 563 notitiam
262 535 380 559 rerum
403 523 631 568 pupillarium
660 523 788 566 habet,
818 528 903 566 aut,
935 525 964 560 si
988 535 1091 560 nemo
1115 535 1169 559 m-

78 571 239 607 veniatur
262 573 326 604 aut
349 569 506 614 suspecti
529 568 600 603 sint
624 569 685 613 qui
707 568 944 611 inveniuntur,
969 570 1093 605 iubere
1110 569 1169 604 de-

77 617 139 652 bet
162 615 218 651 edi
241 614 398 649 rationes
421 614 576 658 itemque
599 614 770 659 synopsin
793 614 968 650 bonorum
986 614 1170 660 pupillari-

78 672 148 703 um,
173 659 454 703 advocatumque
483 659 618 703 pupillo
644 659 748 700 dare,
774 659 835 711 qui
858 660 1034 696 instruere
1057 659 1171 712 possit

77 705 252 753 praetoris
298 704 502 748 religionem
515 730 524 744 ,
567 714 613 738 an
657 704 836 739 adsentire
876 705 1070 740 venditiom
1114 704 1172 739 vel

81 754 121 786 12
168 749 375 794 obligationi
399 748 534 783 debeat.
581 749 674 783 Illud
698 749 820 794 quaeri
849 753 987 794 potest,
1013 750 1043 785 si
1066 759 1170 794 prae-

77 800 135 831 tor
167 794 287 830 aditus
318 794 517 839 permiserit
548 793 697 828 distrahi
728 795 991 839 possessionem
1028 795 1171 840 provin-

79 841 221 882 cialem,
246 849 293 874 an
323 839 440 873 valeat
475 838 570 883 quod
604 838 698 873 fecit.
744 843 779 874 et
813 843 935 884 putem
966 840 1102 875 valere:
1142 839 1173 874 si

77 886 180 921 modo
205 884 318 919 tutela
340 883 477 918 Romae
501 883 673 929 agebatur
697 887 731 919 et
754 884 792 919 hi
814 888 952 920 tutores
977 895 1055 920 eam
1083 894 1171 929 quo—

81 934 121 966 13
169 940 238 975 que
262 928 604 964 administrationem
620 929 815 964 subierant.
863 929 919 965 Ne
934 933 1053 964 tamen
1066 929 1172 964 titulo

78 981 182 1012 tenus
204 978 341 1010 tutores
365 984 447 1009 aere
470 974 584 1009 alieno
610 973 761 1017 allegato
793 975 946 1019 pecunia
976 975 1174 1010 abutantur

79 1031 185 1066 quam
201 1024 360 1055 mutuam
377 1022 605 1063 acceperunt,
621 1020 802 1064 oportebit
840 1023 1016 1055 raetorem
1033 1029 1171 1062 curare,

78 1070 119 1101 ut
141 1065 294 1111 pecunia
323 1067 471 1108 accepta
505 1063 739 1099 creditoribus
771 1075 811 1099 so
826 1069 931 1099 vatur
962 1069 998 1100 et
1027 1065 1072 1100 de
1102 1065 1173 1099 hoc

79 1111 269 1146 decernere
299 1109 385 1144 dare
410 1119 455 1143 ue
484 1109 672 1151 viatorem,
706 1110 765 1154 qui
798 1109 830 1144 ei
860 1110 1041 1145 renuntiet
1063 1120 1172 1154 pecu-

77 1156 173 1191 niam
197 1156 302 1190 istam
326 1154 372 1189 ad
421 1165 464 1189 oc
490 1164 707 1196 conversam,
739 1158 886 1200 propter
915 1155 1011 1200 quod
1035 1154 1172 1190 deside-

81 1204 122 1242 14
168 1204 249 1235 rata
271 1202 326 1235 est
349 1199 516 1235 alienatio
541 1200 596 1234 vel
620 1199 799 1244 obligatio.
855 1199 893 1235 Si
924 1210 985 1235 aes
1020 1201 1174 1235 alienum

78 1256 151 1282 non
173 1245 395 1287 interveniat,
419 1248 556 1280 tutores
580 1249 701 1280 tamen
724 1245 877 1290 allegent
894 1256 937 1280 ex
964 1245 1060 1281 edire
1082 1245 1173 1280 haec

77 1290 226 1337 praedia
248 1289 399 1325 vendere
423 1295 458 1324 et
481 1289 536 1324 vel
560 1290 631 1324 alia
656 1300 864 1335 comparare
894 1301 936 1325 ve
975 1295 1072 1325 certe
1094 1290 1173 1324 istis

79 1346 212 1378 carere,
237 1335 425 1370 videndum
449 1339 520 1377 est,
553 1345 600 1369 an
630 1340 776 1379 praetor
800 1335 849 1370 eis
874 1335 1004 1371 debeat
1026 1335 1173 1380 permit-

77 1386 161 1416 tere.
205 1383 241 1416 et
274 1380 385 1424 magis
422 1385 493 1422 est,
529 1391 574 1415 ne
608 1380 738 1424 possit:
781 1381 939 1425 praetori
974 1381 1066 1415 enim
1100 1391 1172 1415 non

77 1426 227 1462 liberum
243 1425 429 1460 arbitrium
445 1425 567 1460 datum
583 1429 636 1460 est
655 1425 874 1460 distrahendi
888 1435 945 1460 res
967 1426 1173 1470 pupillares,

78 1471 141 1506 sed
163 1470 215 1505 ita
238 1470 396 1512 demum,
429 1470 460 1505 si
488 1480 549 1505 aes
574 1471 727 1506 alienum
749 1471 941 1506 immineat.
966 1471 1115 1515 proinde
1140 1474 1175 1504 et

78 1517 109 1552 si
132 1515 332 1561 permiserit
364 1525 447 1550 aere
479 1515 594 1551 alieno
628 1527 701 1551 non
725 1515 889 1560 allegato,
915 1519 1174 1561 consequenter

79 1562 236 1596 dicemus
252 1560 386 1595 nullam
403 1570 480 1595 esse
495 1561 734 1596 venditionem
748 1561 955 1606 nuHumque
972 1561 1172 1596 decretum:

78 1618 151 1642 non
183 1605 275 1641 enim
332 1605 438 1640 assim
470 1605 618 1640 distrahi
648 1606 771 1641 iubere
802 1607 960 1651 praetori
999 1606 1174 1641 tributum

81 1655 120 1686 15
170 1655 234 1692 est,
260 1617 329 1686 sed)
345 1651 396 1685 ita
420 1650 571 1693 demum,
597 1652 627 1686 si
642 1655 792 1696 urgueat
808 1662 867 1686 aes
887 1651 1052 1686 alienum.
1094 1651 1173 1685 Ma-

77 1700 139 1733 net
163 1697 256 1731 actio
281 1696 428 1740 pupillo,
453 1696 484 1731 si
507 1700 634 1740 postea
656 1697 790 1741 poterit
813 1697 960 1741 probari
984 1697 1175 1741 obreptum

78 1752 155 1777 esse
178 1741 345 1786 praetori.
379 1741 440 1775 sed
465 1741 652 1776 videndum
674 1746 740 1783 est,
764 1745 885 1776 utrum
908 1742 945 1776 in
969 1752 1043 1777 rem
1067 1752 1114 1776 an
1137 1742 1175 1776 in

77 1797 267 1832 personam
292 1786 453 1821 dabimus
479 1786 511 1821 ei
535 1787 723 1821 actionem.
753 1791 789 1821 et
819 1787 932 1831 magis
965 1791 1029 1829 est,
1062 1791 1104 1821 ut
1137 1786 1174 1821 in

76 1843 151 1867 rem
177 1831 292 1873 detur,
317 1841 389 1866 non
412 1835 553 1866 tantum
576 1832 613 1866 in
636 1841 826 1876 personam
844 1832 1014 1867 adversus
1036 1836 1174 1867 tutores

42 1896 44 1898 ·
80 1881 120 1912 16
168 1877 240 1912 sive
265 1880 459 1911 curatores.
509 1876 717 1911 Communia
740 1876 887 1922 praedia
918 1877 1083 1921 accipere
1114 1876 1174 1911 de-

76 1923 220 1964 bemus,
253 1921 283 1956 si
313 1932 377 1966 pro
408 1921 558 1957 indiviso
592 1922 793 1957 communia
824 1922 912 1956 sint:
953 1926 1109 1957 ceterum
1145 1922 1175 1957 si

102 1978 141 2002 ro
168 1967 276 2001 diviso
303 1967 503 2002 communia
527 1967 617 2010 sint,
651 1971 814 2002 cessante
845 1966 1006 2003 oratione
1031 1967 1173 2002 decreto

91 2022 177 2047 ocus
202 2012 277 2048 erit.

124 2056 148 2094 6
185 2057 290 2091 IDEM
323 2056 413 2092 libro
448 2057 605 2092 secundo
642 2057 686 2092 de
730 2057 894 2092 omnibus
934 2057 1175 2094 tribunalibus

78 2103 148 2138 Sed
179 2102 210 2137 si
239 2101 334 2137 forte
365 2102 455 2136 alius
487 2102 741 2147 proprietatem
773 2101 876 2137 fundi
907 2103 1057 2145 habeat,
1083 2102 1174 2138 alius

78 2159 182 2183 usum
204 2147 380 2189 fructum,
412 2148 524 2191 magis
559 2152 630 2190 est,
663 2152 705 2182 ut
729 2151 846 2183 cesset
868 2147 958 2183 haec
982 2158 1068 2192 pars
1093 2158 1173 2183 ora-

77 2193 195 2234 tionis,
221 2202 313 2237 quae
337 2192 380 2226 de
406 2192 576 2227 divisione
607 2192 783 2237 loquitur:
819 2193 918 2227 nulla
950 2193 1045 2228 enim
1078 2203 1173 2228 com-

78 2239 197 2273 munio
224 2241 287 2273 est.

125 2282 148 2319 7
173 2283 282 2318 IDEM
301 2282 393 2318 libro
419 2283 601 2328 triqesimo
627 2283 753 2327 quinto
778 2282 828 2318 ad
851 2282 1005 2319 edictum
1047 2283 1084 2318 Si
1107 2294 1174 2328 pu-

104 2329 245 2364 illorum
269 2327 340 2362 sint
364 2328 565 2362 communia
589 2327 736 2372 praedia
771 2328 832 2372 qui
856 2327 1013 2364 diversos
1036 2331 1174 2364 tutores

78 2340 223 2415 1111110111,
247 2372 438 2414 videamus,
471 2383 518 2407 an
550 2373 716 2408 alienatio
748 2373 868 2408 locum
891 2374 1024 2409 habere
1047 2374 1172 2418 possit.

81 2425 115 2453 et
140 2429 220 2453 cum
243 2417 450 2463 provocatio
475 2418 678 2453 necessaria
709 2418 765 2460 sit,
805 2422 892 2463 puto
926 2419 1175 2454 alienationem

78 2464 253 2508 impediri:
298 2466 423 2497 neuter
454 2463 547 2497 enim
578 2463 710 2508 poterit
739 2474 957 2508 provocare,
983 2463 1045 2499 sed
1069 2465 1173 2499 ambo

77 2508 365 2589 provocationem
401 2512 622 2553 exspectare.
675 2509 759 2543 item
794 2509 826 2544 si
861 2509 1002 2544 eosdem
1036 2513 1173 2544 tutores

104 2555 252 2596 abeant,
285 2553 396 2588 multo
428 2553 539 2597 magis
572 2554 649 2598 quis
684 2553 888 2598 impeditam
924 2554 1174 2589 alienationem

81 2603 96 2634 1
147 2600 251 2634 dicet.
299 2598 337 2632 Si
360 2598 515 2643 pupillus
539 2598 636 2633 dedit
658 2599 797 2643 pignori
821 2609 865 2633 ex
879 2600 1054 2644 permissu
1069 2610 1173 2644 prae-

78 2645 176 2686 toriS,
202 2644 375 2679 nonnulla
400 2643 466 2678 erit
490 2643 674 2685 dubitatio,
700 2655 747 2678 an
779 2644 946 2679 alienatio
971 2645 1086 2689 possit
1108 2645 1173 2679 im-

78 2690 200 2734 pediri.
248 2689 312 2724 sed
335 2688 524 2723 dicendum
547 2693 602 2723 est
626 2699 732 2733 posse
757 2689 967 2724 creditorem
990 2690 1046 2724 ius
1071 2700 1175 2724 suum

79 2734 242 2779 exsequi:
272 2734 384 2768 tutius
408 2737 527 2768 tamen
550 2733 685 2776 fecerit,
711 2734 741 2768 si
764 2734 863 2778 prius
886 2738 1088 2779 praetorem
1112 2735 1174 2769 ad-

80 2783 98 2814 2
146 2780 236 2814 ierit.
286 2778 323 2814 Si
346 2782 449 2824 pater
471 2779 527 2813 vel
550 2789 679 2823 parens
704 2783 803 2814 tutor
827 2779 874 2814 sit
889 2780 996 2814 alicui
1020 2789 1064 2814 ex
1086 2780 1174 2815 libe-

79 2824 140 2866 ris,
177 2835 223 2859 an
257 2828 403 2869 praetor
427 2823 612 2859 adeundus
637 2824 701 2866 sit,
733 2824 765 2859 si
796 2824 954 2869 obligare
977 2825 1084 2860 velit?
1115 2825 1175 2859 et¹

79 2870 191 2914 magis
232 2873 287 2904 est
328 2872 368 2904 ut
403 2868 549 2904 debeat:
595 2870 743 2914 pronior
784 2873 904 2904 tamen
946 2880 1023 2904 esse
1070 2869 1176 2905 debet

81 2919 100 2950 3
148 2918 293 2959 praetor
316 2914 362 2948 ad
387 2914 679 2949 consentiendum
699 2915 802 2959 patri.
851 2914 888 2949 Si
911 2919 1056 2959 praetor
1079 2918 1174 2951 tuto-

80 2960 179 2994 ribus
203 2959 402 3004 permiserit
423 2959 586 3000 vendere‚
610 2959 661 2994 illi
684 2960 927 3004 obligaverint,
951 2960 1006 2995 vel
1038 2964 1174 3003 contra,

81 3016 126 3040 an
150 3005 267 3039 valeat
291 3004 385 3049 quod
408 3009 528 3039 actum
553 3005 630 3039 est?
661 3009 698 3039 et
727 3015 806 3040 mea
835 3005 906 3040 fert
939 3005 1057 3049 opinio
1083 3015 1175 3048 eum,

82 3050 141 3095 qui
165 3049 262 3084 aliud
284 3049 388 3091 fecit,
445 3060 526 3083 uam
551 3049 647 3094 quod
670 3060 692 3084 a
715 3054 880 3094 praetore
904 3050 1086 3085 decretum
1109 3054 1175 3093 est,

82 3099 101 3129 4
149 3095 236 3129 nihil
260 3095 381 3139 egisse.
421 3060 522 3138 unid
546 3105 639 3138 ergo,
666 3095 696 3129 si
719 3100 864 3139 praetor
886 3095 938 3130 ita
962 3095 1175 3130 decreverit:

83 3140 243 3175 ‘vendere
267 3140 465 3183 obligareve
489 3140 683 3184 permitto'‚
716 3150 762 3174 an
792 3141 907 3185 possit
936 3141 1088 3176 liberum
1118 3151 1175 3175 ar-

85 3185 226 3219 bitrium
250 3185 400 3226 habere,
427 3185 510 3229 qui2
532 3184 668 3219 faciat?
700 3189 735 3219 et
758 3185 869 3230 magis
902 3190 956 3220 est
986 3190 1027 3220 ut
1050 3186 1175 3230 possit,

83 3229 272 3265 dummodo
298 3230 450 3264 sciamus
475 3234 675 3274 praetorem
699 3241 770 3264 non
793 3234 891 3265 recte
940 3231 1077 3265 artibus
1102 3231 1176 3265 suis

84 3274 263 3309 functum:
294 3274 419 3309 debuit
443 3275 535 3309 enim
557 3275 635 3319 ipse
655 3278 811 3310 statuere
835 3279 870 3310 et
894 3242 1031 3320 effigere,
1055 3279 1176 3311 utrum

84 3322 103 3353 5
153 3319 262 3363 magis
286 3320 443 3364 obligare
468 3330 514 3354 an
538 3319 689 3355 vendere
712 3320 906 3364 permittat.
955 3320 992 3355 Si
1008 3321 1177 3365 obligavit

84 3374 159 3398 rem
183 3368 280 3398 tutor
303 3364 379 3399 sine
402 3364 557 3406 decreto,
583 3365 741 3408 quamvis
766 3365 933 3410 obligatio
952 3376 1023 3401 non
1046 3366 1174 3407 valeat,

85 3414 139 3444 est
162 3413 281 3443 tamen
305 3410 505 3453 exceptioni
530 3409 600 3444 doli
623 3410 735 3452 locus,
761 3410 824 3444 sed
847 3414 945 3453 tunc,
972 3422 1052 3446 cum
1075 3415 1175 3446 tutor

89 3613 125 3652 (ι)
151 3612 247 3644 estF
346 3612 388 3653 (2)
415 3611 496 3653 quid
508 3625 568 3645 scr.
675 3615 716 3653 (3)
743 3613 786 3654 ei]
802 3613 861 3644 alii
874 3626 936 3647 scr.
1040 3615 1080 3652 (4)
1109 3624 1178 3645 cre-

87 3656 254 3688 ditoribus
268 3657 300 3688 F
417 3660 458 3696 (5)
482 3658 597 3700 supple
610 3659 758 3701 sicsere:
783 3659 862 3700 quia
876 3658 915 3690 de
928 3658 1069 3700 pupillis
1084 3659 1177 3699 prin-

90 3711 166 3742 ceps
180 3702 332 3743 loquitur
355 3705 388 3733 et
409 3702 583 3733 coniuncti
604 3703 772 3735 tutoribus
795 3706 963 3734 curatores
987 3704 1176 3736 [nominan-

1158 129 1244 178 369

2106 134 2275 176 XXVII
2307 136 2332 175 9

1242 257 1428 300 acceptam
1451 258 1612 289 mutuam
1632 255 1824 307 pecuniam
1849 256 1879 290 ei
1905 256 2058 297 solverit,
2085 256 2143 300 qui
2169 256 2234 290 sub
2260 257 2334 300 pig-

1242 303 1262 334 6
1309 309 1397 335 nore
1432 303 1510 334 erat
1545 299 1711 334 creditor.
1771 301 1857 334 Item
1886 300 2074 335 videndum
2106 305 2182 342 est,
2219 311 2264 335 an
2301 306 2336 334 et

1242 344 1398 389 obligare
1423 344 1478 379 ei³
1500 354 1574 379 rem
1598 345 1730 389 possit:
1767 349 1803 378 et
1827 346 2013 379 dicendum
2039 351 2110 388 est,
2136 346 2165 380 si
2189 346 2335 380 eandem

1242 393 1374 424 sortem
1399 389 1578 434 acceperit
1601 400 1667 424 nec
1691 390 1911 434 gravioribus
1944 391 2073 434 usuris,
2105 391 2222 426 valere
2247 391 2334 425 obli-

1240 434 1438 479 gationem,
1474 438 1515 469 ut
1547 434 1603 470 ius
1638 434 1766 479 prioris
1805 435 2016 470 creditoris⁴
2052 435 2098 471 ad
2131 441 2335 481 sequentem

1241 483 1412 514 transeat.

1288 521 1313 561 8
1349 524 1457 559 IDEM
1497 524 1588 560 libro
1623 524 1780 559 secundo
1817 524 1861 558 de
1895 526 2058 560 omnibus
2097 525 2336 561 tribunalibus

1241 568 1311 613 Qui
1340 579 1456 614 neque
1486 572 1623 604 tutores
1657 572 1742 603 sunt
1775 569 1852 613 ipso
1884 570 1961 604 iure
1992 580 2106 615 neque
2140 575 2334 612 curatores,

1241 614 1306 650 sed
1329 624 1394 659 pro
1418 618 1538 649 tutore
1569 614 1710 659 negotia
1739 618 1867 658 gerunt
1898 615 1953 649 vel
1984 625 2047 659 pro
2074 620 2248 657 curatore,
2275 626 2337 650 eos

1241 670 1313 695 non
1344 669 1452 703 posse
1481 659 1678 694 distrahere
1709 669 1765 694 res
1797 659 2010 704 pupillorum
2041 660 2096 694 vel
2128 660 2335 695 adulescen-

1245 708 1260 739 1
1309 704 1397 739 tium
1420 704 1518 739 nulla
1543 704 1717 739 dubitatio
1743 707 1806 739 est.
1857 703 1926 738 Sed
1942 705 1971 739 si
1988 709 2132 739 curator
2149 706 2195 739 sit
2210 705 2338 740 furiosi

1241 749 1298 784 vel
1329 749 1430 784 cuius
1463 749 1610 784 alterius
1650 760 1722 784 non
1759 748 2016 791 adulescentis,
2052 750 2239 784 videndum
2271 754 2336 792 est,

1241 798 1361 829 utrum
1384 794 1460 828 iure
1483 795 1595 828 veteri
1617 794 1748 829 valebit
1770 794 1923 829 venditio
1950 804 1996 828 an
2020 794 2114 829 hanc
2142 795 2337 830 orationem

1242 839 1480 874 admittemus.
1515 844 1550 873 et
1581 844 1689 883 puto,
1722 839 1806 884 quia
1837 839 1880 873 de
1911 839 2054 884 pupillis
2086 839 2251 884 princeps
2283 841 2336 876 lo-

1243 884 1363 929 quitur
1388 888 1423 919 et
1439 884 1622 919 coniuncti
1641 885 1819 919 tutoribus
1837 888 2020 919 curatores
2041 884 2232 928 accipiunt,
2257 896 2336 929 per-

1241 930 1396 965 tinere⁵:
1440 933 1475 963 et
1510 929 1554 964 de
1591 929 1716 964 ceteris
1752 932 1840 974 puto
1877 939 1921 963 ex
1955 929 2131 963 sententia
2167 931 2338 965 orationis

1243 977 1263 1009 2
1309 974 1404 1009 idem
1429 985 1507 1010 esse
1531 974 1731 1009 dicendum.
1779 975 1838 1008 An
1863 974 2011 1019 obligari
2030 975 2231 1009 communia
2255 986 2336 1019 pos-

1241 1019 1324 1062 sint,
1350 1019 1543 1064 quaeritur,
1569 1019 1631 1054 sed
1655 1030 1727 1054 non
1750 1023 1838 1064 puto
1864 1020 1940 1054 sine
1962 1019 2103 1054 decreto
2130 1020 2336 1064 obliganda:

1241 1075 1325 1099 nam
1356 1065 1451 1109 quod
1482 1065 1622 1109 excepit
1653 1065 1788 1106 oratio,
1825 1064 1871 1099 ad
1902 1064 1972 1099 1100
2003 1068 2143 1099 tantum
2175 1066 2338 1109 pertinet,

1242 1113 1283 1144 ut
1305 1113 1510 1162 perematur
1535 1110 1747 1151 communio,
1780 1121 1853 1145 non
1884 1113 1925 1144 ut
1949 1113 2121 1154 augeatur
2147 1109 2339 1144 difficultas

1244 1165 1512 1190 commumoms.

1290 1198 1314 1237 9
1337 1200 1444 1235 IDEM
1464 1200 1554 1235 libro
1580 1200 1705 1245 quinto
1731 1201 1940 1245 opinionum
1988 1199 2154 1243 Quamvis
2179 1203 2339 1234 anteces-

1243 1255 1303 1280 sor
1326 1245 1499 1290 praesidis
1525 1245 1739 1279 decrevisset
1764 1255 1805 1279 ea
1828 1244 1976 1289 praedia
1999 1244 2223 1287 venumdari,
2250 1255 2341 1289 quae

1243 1294 1342 1326 tutor
1365 1291 1499 1335 pupilli,
1525 1290 1685 1325 subiecto
1710 1290 1853 1325 nomine
1876 1290 2022 1324 alterius
2061 1290 2239 1334 emptoris,
2264 1290 2342 1334 ipse

1243 1336 1311 1370 sibi
1336 1335 1580 1380 comparabat,
1604 1338 1736 1377 tamen,
1762 1335 1792 1370 si
1824 1334 1988 1370 fraudem
2014 1338 2048 1369 et
2072 1335 2191 1370 dolum
2216 1340 2342 1370 contra

1244 1385 1389 1415 senatus
1423 1381 1578 1415 consulti
1608 1380 1858 1415 auctoritatem
1897 1384 1933 1415 et
1963 1379 2070 1415 fidem
2100 1380 2211 1415 tutori
2245 1390 2340 1415 com-

1243 1425 1388 1461 missam
1430 1425 1721 1470 deprehendisset
1764 1435 1951 1460 successor
1993 1425 2091 1467 eius,
2129 1426 2340 1467 aestimabit,

1244 1474 1418 1515 quatenus
1451 1475 1525 1505 tam
1560 1471 1726 1505 callidum
1758 1474 1996 1506 commentum
2028 1471 2133 1505 etiam
2162 1471 2200 1505 in
2225 1481 2340 1505 exem-

1243 1516 1342 1561 plum
1368 1525 1531 1551 coercere
1557 1515 1694 1551 debeat.

1293 1560 1343 1598 10
1368 1561 1477 1596 IDEM
1497 1561 1587 1596 libro
1612 1564 1717 1596 sexto
1742 1561 1953 1606 opinionum
1998 1561 2124 1595 Illicite
2139 1564 2222 1605 post
2238 1571 2341 1596 sena-

1243 1610 1302 1641 tus
1328 1607 1530 1641 consultum
1554 1606 1679 1651 pupilli
1702 1607 1757 1640 vel
1774 1606 2013 1641 adulescentis
2030 1605 2177 1650 praedio
2195 1616 2341 1641 venum-

1245 1652 1348 1694 dato,
1383 1652 1413 1686 si
1445 1662 1486 1686 eo
1519 1652 1660 1686 nomine
1692 1651 1788 1695 apud
1818 1651 1972 1686 iudicem
2001 1652 2136 1686 tutelae
2166 1651 2222 1686 vel
2245 1651 2342 1686 utilis

1244 1696 1396 1732 actionis
1421 1697 1619 1731 aestimatio
1643 1696 1743 1731 facta
1767 1700 1822 1731 est
1844 1706 1958 1741 eaque
1981 1696 2118 1738 soluta,
2151 1696 2342 1731 vindicatio

1243 1742 1382 1787 praedii
1407 1752 1450 1777 ex
1475 1742 1655 1786 aequitate
1678 1742 1869 1776 inhibetur.

1294 1786 1340 1823 11
1376 1786 1485 1822 IDEM
1513 1787 1603 1822 libro
1637 1788 1740 1821 tertio
1773 1787 1817 1821 cle
1853 1786 1978 1831 officio
2004 1786 2241 1831 proconsulis
2305 1785 2343 1821 Si

1270 1832 1391 1867 raedia
1422 1832 1567 1866 minoris
1599 1832 1722 1876 viginti
1752 1832 1907 1876 quinque
1941 1832 2043 1866 annis
2077 1831 2227 1866 distrahi
2251 1831 2342 1866 desi-

1245 1844 1426 1919 derentur,
1453 1887 1563 1912 causa
1588 1877 1728 1921 cognita
1752 1886 1897 1921 praeses
1932 1876 2138 1921 provinciae
2170 1876 2276 1911 debet
2306 1876 2343 1911 id

1244 1923 1459 1967 permittere.
1503 1922 1597 1957 idem
1633 1923 1766 1957 servari
1810 1925 1953 1966 oportet
1987 1924 2023 1956 et
2064 1921 2095 1956 si
2127 1921 2255 1956 furiosi
2289 1921 2344 1956 vel

1243 1968 1381 2013 prodigi
1412 1968 1468 2002 vel
1508 1968 1762 2012 cuiuscumque
1793 1966 1939 2001 alterius
1970 1966 2117 2011 praedia
2158 1970 2342 2001 curatores

1243 2013 1352 2048 velint
1377 2013 1585 2047 distrahere.

1293 2056 1344 2094 12
1370 2057 1606 2093 MARCIANUS
1618 2057 1708 2092 libro
1732 2057 1917 2103 sinqulari
1938 2057 1988 2091 ad
2009 2056 2209 2102 formulam
2229 2055 2343 2102 hypo-

1245 2102 1440 2138 thecariam
1488 2103 1570 2137 Non
1595 2105 1635 2137 fit
1659 2106 1785 2138 contra
1808 2105 1954 2137 senatus
1980 2102 2193 2143 consultum,
2226 2102 2256 2136 si
2281 2112 2342 2136 cu-

1243 2149 1299 2183 ius
1323 2152 1423 2228 tudtor
1447 2148 1614 2183 creditori
1637 2148 1749 2192 patris
1768 2147 1892 2192 pupilli
1916 2147 2077 2189 exsolvit,
2100 2150 2141 2182 ut
2165 2146 2238 2181 eius
2262 2147 2341 2181 loco

1245 2204 1352 2229 succe
1380 2197 1427 2228 at.

1294 2236 1343 2276 13
1370 2238 1530 2273 PAULUS
1559 2238 1648 2272 libro
1681 2237 1866 2283 sinqularz·
1887 2237 1936 2272 ad
1958 2238 2158 2272 orationem
2182 2237 2259 2271 divi
2280 2236 2343 2272 Se-

1244 2285 1323 2319 verz·
1367 2283 1405 2318 Si
1438 2283 1571 2318 fundus
1606 2283 1651 2318 sit
1675 2283 1804 2318 sterilis
1828 2283 1884 2317 vel
1908 2292 2057 2317 saxosus
2082 2282 2138 2316 vel
2160 2282 2342 2326 pestilens,

1243 2328 1433 2364 videndum
1458 2332 1523 2371 est,
1549 2338 1595 2363 an
1619 2328 1775 2363 alienare
1800 2338 1879 2362 eum
1904 2338 1976 2362 non
2000 2327 2124 2372 possit.
2174 2330 2209 2361 et
2230 2327 2342 2371 impe-

1243 2378 1343 2409 rator
1365 2374 1570 2408 Antoninus
1596 2376 1631 2408 et
1665 2373 1765 2408 divus
1790 2377 1892 2417 pater
1928 2373 2002 2407 eius
2037 2372 2073 2406 in
2108 2372 2199 2407 haec
2234 2373 2343 2406 verba

1243 2419 1520 2464 rescripserunt:
1548 2418 1662 2462 ‘Quod
1683 2418 1861 2462 allegastis
1877 2417 2141 2452 infructuosum
2158 2427 2236 2452 esse
2259 2416 2341 2451 fun-

1245 2464 1353 2507 ‘dum‚
1378 2474 1483 2508 quem
1512 2463 1664 2499 vendere
1696 2463 1819 2505 vultis,
1852 2472 1993 2497 movere
2024 2472 2090 2497 nos
2114 2472 2187 2497 non
2210 2465 2341 2506 potest,

1245 2513 1338 2545 ‘cum
1361 2509 1484 2554 utique
1506 2519 1571 2554 pro
1602 2508 1786 2543 fructuum
1817 2509 1920 2543 modo
1952 2507 2105 2552 pretium
2135 2507 2342 2542 inventurus

1248 2558 1262 2589 1
1313 2555 1394 2589 ‘sit’.
1444 2554 1667 2598 Quamquam
1698 2558 1818 2588 autem
1849 2563 1963 2597 neque
1999 2552 2195 2586 distrahere
2227 2562 2343 2596 neque

1245 2600 1401 2644 obligare
1424 2602 1523 2634 tutor
1544 2599 1720 2643 pupillare
1743 2598 1927 2644 praedium
1950 2597 2074 2642 possit,
2100 2600 2258 2632 attamen
2271 2597 2341 2631 Pa-

1243 2645 1410 2690 pinianus
1433 2645 1524 2679 libro
1550 2645 1672 2688 quinto
1696 2654 1949 2688 responsorum
1972 2643 2023 2677 ait
2045 2645 2199 2677 tutorem
2215 2642 2342 2686 pupilli

1244 2690 1320 2725 sine
1345 2690 1487 2725 decreto
1511 2690 1687 2734 praetoris
1711 2699 1784 2724 non
1807 2689 1884 2723 iure
1908 2687 2123 2723 distrahere:
2157 2687 2187 2722 si
2210 2691 2341 2730 tamen,

1243 2735 1369 2780 inquit,
1394 2744 1513 2770 errore
1542 2735 1666 2779 lapsus
1690 2733 1887 2768 vendiderit
1918 2737 1954 2767 et
1976 2733 2130 2777 pretium
2154 2736 2342 2777 acceptum

1246 2780 1481 2816 creditoribus
1497 2780 1656 2824 paternis
1673 2779 1773 2823 pueri
1793 2778 1947 2819 solverit,
1964 2777 2178 2822 quandoque
2199 2777 2340 2812 domino

1243 2825 1429 2870 praedium
1454 2835 1535 2860 cum
1558 2824 1735 2859 fructibus
1760 2822 1953 2858 vindicanti
1977 2823 2049 2858 doli
2072 2833 2145 2857 non
2168 2822 2342 2857 inutiliter

1245 2870 1438 2915 opponitur
1462 2870 1623 2914 exceptio
1647 2868 1801 2914 pretium
1825 2878 1867 2903 ac
1884 2868 1990 2903 medii
2014 2867 2183 2912 temporis
2199 2877 2340 2909 usuras,

1245 2926 1336 2960 quae
1361 2914 1597 2950 creditoribus
1623 2914 1805 2954 debentur,
1830 2923 1903 2948 non
1927 2913 2100 2954 offerenti,
2125 2913 2156 2947 si
2179 2922 2223 2947 ex
2247 2917 2340 2947 cete-

1244 2961 1293 2995 ris
1318 2960 1393 2995 eius
1417 2959 1650 2995 facultatibus
1684 2969 1743 2993 aes
1776 2958 1930 2993 alienum
1965 2958 2053 2993 solvi
2076 2969 2149 2993 non
2173 2957 2338 3002 poteritfl.

1246 3016 1309 3050 ego
1335 3008 1455 3040 autem
1479 3004 1617 3039 notavi:
1655 3004 1721 3038 etsi
1754 3003 1842 3038 solvi
1863 3003 2038 3048 potuerit,
2063 3003 2094 3038 si
2117 3006 2236 3037 tamen
2259 3003 2341 3036 illae

1244 3061 1301 3085 res
1327 3050 1446 3085 salvae
1470 3053 1584 3090 erunt,
1611 3059 1655 3083 ex
1678 3058 1829 3093 quarum
1851 3049 1965 3093 pretio
1990 3048 2065 3083 aeri
2089 3048 2203 3083 alieno
2236 3047 2339 3082 satis-

1244 3096 1323 3130 fieri
1345 3094 1473 3139 potuit,
1500 3093 1687 3129 dicendum
1711 3098 1764 3129 est
1787 3093 1906 3128 adhuc
1922 3093 1995 3129 doli
2010 3093 2253 3137 exceptionem
2277 3092 2339 3126 ob-

1246 3144 1352 3182 stare,
1378 3139 1408 3174 si
1431 3139 1571 3174 lucrum
1596 3142 1717 3183 captet
1739 3139 1894 3183 pupillus
1920 3149 1965 3174 ex
1989 3138 2118 3172 damno
2142 3137 2269 3171 alieno.

1295 3184 1347 3221 14
1374 3184 1552 3219 Pxows⁷
1576 3183 1667 3219 libro
1692 3194 1786 3218 nono
1810 3195 2066 3229 responsorum
2120 3182 2252 3216 Paulus
2284 3190 2338 3214 re-

1246 3230 1402 3275 spondit,
1428 3230 1494 3264 etsi
1525 3233 1776 3263 testamentum
1807 3229 1920 3273 patris
1950 3233 2077 3273 postea
2099 3227 2238 3261 irritum
2262 3235 2339 3259 esse

1246 3275 1432 3320 apparuit,
1467 3278 1588 3308 tamen
1617 3277 1756 3309 tutores
1795 3274 1921 3318 pupilli
1955 3274 2027 3309 sive
2059 3275 2240 3307 curatores
2271 3269 2339 3321 11111

1245 3321 1333 3355 nihil
1369 3323 1495 3354 contra
1531 3319 1727 3354 orationem
1766 3319 1926 3354 divorum
1969 3317 2170 3362 pn‘ncipum
2211 3315 2339 3348 fecisse

1245 3365 1372 3406 videri,
1406 3365 1437 3399 si
1469 3364 1663 3399 secundum
1693 3364 1910 3398 voluntatem
1943 3362 2102 3397 defuncti
2124 3362 2337 3394 testamento

1245 3411 1416 3455 scriptam
1439 3409 1625 3454 praedium
1648 3409 1820 3444 rusticum
1843 3409 2018 3453 pupillare
2041 3405 2283 3440 vendiderunt.

1247 3615 1312 3650 tur,
1335 3612 1376 3643 ad
1397 3612 1505 3652 ipsam
1525 3613 1710 3644 orationem
1732 3622 1787 3643 eos
1808 3619 1938 3652 quoque
1961 3608 2018 3649 qui
2042 3608 2180 3649 propter
2194 3607 2337 3637 aetatem

1246 3658 1428 3701 curatores]
1453 3658 1628 3699 accipiunt
1651 3657 1820 3699 pertinere
2027 3654 2067 3691 (6)
2102 3651 2251 3693 potuerit
2273 3662 2336 3682 scr.

1248 3704 1289 3741 (7)
1315 3701 1403 3733 idem
1417 3702 1469 3733 F2

2020 3753 2061 3782 47
