2528 3918
219 105 459 150 XXV11.2

218 230 321 273 pater
343 226 388 261 ab
413 225 575 262 hostibus
599 229 727 271 captus
749 224 886 262 fuisset.
918 226 1025 262 immo
1049 229 1194 262 curator
1215 226 1302 263 sub·

219 272 374 308 stantiae
396 270 476 306 dari
499 270 615 313 debet,
640 281 686 307 ne
707 270 745 307 in
767 271 881 307 medio
905 274 1041 316 pereat.

266 315 289 352 7
322 315 515 351 Ulmanus
532 315 622 351 libro
644 316 801 352 secundo
826 315 1108 361 disputationum
1150 314 1189 351 Si
1206 315 1302 352 filius

217 360 371 396 familias
393 364 493 395 tutor
515 369 538 394 a
560 363 726 412 praetore
749 360 854 395 datus
877 361 942 402 sit,
974 359 1004 395 si
1034 359 1177 405 quidem
1199 365 1303 406 pater

219 405 367 440 tutelam
391 404 544 450 agnovit,
567 415 605 440 iu
628 405 780 441 solidum
804 405 910 440 debet
932 404 1056 446 teneri,
1080 405 1111 440 si
1142 415 1215 441 non
1238 405 1301 440 ad-

217 449 348 496 gnovit,
373 449 559 485 dumtaxat
581 449 625 485 de
647 450 798 495 peculio.
831 448 1039 494 adgnovisse
1063 453 1182 485 autem
1205 449 1301 486 vide-

218 500 295 536 tur,
329 494 404 530 sive
433 494 544 539 gessit
577 494 650 530 sive
671 495 806 540 gerenti
829 494 900 529 filio
926 494 1107 529 consensit
1129 494 1203 530 sive
1226 504 1301 530 om-

218 540 301 575 nino
327 538 444 585 attigit
474 539 633 575 tutelam.
669 539 764 575 unde
797 550 877 574 cum
909 537 1053 583 quidam
1083 538 1157 574 filio
1188 539 1300 584 scrip-

218 584 332 626 sisset,
356 588 397 619 ut
420 583 606 629 diligenter
627 585 774 620 tutelam
797 588 957 636 gereret,
990 586 1082 618 ‘cum
1106 584 1222 626 scias',
1246 584 1300 619 in-

218 630 305 675 quit,
332 629 540 674 ‘periculum
563 629 610 665 ad
632 640 697 665 nos
720 629 920 674 pertinere‘,
945 628 1018 663 dixi
1040 628 1137 664 hunc
1161 638 1302 674 quoque

217 674 329 753 vigeri
351 673 581 719 adgnovisse:
605 674 711 719 plane
735 674 765 709 si
788 674 904 709 solum
923 673 1061 709 monuit
1082 673 1205 715 filium,
1228 683 1301 709 uon

217 718 250 754 vi
277 722 356 754 etur
448 719 510 754 ita.

263 760 288 801 8
312 729 529 800 Ios-affiibro
544 764 670 816 primo
694 763 902 809 opinionum
949 762 1128 798 Patronus
1161 773 1302 808 quoque

216 812 315 844 tutor
348 808 467 844 liberti
497 819 554 844 sm
583 808 689 843 fidem
713 807 880 843 exhibere
903 807 1026 850 debet,
1058 811 1094 842 et
1117 807 1148 842 si
1171 818 1243 853 qua
1264 808 1302 843 in

215 852 379 889 standem
414 853 640 888 debitorum¹
674 852 832 905 quamvis
875 852 1001 897 pupilli
1042 852 1160 888 liberti
1202 856 1302 898 gesta

216 902 313 941 sunt,
336 899 496 934 revocari
520 898 576 933 ius
625 897 781 933 ubhcum
803 897 985 943 permittit.

262 941 288 981 9
311 942 547 979 ΜΑησιΑινσε
574 943 602 978 li
644 954 664 978 o
698 943 802 977 tertio
833 942 1096 978 institutionum
1158 942 1200 976 In
1239 952 1301 977 eos

216 992 318 1024 extra
340 987 500 1024 ordinem
523 987 832 1030 animadvertitur,
857 987 918 1032 qui
940 987 1138 1032 probentur
1149 987 1301 1022 nummis

215 1032 309 1069 datis
342 1033 491 1068 tutelam
524 1042 721 1078 occupasse
752 1032 807 1067 vel
836 1032 950 1077 pretio
983 1036 1132 1077 accepto
1157 1042 1301 1077 operam

216 1077 366 1120 dedisse,
392 1082 431 1113 ut
455 1088 527 1113 uon
549 1077 698 1113 idoneus
722 1081 821 1112 tutor
853 1077 1017 1119 daretur,
1048 1077 1104 1112 vel
1137 1076 1300 1112 consulto

214 1122 253 1158 in
276 1122 412 1159 edendo
457 1122 643 1158 atrimonio
669 1122 904 1167 quantitatem
927 1121 1093 1156 minuerit
1102 1121 1127 1164 ²,
1151 1121 1207 1156 vel
1231 1121 1300 1157 evi-

217 1167 314 1204 denti
336 1167 419 1203 frau
445 1178 464 1202 e
486 1167 701 1213 pupillorum
726 1167 821 1202 bona
845 1166 1037 1201 alienasset
1045 1167 1070 1200 ³.

263 1211 314 1250 10
345 1211 540 1248 mmmm
553 1212 644 1247 libro
662 1212 819 1247 secundo
844 1211 894 1246 ad
909 1211 1063 1246 edictum
1094 1210 1216 1246 Etiam
1227 1221 1301 1246 uon

214 1257 354 1293 munice
380 1267 397 1292 s
421 1260 519 1292 tutor
542 1256 621 1291 dari
643 1260 772 1301 potest,
790 1255 981 1291 dummodo
998 1255 1130 1291 munici
1156 1255 1299 1291 idetur.

264 1301 311 1339 11
372 1310 499 1336 Avtvs
526 1301 618 1336 libro
650 1301 756 1336 tertio
787 1301 837 1335 ad
876 1300 1068 1336 Vitellium.
1158 1301 1299 1336 uriosus

214 1347 244 1383 si
276 1350 376 1382 tutor
406 1345 513 1381 datus
543 1345 669 1388 fuerit,
703 1349 823 1397 potest
851 1345 1007 1391 intellegi
1029 1346 1081 1380 ita
1105 1345 1193 1388 dari,
1219 1356 1299 1382 cum

214 1401 302 1428 suae
325 1391 453 1427 mentis
477 1400 556 1426 esse
580 1394 748 1436 coeperit.

262 1433 314 1474 12
337 1435 446 1471 loru
478 1435 570 1471 libro
601 1435 737 1472 decimo
775 1445 1030 1481 responsorum
1093 1434 1300 1480 Quaesitum

213 1486 279 1523 est,
304 1491 351 1516 an
373 1480 422 1523 hi,
447 1479 508 1526 qui
529 1480 566 1515 in
589 1480 708 1516 locum
733 1479 891 1515 absentis
923 1479 976 1515 rei
997 1480 1165 1525 publicae
1189 1491 1300 1516 causa

212 1530 351 1562 tutores
374 1525 448 1561 dati
470 1528 566 1568 sunt,
578 1529 719 1561 mortuo
743 1525 804 1560 illo
829 1528 966 1560 tutores
989 1529 1228 1577 perseverent,
1252 1535 1300 1561 an

213 1571 274 1608 alii
302 1570 448 1617 petendi
479 1575 608 1606 esseut.
663 1570 798 1605 Paulus
834 1569 1020 1615 respondit
1050 1580 1111 1606 eos
1124 1597 1134 1614 ,
1167 1571 1228 1616 qui
1261 1571 1298 1606 in

211 1617 332 1653 locum
355 1615 514 1651 absentis
539 1615 613 1651 dati
635 1619 729 1658 sunt,
753 1626 826 1650 non
857 1625 998 1650 reverso
1032 1625 1073 1651 eo
1105 1615 1143 1650 in
1176 1615 1299 1652 eadem

213 1671 325 1698 causa
373 1670 575 1696 erseverare
598 1671 713 1706 usque
735 1660 783 1695 ad
805 1663 946 1705 tempus
969 1660 1182 1705 pubertatis.

261 1703 312 1745 13
385 1715 579 1741 oueomvs
610 1705 701 1742 libro
736 1705 894 1741 secundo
939 1704 1135 1741 enchiridii
1201 1705 1299 1741 Solet

213 1751 320 1788 etiam
344 1754 491 1787 curator
525 1750 603 1786 dari
627 1751 674 1786 ali
699 1750 817 1786 uando
842 1754 997 1785 tutorem
1019 1750 1166 1786 habenti
1188 1762 1297 1796 prop-

211 1800 268 1833 ter
290 1796 474 1833 adversam
497 1796 627 1832 tutoris
650 1806 694 1831 va
709 1795 886 1831 etudinem
910 1795 965 1831 vel
988 1796 1126 1830 senium
1150 1797 1297 1831 aetatis:

212 1842 273 1888 qui
295 1852 331 1877 m
379 1841 408 1877 's
441 1841 707 1876 administrator
737 1851 875 1883 rerum,
907 1850 1014 1885 quam
1046 1845 1191 1876 curator
1221 1851 1299 1877 esse

215 1891 230 1922 1
279 1887 353 1922 inte
381 1886 505 1931 egitur.
541 1886 610 1922 Est
622 1886 727 1922 etiam
750 1885 892 1921 adiutor
914 1885 1059 1928 tutelae,
1084 1896 1190 1931 quem
1208 1886 1299 1922 solet

211 1935 359 1979 praetor
400 1931 605 1976 permittere
639 1931 818 1966 tutoribus
854 1930 1094 1973 constituere,
1130 1931 1191 1976 qui
1225 1941 1298 1966 non

211 1980 366 2024 possunt
396 1975 562 2012 sufficere
593 1975 890 2011 administrationi
920 1976 1073 2019 tutelae,
1104 1976 1157 2011 ita
1178 1979 1298 2012 tamen

211 2026 253 2058 ut
275 2032 340 2058 suo
390 2021 521 2057 ericulo
547 2032 627 2056 eum
651 2022 880 2057 constituant.

261 2065 312 2104 14
371 2076 538 2101 LPJANUS
558 2067 648 2102 libro
673 2067 855 2112 triqesimo
878 2067 1030 2112 septimo
1054 2065 1103 2101 ad
1123 2065 1297 2102 Sabinum

211 2111 251 2149 Si
274 2111 362 2147 adro
387 2112 438 2147 ati
461 2115 546 2147 sunt
568 2111 688 2147 adhuc
710 2112 758 2146 im
785 2111 913 2146 uberes
937 2111 992 2146 vel
1023 2110 1202 2157 deportati
1226 2111 1298 2147 sint

214 2160 229 2193 1
278 2122 416 2203 pupilli,
440 2160 578 2192 tutores
601 2156 734 2192 habere
782 2156 933 2192 esiuunt.
980 2156 1069 2191 Item
1101 2156 1132 2192 si
1160 2156 1199 2191 in
1222 2166 1296 2192 ser-

210 2202 357 2238 vitutem
402 2201 559 2248 pupillus
605 2201 787 2246 redigatur
800 2227 810 2243 ,
856 2201 980 2246 utique
1014 2200 1139 2236 finitur
1171 2201 1295 2236 tutela.

212 2250 233 2282 2
278 2247 368 2282 Aliis
404 2257 474 2292 quo
500 2257 546 2282 ue
568 2247 681 2282 modis
705 2246 872 2282 desinunt
891 2255 969 2281 esse
988 2250 1137 2289 tutores,
1162 2246 1193 2281 si
1203 2246 1298 2282 forte

211 2292 359 2373 3⁰³2&
380 2291 478 2372 &⁰⁸3AE
504 2291 1297 2382 ¹351ftffissussaiittileiuisupifflffi.*titii

1105 2363 1114 2379 7

213 2385 234 2418 4
280 2381 382 2418 finito
407 2385 506 2417 tutor
528 2391 607 2417 esse
637 2381 778 2417 desinit.
824 2380 1019 2416 Praeterea
1048 2382 1079 2416 si
1109 2391 1170 2416 sus
1198 2385 1296 2417 ectus

211 2431 230 2463 5
278 2427 356 2473 quis
379 2426 488 2462 fuerit
510 2429 681 2469 remotus,
706 2426 836 2462 desinit
858 2436 936 2461 esse
958 2430 1068 2461 tutor.
1113 2425 1159 2461 Se
1207 2430 1244 2461 et
1267 2426 1297 2461 si

210 2472 257 2509 ad
281 2475 415 2508 certam
447 2471 691 2507 condicionem
722 2471 827 2507 datus
858 2471 922 2513 sit,
955 2481 1068 2516 aeque
1099 2471 1232 2514 evenit,
1256 2475 1298 2507 ut

212 2517 352 2553 desinat
375 2527 454 2552 esse
477 2520 577 2552 tutor
600 2516 794 2552 exsistente
818 2515 1037 2552 condicione.

259 2561 309 2599 15
334 2561 443 2598 Imm
469 2561 560 2598 libro
593 2562 777 2608 triqesimo
809 2565 935 2598 octavo
966 2561 1017 2596 ad
1038 2560 1212 2597 Sabinum
1259 2560 1296 2597 Si

211 2608 288 2653 quis
319 2610 420 2643 tutor
450 2617 523 2642 non
555 2607 602 2642 sit
632 2610 761 2652 captus
794 2606 840 2642 ab
871 2606 1056 2649 hostibus,
1080 2605 1143 2641 sed
1166 2606 1295 2642 missus

210 2652 257 2688 ad
281 2662 341 2687 eos
366 2652 469 2697 quasi
490 2652 639 2697 legatus,
665 2655 730 2687 aut
752 2651 859 2687 etiam
882 2654 1049 2696 receptus
1073 2651 1119 2686 ab
1145 2651 1208 2693 eis,
1232 2655 1296 2687 aut

210 2696 442 2742 transfugerit
451 2697 476 2739 ⁴,
502 2697 586 2742 quia
609 2706 731 2732 servus
755 2706 828 2732 nou
851 2695 1018 2738 efficitur,
1043 2699 1143 2732 tutor
1163 2700 1295 2739 manet,

210 2742 272 2778 sed
294 2742 434 2777 interim
457 2752 480 2777 a
527 2741 726 2777 raesidibus
750 2741 841 2776 alius
864 2744 963 2776 tutor
986 2741 1140 2776 dabitur.

259 2784 310 2824 16
339 2787 462 2823 GAms
478 2753 570 2822 ligr-o
594 2786 803 2823 duodecimo
828 2786 877 2821 ad
893 2786 1050 2838 edictum
1067 2786 1296 2834 provinciale

213 2835 228 2866 1
278 2831 407 2867 Tutela
437 2832 645 2876 plerumque
676 2832 775 2867 virile
806 2830 964 2867 officium
995 2834 1061 2867 est.
1107 2830 1158 2866 Et
1179 2831 1294 2867 scien-

211 2877 295 2912 dum
326 2881 380 2911 est
411 2877 545 2911 nullam
575 2876 725 2912 tutelam
755 2875 969 2912 hereditario
1001 2876 1080 2912 iure
1109 2875 1157 2911 ad
1186 2876 1296 2912 alium

210 2921 379 2957 transire:
412 2921 475 2956 sed
498 2921 544 2956 ad
568 2922 698 2957 liberos
722 2921 829 2957 virilis
849 2931 954 2957 sexus
974 2920 1156 2967 perfectae
1167 2921 1295 2958 aetatis

211 2966 432 3002 descendunt
455 2966 641 3010 legitimae,
666 2970 806 3002 ceterae
828 2977 902 3002 non
926 2966 1158 3002 descendunt.

260 3009 309 3048 17
335 3010 392 3046 ΡΑ
401 3021 443 3045 οἰ
451 3021 494 3045 vs
522 3011 612 3046 libro
644 3015 769 3047 octavo
802 3011 851 3046 ad
873 3010 1046 3047 Sabinum
1102 3010 1295 3056 Complura

210 3059 356 3092 senatus
388 3056 552 3090 consulta
582 3056 680 3091 facta
711 3060 813 3099 sunt,
836 3060 877 3091 ut
907 3057 944 3091 in
968 3056 1087 3092 locum
1108 3055 1236 3092 furiosi
1258 3060 1295 3092 et

210 3101 299 3136 muti
323 3103 359 3137 et
381 3100 480 3136 surdi
503 3101 631 3136 tutoris
655 3101 715 3136 alii
738 3105 877 3136 tutores
903 3101 1043 3137 dentur.

259 3143 309 3184 18
342 3145 547 3182 Nemi-ms
567 3146 657 3181 libro
678 3148 781 3181 tertio
802 3146 1011 3193 reqularum
1046 3145 1216 3182 Feminae
1234 3149 1292 3182 tu-

210 3195 305 3227 tores
317 3190 396 3226 dari
407 3200 479 3225 nou
500 3195 662 3235 possunt,
677 3191 761 3236 quia
779 3191 815 3226 id
834 3201 963 3227 munus
975 3191 1214 3227 masculorum
1227 3194 1292 3234 est,

210 3236 278 3272 uisi
300 3246 324 3272 a
346 3235 507 3282 principe
529 3234 681 3270 filiorum
704 3236 853 3271 tutelam
876 3236 1077 3282 specialiter
1099 3236 1290 3281 postulent.

715 3328 785 3366 11⁵.

414 3392 476 3425 DE
500 3391 883 3427 TESTAMENTARIA
908 3393 1098 3426 TUTELA.

260 3457 277 3496 1
308 3458 432 3496 Guvs
458 3457 551 3495 libro
581 3457 791 3494 duodecimo
822 3459 871 3494 ad
892 3459 1046 3496 edictum
1063 3459 1291 3507 provinciale

209 3574 249 3612 (1)
273 3571 479 3605 creditorum
492 3572 565 3606 edd.
649 3571 692 3613 (2)
718 3570 878 3604 minuisse
892 3572 974 3607 Hal.
1056 3575 1099 3613 (3)
1124 3573 1290 3606 alienasse

209 3616 292 3650 Hal.
430 3620 472 3657 (4)
497 3619 557 3649 aut
577 3616 678 3648 etiam
699 3619 854 3659 receptus
868 3617 908 3649 ab
922 3618 971 3649 eis
992 3621 1052 3650 aut
1065 3618 1291 3661 transfugerit

209 3661 357 3695 videntur
369 3662 513 3695 insiticia
524 3673 604 3696 esse.

1289 103 1497 165 334,

1994 119 2056 151 DE
2083 0 2528 188 mmmmsnu}

2421 286 2453 313 ῃ
2515 301 2518 305 ,

1369 226 1466 272 Lege
1488 226 1675 264 duodecim
1699 228 1901 264 tabularum
1922 227 2131 274 permissum
2161 233 2217 265 est
2245 231 2452 276 parentibus

1370 270 1491 308 liberis
1525 262 1601 308 suis
1634 271 1708 309 sive
1739 271 1900 309 feminini
1932 272 2005 309 sive
2038 273 2224 310 masculini
2257 284 2387 318 sexus,
2440 275 2450 286 ’

1374 319 1388 350 1
1415 315 1762 363 modoinpotestate
1774 317 1856 359 sint,
1868 320 2005 353 tutores
2017 321 2229 355 testamento
2242 318 2338 355 dare.
2363 319 2451 357 Item
2500 316 2506 324 ¹

1370 361 1464 396 scire
1486 361 1656 397 debemus
1679 362 1787 398 etiam
1808 363 1982 408 postumis
2006 362 2086 398 filiis
2107 363 2162 399 vei
2185 364 2374 409 nepotibus
2396 365 2453 401 vel

1371 405 1497 441 ceteris
1528 405 1648 442 liberis
1681 407 1788 442 licere
1826 407 2032 452 parentibus
2072 411 2283 444 testamento
2315 411 2452 446 tutores

1371 450 1467 492 dare,
1492 450 1554 495 qui
1576 450 1681 486 modo
1704 452 1742 487 in
1766 461 1809 486 ea
1831 461 1942 487 causa
1965 452 2048 494 siut,
2072 455 2131 495 ut,
2155 452 2187 488 si
2207 452 2287 489 vivo
2311 463 2353 489 eo
2377 454 2453 490 nati

1369 494 1512 538 fuerint,
1536 495 1574 531 in
1596 499 1774 541 potestate
1798 496 1873 531 eius
1896 495 2008 531 futuri
2031 496 2103 531 sint
2124 506 2239 543 neque
2261 501 2451 534 testamen-

1371 542 1391 574 2
1438 544 1514 575 tum
1536 540 1687 585 rupturi.
1733 541 1824 576 Item
1846 541 2080 586 ignorandum
2103 551 2177 577 non
2200 545 2254 578 est
2276 552 2367 583 eum,
2392 543 2453 589 qui

1370 583 1481 620 filium
1502 584 1541 620 iu
1589 588 1742 621 otestate
1774 589 1811 621 et
1839 589 2004 631 nepotem
2035 596 2079 621 ex
2109 595 2152 622 eo
2184 597 2297 633 aeque
2327 588 2365 623 in
2387 599 2451 633 po·

1370 633 1501 682 testate
1522 595 1680 682 hazebit,
1704 630 1736 682 si
1758 630 1880 675 nepoti
1902 634 2057 666 tutorem
2088 630 2243 674 dederit,
2273 632 2326 667 ita
2356 637 2454 668 recte

1371 673 1511 709 dedisse
1532 674 1662 717 videri,
1693 684 1725 710 si
1755 685 1866 720 nepos
1897 678 1980 720 post
2001 678 2151 711 mortem
2182 676 2256 712 eius
2279 676 2317 711 in
2339 678 2453 729 patris

1371 718 1426 754 sui
1456 722 1670 764 potestatem
1699 729 1888 755 recasurus
1919 729 1992 755 nou
2022 720 2087 755 sit:
2127 721 2224 766 quod
2255 725 2389 764 evemt,
2422 722 2454 758 si

1370 763 1448 798 vivo
1472 767 1645 799 testatore
1667 762 1760 800 filius
1784 764 1820 799 in
1844 767 2022 809 potestate
2045 764 2118 800 eius
2142 775 2219 801 esse
2243 765 2396 802 desierit.

1417 805 1443 844 2
1474 807 1668 844 ULPIANUS
1687 808 1778 845 libro
1801 809 1959 844 secundo
1982 809 2032 844 ad
2054 808 2226 846 Sabinum
2261 810 2338 847 Nec
2361 811 2452 846 mili-

1370 855 1442 888 tem
1463 852 1584 889 liberis
1595 853 1772 889 recasuris
1795 854 1832 888 in
1855 858 2070 899 potestatem
2081 858 2236 891 tutorem
2249 855 2335 891 dare
2346 866 2453 901 posse

1371 907 1394 932 a
1417 897 1505 933 divis
1527 898 1699 934 fratribus
1722 898 1934 943 rescriptum
1958 902 2022 934 est.

1417 940 1441 980 3
1467 942 1573 978 IDEM
1592 943 1683 979 libro
1708 944 1890 989 triqesimo
1914 945 2039 989 quinto
2056 943 2106 978 ad
2127 945 2280 980 edictum
2326 944 2451 981 Testa-

1370 991 1488 1023 mento
1520 987 1624 1023 datos
1656 991 1793 1023 tutores
1832 988 1995 1033 accipere
2032 988 2200 1025 debemus
2232 989 2339 1025 etiam
2379 1000 2452 1034 eos,

1371 1032 1433 1077 qui
1467 1032 1638 1068 codicillis
1673 1036 1886 1068 testamento
1930 1032 2147 1069 confirmatis
2189 1034 2312 1087 scripti
2357 1039 2450 1071 sunt.

1373 1080 1388 1111 1
1440 1076 1510 1112 Sed
1548 1087 1609 1113 eos
1641 1077 1781 1113 demum
1812 1081 2023 1113 testamento
2057 1078 2160 1114 datos
2191 1089 2356 1125 accipere
2386 1090 2452 1116 nos

1371 1126 1523 1167 oportet,
1548 1122 1609 1167 qui
1631 1122 1708 1158 iure
1731 1122 1806 1157 dati
1829 1126 1922 1157 suut.

1415 1165 1442 1204 4
1465 1166 1719 1203 Moosssrmvs
1739 1167 1829 1203 libro
1850 1178 1870 1202 s
1917 1168 2001 1203 timo
2024 1167 2065 1203 di
2134 1169 2311 1204 entiarum
2345 1169 2454 1205 Pater

1368 1211 1517 1247 heredi⁶
1547 1212 1711 1248 instituto
1743 1211 1816 1247 filio
1848 1222 1890 1247 ve
1935 1212 2044 1248 exher
2089 1216 2149 1248 ato
2180 1217 2335 1248 tutorem
2366 1213 2454 1250 dare

1368 1260 1499 1310 potest,
1523 1260 1638 1292 mater
1661 1260 1780 1309 autem
1803 1267 1876 1292 non
1899 1257 1967 1292 nisi
1989 1257 2169 1301 instituto,
2194 1258 2357 1310 quasiin
2379 1269 2453 1295 rem

1368 1305 1501 1382 {tius
1525 1312 1660 1392 iffi
1674 1313 1727 1382 ²31
1745 1312 1944 1399 mn&
1967 1302 2452 1384 ἑζΐὲἑξωωέιὲξὲωῗέἳῗαᾞέ

1369 1395 1424 1444 est
1453 1395 1562 1434 tutor,
1598 1402 1619 1427 o
1646 1392 1787 1434 ortebit,
1825 1403 1905 1428 cum
1941 1402 1964 1427 a
1996 1396 2100 1438 patre
2131 1392 2256 1435 datus,
2293 1394 2452 1438 quamvis

1368 1447 1484 1472 mmus
1515 1437 1593 1472 iure
1648 1441 1729 1472 atus
1761 1437 1825 1479 sit,
1861 1441 1982 1472 tamen
2012 1437 2088 1473 sine
2117 1437 2342 1483 inquisitione
2365 1449 2450 1474 con-

1367 1481 1531 1517 firmatur
1539 1483 1565 1525 ⁷,
1597 1481 1666 1517 nisi
1697 1482 1728 1517 si
1760 1492 1890 1524 causa,
1921 1486 2069 1534 propter
2098 1492 2205 1528 quam
2227 1482 2332 1519 datus
2355 1483 2451 1519 vide·

1367 1526 1492 1570 batur,
1515 1527 1553 1562 in
1577 1537 1619 1563 eo
1641 1531 1781 1562 mutata
1805 1527 1869 1569 sit,
1893 1528 2002 1562 veluti
2031 1527 2063 1563 si
2085 1536 2130 1562 ex
2152 1527 2266 1564 amico
2289 1527 2451 1565 inimicus

1366 1572 1423 1607 vel
1447 1582 1492 1607 ex
1515 1571 1621 1607 divite
1643 1572 1836 1617 pauperior
1860 1572 2006 1608 effectus
2031 1572 2087 1607 sit.

1413 1615 1439 1654 5
1470 1616 1665 1653 Utpmvvs
1692 1617 1783 1653 libro
1839 1618 1940 1653 uinco
1964 1618 2100 1653 decimo
2123 1617 2174 1652 ad
2195 1616 2368 1654 Sabinum
2414 1618 2452 1654 Si

1367 1662 1446 1707 quis
1468 1661 1611 1698 filiabus
1635 1662 1709 1697 suis
1732 1661 1787 1697 vel
1851 1662 1871 1670 ‘⁹
1915 1665 2051 1698 tutores
2075 1662 2221 1705 dederit,
2238 1662 2344 1698 etiam
2366 1673 2451 1709 pos-

1367 1711 1489 1742 tumae
1518 1707 1657 1743 videtur
1689 1706 1839 1750 dedisse,
1864 1707 1947 1752 quia
1966 1706 2061 1743 filiae
2084 1707 2322 1753 appellatione
2346 1709 2452 1744 etiam

1366 1756 1534 1797 postuma
1557 1752 1770 1788 continetur.
2016 1765 2021 1769 ·

1412 1795 1438 1834 6
1461 1797 1571 1832 loru
1597 1797 1689 1832 libro
1726 1797 1908 1843 triqesimo
1939 1807 2035 1832 nono
2068 1796 2118 1832 ad
2140 1795 2314 1833 Sabinum
2360 1797 2452 1842 Quid

1366 1842 1569 1923 treptia-⁸
1583 1842 1666 1922 siff
1675 1843 1810 1922 “2312ss
1820 1841 2450 1933 ffiflti⁰3fflffiffissffissq3

1367 1942 1436 1977 que
1459 1931 1534 1967 dati
1557 1932 1762 1974 videantur,
1786 1932 1817 1967 si
1847 1931 1952 1967 modo
1984 1932 2116 1967 liberos
2149 1931 2254 1967 dixit:
2297 1936 2452 1969 ceterum

1366 1977 1398 2013 si
1419 1976 1524 2020 filios,
1547 1987 1621 2012 non
1645 1976 1942 2012 continebuntur:
1976 1977 2079 2012 aliter
2111 1977 2204 2012 enim
2234 1977 2316 2020 filii,
2349 1977 2453 2014 aliter

1365 2021 2345 2112 Eiiffitiffieflissffieissiniiir?‘iiifflbffidtirfi‘’
2377 2026 2450 2058 ‘⁸¹¹²

1413 2110 1437 2149 7
1463 2112 1623 2148 Panos
1649 2112 1742 2147 libro
1774 2112 1879 2147 tertio
1910 2112 1960 2147 ad
1981 2111 2155 2148 Sabinum
2202 2111 2354 2148 Tutores
2377 2123 2451 2149 uon

1366 2157 1411 2192 ab
1443 2157 1590 2199 herede,
1623 2157 1687 2192 sed
1717 2167 1740 2191 a
1769 2160 1942 2192 testatore
1971 2157 2133 2202 protinus
2163 2156 2452 2202 proficiscuntur,

1367 2202 1472 2237 simul
1503 2206 1612 2247 atque
1644 2202 1771 2247 aliquis
1803 2202 1908 2237 heres
1942 2202 2154 2237 exstitisset:
2193 2211 2276 2237 nam
2307 2206 2344 2237 et
2373 2202 2452 2248 ipse

1365 2247 1469 2283 heres
1492 2251 1592 2282 tutor
1615 2247 1692 2282 dari
1714 2250 1835 2292 potest
1858 2250 1894 2282 et
1914 2250 1999 2292 post
2018 2250 2165 2282 mortem
2189 2246 2329 2283 heredis
2352 2250 2451 2283 tutor

1365 2296 1463 2328 recte
1486 2291 1565 2327 dari
1587 2295 1717 2337 potest.

1411 2334 1437 2374 8
1468 2335 1663 2373 ULPJANUS
1698 2336 1789 2372 libro
1820 2337 1984 2372 vicesimo
2024 2340 2155 2382 quarto
2194 2336 2245 2371 ad
2275 2334 2449 2372 Sabinum

1365 2382 1481 2418 Tutor
1505 2382 1610 2417 datus
1634 2381 1746 2416 vetari
1776 2385 1875 2416 tutor
1906 2391 1984 2417 esse
2016 2385 2137 2426 potest
2158 2381 2214 2416 vel
2235 2385 2449 2417 testamento

1343 2462 1345 2464 ,
1368 2431 1383 2461 1
1432 2427 1488 2462 vel
1512 2426 1693 2462 codicillis.
1741 2425 1812 2461 Sed
1835 2426 1867 2461 si
1889 2426 1956 2461 sub
1982 2426 2190 2462 condicione
2220 2425 2330 2461 fuerit
2351 2430 2449 2462 tutor

1365 2475 1385 2508 2
1433 2471 1550 2514 datus,
1576 2471 1763 2507 deficiente
1787 2471 1995 2506 condicione
2017 2475 2115 2506 tutor
2137 2481 2210 2507 non
2235 2471 2300 2507 erit
2311 2471 2335 2506 ⁸.
2375 2471 2448 2507 Tu-

1364 2520 1478 2553 torem
1501 2520 1620 2552 autem
1652 2520 1689 2552 et
1711 2526 1735 2551 a
1757 2520 1855 2551 certo
1887 2519 2048 2561 tempore
2078 2515 2165 2551 dare
2195 2519 2231 2551 et
2261 2526 2373 2561 usque
2403 2516 2450 2552 ad

1365 2565 1501 2598 certum
1531 2565 1672 2607 tempus
1704 2561 1789 2597 licet
1819 2564 1855 2596 et
1884 2561 1952 2596 sub
1977 2560 2186 2597 condicione
2209 2564 2245 2596 et
2266 2571 2380 2606 usque
2402 2561 2451 2596 ad

1365 2610 1385 2643 3
1433 2606 1690 2642 condicionem.
1745 2606 1789 2641 Iu
1825 2606 1954 2641 tutoris
1986 2606 2165 2642 dationem
2196 2610 2315 2641 utrum
2344 2606 2446 2641 levis-

1364 2652 1455 2688 sima
1478 2651 1640 2687 condicio
1665 2661 1712 2686 an
1736 2651 1937 2693 novissima,
1962 2656 2002 2686 ut
2032 2651 2070 2686 in
2100 2651 2228 2696 legato,
2252 2651 2449 2696 spectanda

1364 2698 1443 2733 est?
1474 2700 1515 2732 ut
1537 2700 1627 2742 puta
1650 2695 1778 2732 ‘Titius
1802 2706 1883 2732 cum
1906 2696 2038 2741 poterit
2059 2700 2159 2731 tutor
2176 2696 2283 2732 esto’:
2321 2696 2447 2732 ‘Titius

1365 2742 1407 2778 ‘si
1430 2742 1530 2777 navis
1554 2751 1598 2777 ex
1619 2741 1709 2777 Asia
1730 2741 1864 2776 venerit
1886 2745 1984 2777 tutor
2001 2741 2101 2777 esto’.
2127 2744 2162 2776 et
2175 2740 2334 2777 Iulianus
2356 2740 2446 2777 libro

1363 2786 1528 2823 vicesimo
1553 2786 1770 2832 digestorum
1792 2789 1890 2822 recte
1913 2786 2056 2832 scripsit
2085 2785 2312 2822 novissimam
2335 2785 2446 2832 scrip·

1363 2836 1482 2868 turam
1506 2842 1584 2867 esse
1608 2830 1851 2878 spectandam.

1409 2875 1435 2915 9
1459 2876 1688 2913 Poupomvs
1725 2876 1816 2911 libro
1859 2876 1965 2912 tertio
1999 2875 2050 2911 ad

1363 2921 1402 2958 Si
1424 2932 1527 2958 nemo
1550 2921 1783 2957 hereditatem
1806 2921 1943 2963 adierit,
1968 2920 2055 2956 nihil
2078 2920 2174 2956 valet
2195 2930 2241 2956 ex
2262 2919 2330 2963 his,
2354 2930 2448 2973 quae

1362 2970 1575 3003 testamento
1606 2967 1742 3012 scripta
1772 2970 1874 3001 sunt:
1912 2966 1944 3001 si
1974 2975 2056 3001 vero
2088 2975 2181 3001 unus
2212 2975 2257 3002 ex
2285 2965 2446 3011 pluribus

1363 3012 1502 3055 adierit,
1525 3011 1659 3047 tutelae
1681 3011 1803 3047 statim
1825 3010 1946 3047 valent
1967 3021 2035 3046 nec
2058 3009 2338 3056 exspectandum
2369 3010 2445 3053 erit,

1362 3061 1403 3092 ut
1426 3066 1548 3093 omnes
1570 3056 1803 3092 hereditatem
1825 3055 1968 3092 adeant.

1411 3100 1461 3140 10
1492 3101 1687 3137 ULPIAJWS
1719 3101 1810 3137 libro
1845 3101 2028 3147 triqesimo
2062 3102 2168 3135 sexto
2197 3098 2249 3134 ad
2270 3097 2444 3135 Sabinum

1362 3146 1400 3183 Si
1422 3146 1599 3182 hereditas
1623 3146 1781 3182 nondum
1804 3145 1902 3181 adita
1925 3145 1983 3187 sit,
2007 3154 2051 3180 ex
2063 3154 2134 3190 qua
2156 3147 2255 3196 tutor
2267 3149 2444 3189 speratur,

1361 3191 1477 3228 verius
1501 3195 1556 3227 est
1577 3191 1686 3227 alium
1708 3195 1861 3226 tutorem
1917 3200 1998 3226 osse
2028 3188 2124 3232 dari,
2154 3198 2257 3234 quasi
2287 3189 2444 3225 nondum

1367 3239 1379 3271 1
1428 3236 1496 3278 sit,
1528 3236 1620 3271 nec⁹
1651 3239 1822 3282 speretur.
1875 3201 1918 3270 lg
1947 3234 2067 3270 tutelis
2101 3234 2377 3286 testamentariis
2407 3234 2445 3269 id

1362 3281 1541 3327 sequimur
1571 3281 1668 3333 quod
1699 3281 1925 3316 novissimum
1955 3283 2028 3321 est,
2061 3282 2096 3313 et
2126 3288 2157 3314 si
2179 3288 2323 3324 saepius
2346 3282 2444 3315 tutor

1362 3328 1381 3361 2
1430 3325 1535 3361 datus
1565 3330 1623 3369 sit,
1647 3325 1873 3361 novissimam
1895 3324 1966 3360 scri
1991 3327 2108 3358 turam
2140 3323 2328 3360 intuemur.
2376 3323 2444 3368 Qui

1360 3369 1471 3405 filium
1494 3374 1531 3405 et
1553 3380 1598 3406 ex
1621 3380 1662 3406 eo
1687 3374 1852 3416 nepotem
1874 3368 1968 3404 habe
1994 3371 2043 3410 at,
2075 3367 2107 3403 si
2138 3368 2260 3413 nepoti
2289 3371 2443 3404 tutorem

1361 3415 1515 3457 dederit,
1548 3415 1659 3451 habet
1691 3414 2002 3460 disceptationem,
2035 3422 2083 3448 an
2117 3412 2236 3458 aliquo
2260 3423 2348 3449 casu
2370 3423 2442 3449 non

1360 3460 1407 3495 sit
1441 3460 1538 3495 utilis
1551 3461 1579 3482 ¹⁰
1613 3460 1728 3496 datioz
1773 3464 1814 3495 ut
1846 3462 1935 3504 puta
1965 3458 1996 3493 si
2018 3467 2199 3503 proponas
2230 3457 2342 3494 filium
2363 3458 2442 3494 vivo

2083 2874 2253 2918 Quintum
2287 2874 2447 2912 Mucium

1357 3572 1443 3617 Pap.
1458 3579 1586 3611 20...82;
1618 3573 1706 3615 App.
1726 3579 1772 3606 84.
1808 3590 1848 3595 -
1881 3572 1967 3605 Bas.
1981 3572 2035 3612 37,
2049 3578 2077 3605 2.
2109 3588 2154 3595 -
2189 3571 2239 3615 cs.
2265 3571 2342 3605 Cod.
2357 3572 2389 3612 5,
2403 3578 2439 3606 2⁸

1358 3619 1402 3659 (8)
1427 3616 1595 3650 heredeF
1693 3619 1736 3658 (Ἰ)
1761 3617 1975 3650 confirmetur
1987 3615 2042 3649 F²
2144 3617 2190 3657 (8)
2216 3619 2236 3659 ἓ
2255 3617 2268 3650 1
2285 3616 2442 3649 collocari

1359 3663 1468 3696 debuit
1475 3668 1552 3705 post
1565 3666 1582 3701 5
1596 3662 1616 3695 2
1718 3665 1761 3700 (9)
1785 3663 1859 3702 uec]
1873 3661 1978 3694 donec
1990 3673 2052 3694 ser.
2154 3663 2214 3702 (10)
2239 3660 2349 3702 utilis]
2363 3660 2441 3693 inu·

255 3708 298 3743 (s)
323 3706 404 3739 Sat.
420 3712 854 3741 ima.s...e.1o...¹7.1o...2³.
870 3712 923 3745 aaz
948 3708 1013 3740 Ed.
1028 3714 1054 3740 4.
1069 3714 1094 3740 o.
1112 3715 1217 3742 iau.
1231 3715 1289 3746 253
1321 3707 1327 3748 Ι
1359 3707 1431 3739 tilis
1444 3719 1507 3739 scr.
