2528 3918
164 130 398 174 XXXXHI
434 133 497 174 14.
526 132 591 174 15.
619 133 670 173 16

164 257 286 289 ‘ratem
309 263 414 298 agere
437 263 552 298 quove
571 252 689 288 minus
707 261 772 298 per
789 251 905 298 ripam
917 254 928 274 ¹
953 260 1102 287 onerare
1119 260 1250 286 exone-

164 308 255 334 ·rare
277 298 403 341 liceat,
437 298 505 334 vim
536 297 614 334 fieri
636 301 729 333 veto.
776 297 862 333 item
886 301 925 332 ut
948 306 1012 341 per
1034 296 1154 331 lacum
1176 294 1251 331 fos-

165 349 252 379 ‘sam
275 346 439 388 stagnum
462 343 644 388 publicum
667 342 834 387 navigare
860 342 983 384 liceat,
1016 340 1250 376 interdicam’.

168 393 179 423 1
228 387 309 423 Hoc
325 388 515 423 interdicto
534 387 764 433 prospicitur,
781 397 827 423 ne
845 386 924 432 quis
941 385 1086 438 flumine
1105 385 1251 437 publico

164 433 328 477 navigare
372 433 598 468 rohibeatur:
623 432 729 468 sicuti
756 432 850 468 enim
874 432 918 475 ei,
943 441 1005 475 qm
1028 440 1084 466 via
1106 430 1253 475 pubhca

163 479 215 513 uti
246 478 351 523 probi
378 483 496 522 eatur,
532 477 760 514 interdictum
789 487 900 522 supra
930 475 1154 522 propositum
1183 479 1252 517 est,

163 526 183 557 2
229 523 282 558 ita
304 523 373 558 boc
397 533 539 568 quoque
563 522 835 568 proponendum
859 526 1005 566 praetor
1023 520 1174 566 putavit.
1213 519 1253 555 Si

163 572 183 602 3
230 569 372 613 privata
389 572 474 604 sunt
490 578 600 613 supra
613 568 759 612 scripta,
778 566 1005 602 interdictum
1019 570 1148 602 cessat.
1179 565 1252 601 La-

162 616 183 648 4
231 623 296 648 cus
320 617 385 654 est,
410 613 507 658 quod
529 617 742 659 perpetuam
765 613 875 647 habet
897 621 1038 656 aquam.
1079 610 1252 655 Stagnum

162 662 233 700 est,
265 659 360 702 quod
384 658 615 704 temporalem
639 658 822 694 contineat
844 667 975 702 aquam
997 655 1130 691 ibidem
1152 660 1250 700 stag·

162 707 323 745 nantem,
380 714 448 738 uae
479 702 621 749 quidem
650 713 744 747 aqua
774 703 983 748 plerumque
1010 701 1125 736 hieme
1155 701 1251 745 cogi-

164 752 183 782 5
232 753 300 783 tur.
371 759 455 784 ossa
479 752 534 784 est
556 748 822 793 receptaculum
846 757 962 791 aquae
984 757 1093 782 manu
1115 746 1215 781 facta
1224 746 1250 781 ³.

163 797 183 828 6
209 796 226 828 ‘1
276 793 434 829 Possunt
456 798 576 829 autem
599 794 707 829 etiam
729 793 819 828 haec
838 802 917 828 esse
936 791 1092 837 publica.
1127 791 1251 826 Publi-

163 849 253 874 cano
277 838 395 884 plane,
420 839 482 884 qui
504 839 623 874 lacum
646 838 700 873 vel
723 842 889 882 stagnum
913 836 1095 879 conduxit,
1124 836 1155 871 si
1174 835 1251 888 pis-

162 884 238 919 cari
259 883 504 929 prohibeatur,
531 884 616 919 utile
633 882 862 918 interdictum
882 886 1084 927 competere
1098 881 1252 917 Sabinus

163 929 357 965 consentit:
394 935 431 964 et
462 931 513 964 ita
543 929 678 964 Labeo.
726 938 808 973 ergo
839 932 876 963 et
906 928 936 963 si
960 938 983 963 a
1013 926 1252 979 municipibus

162 974 378 1010 conductum
409 975 560 1016 habeat,
600 973 852 1018 aequissimum
891 974 960 1008 erit
990 973 1036 1009 ob
1070 971 1252 1016 vectigalis

163 1022 183 1054 8
230 1018 388 1055 favorem
411 1019 603 1055 interdicto
625 1029 706 1054 eum
727 1018 834 1054 tueri.
870 1018 908 1054 Si
932 1018 1010 1070 quis
1035 1017 1119 1053 velit
1141 1017 1251 1069 inter-

162 1064 297 1100 dictum
334 1065 407 1100 tale
443 1075 602 1106 movere,
643 1067 684 1099 ut
718 1064 819 1099 locus
855 1064 1075 1108 deprimatur
1137 1072 1252 1098 ecoris

161 1110 367 1156 appellendi
388 1110 514 1155 gratia,
540 1121 613 1145 non
637 1109 743 1144 debet
765 1108 901 1144 audiri:
927 1112 963 1144 et
979 1109 1031 1143 ita
1045 1107 1105 1143 Me
1122 1118 1144 1142 a
1163 1107 1252 1159 scri3

162 1158 183 1190 9
231 1155 293 1190 bit.
329 1155 450 1190 Idem⁴
475 1156 526 1190 ait
548 1155 621 1190 tale
639 1154 868 1189 interdictum
889 1164 967 1189 com
995 1157 1102 1195 etate,
1127 1163 1172 1188 ne
1196 1163 1253 1188 cui

162 1200 213 1236 vis
237 1199 311 1241 fiat,
337 1211 407 1245 quo
424 1201 541 1235 minus
556 1210 667 1245 pecus
682 1200 729 1234 ad
745 1199 876 1234 flumen
895 1199 969 1244 pub
985 1199 1077 1234 'cum
1095 1198 1253 1243 ripamve

163 1244 316 1280 fluminis
340 1245 475 1290 publici
498 1245 703 1291 appellatur
713 1246 737 1280 ⁵.

651 1384 725 1423 XV
734 1381 763 1423 ⁸.

471 1450 534 1483 DE
557 1450 666 1482 RIPA
690 1448 949 1482 MUNIENDA.

213 1513 229 1551 1
265 1513 462 1550 [limnas
482 1514 573 1551 libro
597 1525 691 1550 sexa
718 1515 853 1550 ensinio
875 1518 1001 1550 octavo
1025 1513 1075 1549 ad
1097 1513 1251 1549 edictum

162 1560 313 1595 Praetor
335 1559 404 1595 ait:
430 1560 520 1604 ‘Quo
544 1560 662 1596 minus
681 1561 694 1595 i
724 1560 732 1569 ’
751 1560 789 1595 in
804 1559 951 1595 flumine
968 1559 1111 1605 publico
1129 1559 1252 1604 ripave

162 1605 250 1640 ‘eius
281 1615 370 1651 opus
405 1605 524 1640 facere
553 1605 655 1651 ripae
684 1605 802 1651 agrive
835 1605 895 1650 qui
925 1605 1021 1640 circa
1051 1604 1167 1649 ripam
1198 1608 1253 1640 est

162 1650 297 1686 ‘tuendi
317 1660 428 1686 causa
444 1650 562 1693 liceat,
588 1651 671 1686 dum
696 1661 741 1687 ne
765 1651 812 1686 ob
836 1650 873 1685 id
896 1649 1076 1695 navigatio
1097 1649 1252 1685 deterior

162 1695 254 1738 ‘fiat‚
285 1695 317 1730 si
345 1695 411 1730 tibi
443 1695 563 1731 damni
585 1695 710 1732 infecti
733 1696 771 1731 in
794 1706 907 1731 annos
932 1695 1054 1731 decem
1078 1695 1144 1730 viri
1167 1694 1253 1730 boni

161 1741 350 1776 ‘arbitratu
374 1741 429 1776 vel
447 1748 593 1776 cautum
612 1741 667 1777 vel
683 1741 896 1778 satisdatum
915 1745 970 1777 est
986 1745 1050 1776 aut
1067 1751 1133 1786 per
1150 1740 1253 1775 illum

161 1791 246 1822 ‘non
269 1790 352 1830 stat,
378 1797 448 1832 quo
472 1787 590 1822 minus
614 1786 678 1822 viri
701 1786 786 1822 boni
809 1787 988 1822 arbitratu
1007 1789 1176 1821 caveatur
1197 1785 1252 1820 vel

165 1835 178 1867 1
230 1831 448 1873 ‘satisdetur‚
474 1832 543 1867 vim
562 1832 640 1867 fieri
655 1832 760 1867 veto'.
796 1831 910 1877 Ripas
929 1831 1115 1867 fluminum
1133 1830 1251 1876 publi-

161 1887 285 1913 corum
313 1876 461 1913 reficere
484 1877 624 1913 munire
648 1877 873 1913 utilissimum
897 1880 962 1912 est.
1009 1876 1116 1912 sicuti
1143 1877 1254 1921 igitur

161 1922 205 1958 de
230 1922 286 1957 via
308 1922 454 1967 publica
476 1922 669 1958 reficienda
690 1922 920 1958 interdictum
940 1922 1165 1968 propositum
1186 1925 1251 1965 est,

160 1968 212 2003 ita
241 1967 348 2002 etiam
379 1967 424 2003 de
454 1968 534 2013 ripa
563 1967 719 2004 fluminis
756 1967 950 2003 munienda
980 1966 1253 2013 proponendum

162 2016 182 2048 2
229 2012 308 2048 fuit.
356 2013 487 2048 Merito
517 2012 627 2048 adicit
657 2013 753 2048 ‘dum
781 2023 828 2048 ne
857 2013 904 2049 ob
928 2012 965 2048 id
989 2012 1167 2057 navigatio
1191 2011 1252 2047 de-

162 2058 284 2094 ⁶terior
314 2057 410 2094 fiat’:
442 2058 505 2093 illa
532 2058 626 2094 enim
657 2058 735 2094 sola
765 2057 936 2094 refectio⁷
969 2057 1156 2094 toleranda
1186 2060 1252 2099 est,

163 2107 189 2156 3.
231 2113 324 2148 quae
347 2103 492 2155 navigio·
511 2114 583 2139 non
606 2108 662 2139 est
680 2103 943 2149 impedimento.
979 2103 1017 2139 Is
1036 2107 1167 2145 autem,
1193 2103 1253 2148 qui

162 2148 1110 2248 ξ’ἕᾚιέἐὲιὲξὲξξιαῗὲηᾱὲἳὲιῗιέἳέἕῖὲξὲῗεέῗι
1124 2157 1253 2229 ἓὲἲῗὲἓ

163 2239 581 2291 mterdictoexpressum
612 2243 684 2283 est,
717 2243 758 2275 ut
781 2239 903 2275 damni
933 2239 1056 2275 infecti
1078 2239 1115 2274 in
1139 2248 1253 2274 annos

162 2284 284 2320 decem
308 2294 373 2319 viri
396 2284 482 2320 bom
505 2285 683 2320 arbitratu
709 2285 763 2320 vel
786 2287 956 2320 caveatur
972 2285 1028 2320 vel
1045 2284 1250 2320 satisdetur.

163 2333 184 2365 4
230 2329 387 2365 Dabitur
409 2333 529 2365 autem
553 2330 641 2366 satis
665 2329 809 2366 vicinis:
835 2329 899 2366 sed
921 2334 959 2365 et
981 2330 1049 2372 his,
1074 2329 1136 2373 qui
1151 2333 1252 2364 trans

163 2379 182 2410 5
229 2374 363 2410 flumen
392 2375 639 2420 possidebunt.
686 2375 830 2411 Etenim
861 2373 1060 2410 curandum
1091 2374 1176 2416 fuit,
1213 2378 1254 2409 ut

162 2421 214 2456 eis
238 2424 322 2455 ante
347 2430 438 2465 opus
461 2420 597 2455 factum
621 2425 824 2457 caveretur:
850 2430 933 2455 nam
955 2423 1039 2465 post
1062 2430 1153 2465 opus
1177 2419 1251 2455 fac-

163 2471 238 2500 tum
254 2464 492 2510 persequendi
504 2466 574 2502 hoc
587 2465 777 2502 interdicto
791 2465 893 2501 nulla
906 2464 1062 2501 facultas
1076 2476 1120 2501 su
1147 2468 1252 2507 erest,

163 2510 302 2546 etiamsi
334 2510 421 2563 quid
452 2510 572 2546 damni
603 2514 731 2556 postea
761 2511 886 2547 datum
916 2511 1044 2554 fuerit,
1080 2521 1119 2546 se
1174 2510 1252 2555 lege

164 2560 184 2591 6
230 2555 376 2600 Aquilia
409 2555 663 2601 experiendum
700 2559 765 2592 est.
819 2556 915 2591 Illud
951 2555 1149 2592 notandum
1185 2559 1251 2598 est,

164 2600 260 2647 quod
277 2601 377 2645 ripae
394 2600 495 2636 lacus
512 2601 632 2637 fossae
646 2602 762 2646 stagni
778 2600 960 2637 muniendi
970 2603 984 2622 ⁸
1003 2601 1092 2636 nihil
1107 2605 1253 2653 praetor

164 2647 222 2682 hic
245 2647 356 2681 cavit:
388 2646 452 2682 sed
474 2646 568 2682 idem
593 2646 661 2682 erit
684 2647 961 2690 observandum,
994 2646 1090 2692 quod
1112 2657 1150 2681 ιιι
1172 2646 1253 2691 ripa

163 2691 319 2727 fluminis
343 2691 545 2727 munienda.

644 2830 775 2869 XVI⁹.

409 2896 472 2929 DE
495 2894 546 2929 VI
567 2895 628 2929 ΕΤ
650 2895 715 2929 DE
739 2895 788 2929 VI
810 2894 1009 2929 ARMATA.

216 2960 234 3000 1
251 2963 280 2984 ¹⁰
309 2959 504 2998 Uzmws
524 2961 615 2997 libro
633 2961 890 3009 sexaqensimo
909 2972 1006 2996 nono
1029 2960 1080 2996 ad
1097 2960 1251 2997 edictum

167 3008 317 3043 Praetor
344 3006 413 3042 ait:
446 3005 562 3042 ‘Unde
592 3010 632 3041 tu
662 3007 762 3042 illum
791 3006 825 3042 vi
849 3006 1008 3042 deiecisti
1032 3009 1096 3041 aut
1118 3005 1253 3041 familia

167 3058 242 3089 ‘tua
264 3051 444 3094 deiecit¹¹,
476 3051 521 3086 de
551 3061 593 3087 eo
624 3062 786 3097 quaeque
813 3051 874 3087 ille
902 3055 990 3087 tunc
1012 3051 1063 3087 ibi
1085 3051 1213 3087 habuit
1225 3052 1252 3073 ¹²

167 3095 424 3134 ·tantummodo
446 3096 541 3132 intra
564 3106 712 3140 annum,
736 3100 820 3142 post
842 3107 974 3132 annum
998 3096 1042 3132 de
1066 3106 1127 3139 eo,
1155 3096 1252 3142 quod

168 3143 226 3179 ‘ad
256 3153 337 3178 eum
367 3141 429 3187 qui
456 3141 490 3176 vi
519 3140 648 3177 deiecit
677 3142 894 3187 pervenerit,
931 3141 1101 3177 iudicium
1133 3141 1249 3178 dabo'.

172 3192 183 3223 1
234 3187 314 3224 Hoc
341 3185 573 3223 interdictum
603 3187 816 3238 proponitur
846 3187 879 3223 ei

167 3237 238 3269 est:
271 3232 402 3269 etenim
431 3230 500 3267 fuit
529 3231 781 3276 aequissimum
812 3232 846 3268 vi
875 3213 1012 3268 deiecto
1043 3231 1249 3268 subvenire:

166 3282 316 3325 propter
345 3276 443 3324 quod
471 3275 520 3313 ad
548 3275 820 3322 reciperandam
850 3276 1112 3323 possessionem
1139 3277 1250 3313 inter-

935 3187 996 3232 qui
1030 3186 1063 3222 vi
1094 3186 1251 3222 deiectus

167 3394 209 3432 (1)
234 3391 306 3426 eim
317 3392 378 3428 ins.
464 3395 508 3432 (2)
533 3390 593 3433 qui
603 3402 666 3424 scr.
753 3393 798 3431 (3)
822 3391 947 3423 factum
960 3390 1033 3424 edd.
1120 3391 1164 3432 (4)
1187 3389 1251 3423 ibi-

168 3437 243 3471 dem
255 3436 308 3470 Γ*
399 3438 444 3479 (11)
467 3434 656 3479 appelletur
667 3435 702 3469 F

213 3484 260 3525 (e)
282 3482 348 3516 Ed.
372 3481 517 3515 -Βαι,
530 3482 585 3524 58,
598 3488 631 3515 ιο

168 3527 230 3560 dae
240 3539 303 3560 scr.

214 3574 261 3611 (s)
284 3571 464 3609 Ed.1...12;
485 3570 697 3609 Sab.1s...1·t;
718 3569 927 3614 Pap.1s.19;
948 3570 1034 3613 App.
1051 3570 1250 3604 2o.-—B‹u.

170 3619 226 3658 60,
239 3623 342 3651 ιτ.-
362 3617 413 3660 Cf.
431 3616 508 3649 Cod.
521 3616 554 3658 8,
574 3623 591 3649 4
705 3615 766 3657 (ιο)
794 3619 858 3654 §12
874 3630 919 3644 =
937 3615 982 3647 l).
997 3617 1052 3657 50,
1072 3623 1116 3657 ιτ,
1136 3622 1198 3657 152,
1217 3623 1249 3653 ις

172 3666 188 3701 5
203 3670 235 3696 15
248 3678 292 3691 ιι
305 3663 347 3695 ib.
363 3666 379 3700 9
393 3668 429 3700 ²3
453 3668 489 3695 ⁴0
501 3676 546 3689 =
558 3660 604 3694 D.
618 3662 673 3701 43,
685 3667 710 3702 1,
722 3667 739 3694 8
793 3662 849 3701 (11)
873 3672 956 3703 quae
963 3661 1166 3703 praecedunt
1173 3672 1250 3703 per-

170 3708 271 3740 tinent
287 3707 334 3739 ad
343 3706 523 3750 formulam
535 3706 708 3745 interdicti,
730 3705 777 3738 ad
790 3707 822 3738 in
831 3706 962 3748 sactum
979 3706 1133 3738 actionem
1147 3713 1251 3738 autem

171 3764 254 3794 quae
266 3758 442 3795 sequuntur
489 3752 545 3791 (12)
565 3750 683 3792 quanti
696 3760 734 3783 ea
744 3760 796 3783 res
808 3751 857 3783 eut
869 3751 927 3784 ins.
939 3750 1064 3783 Puchea
1110 3755 1168 3790 (13)
1188 3750 1251 3782 hoo

713 3482 756 3522 (1)
780 3479 908 3513 refictio
922 3481 956 3513 F
1027 3481 1073 3523 (s)
1096 3479 1250 3513 munien—

1244 125 1329 174 688

1500 2 1506 39 i

1942 141 2005 172 DE
2032 139 2137 172 ma
2165 140 2399 174 nummu»

1320 253 1341 286 2
1390 250 1525 286 dictum
1551 249 1622 286 hoc
1649 261 1715 296 pro
1743 251 1872 287 onitur.
1919 251 1976 288 Ne
1998 251 2084 298 quid
2105 255 2226 289 autem
2247 262 2313 298 per
2335 251 2403 288 vim

1320 295 1547 338 admittatur,
1577 295 1685 331 etiam
1726 297 1851 342 egibus
1873 296 1974 333 Iuliis
2003 297 2221 343 prospicitur
2242 296 2404 343 publico-

1319 351 1400 377 rum
1424 344 1460 376 et
1482 340 1702 386 privatorum
1724 352 1791 377 nec
1814 352 1887 378 non
1909 345 1947 378 et
1968 342 2282 379 constitutionibus
2304 341 2404 388 prin-

1321 388 1341 420 3
1389 385 1519 431 cipum.
1554 385 1634 421 Hoc
1656 385 1884 423 interdictum
1906 398 1980 423 non
2003 387 2050 422 ad
2072 397 2211 424 omnem
2232 386 2303 423 vim
2322 397 2403 432 per-

1321 430 1422 472 tinet,
1446 440 1568 466 verum
1587 429 1635 466 ad
1658 440 1731 473 eos,
1755 432 1817 476 qui
1836 432 1880 467 de
1904 431 2129 477 possessione
2152 431 2352 468 deiciuntur
2364 433 2403 467 ¹³.

1320 475 1367 510 ad
1390 475 1504 511 solam
1527 479 1647 511 autem
1671 479 1826 513 atrocem
1853 477 1923 513 vim
1978 476 2108 513 ertinet
2135 477 2206 513 hoc
2236 476 2404 513 interdic-

1320 524 1415 563 tum,
1445 524 1482 556 et
1512 520 1560 556 ad
1591 530 1653 556 eos
1675 524 1831 564 tantum,
1864 522 1926 566 qui
1973 533 1993 557 e
2016 521 2093 558 solo
2117 521 2335 564 deiciuntur,
2365 525 2406 557 ut

1320 569 1411 611 puta
1438 565 1484 601 de
1511 565 1625 601 fundo
1657 565 1731 601 sive
1758 566 1938 603 aedificio:
1971 567 2019 602 ad
2046 567 2155 602 alium
2183 571 2303 603 autem
2333 577 2407 602 non

1321 615 1342 645 4
1390 610 1554 663 pertinet,
1601 610 1652 646 Et
1673 611 1705 646 si
1728 612 1807 656 quis
1830 612 1875 648 de
1896 622 1982 648 area
2005 612 2163 648 deiectus
2178 613 2204 633 '⁴
2233 612 2297 656 sit,
2329 612 2407 648 sine

1321 655 1430 692 dubio
1461 655 1652 691 interdicto
1680 656 1782 692 locus
1810 660 1883 693 est:
1916 661 1953 693 et
2002 657 2192 693 eneraliter
2213 656 2261 692 ad
2284 666 2406 693 omnes

1321 701 1389 736 hoc
1418 700 1576 746 pertinet
1603 701 1847 746 interdictum,
1877 703 1938 748 qui
1993 712 2014 738 e
2036 713 2076 738 re
2098 702 2176 738 solo
2200 701 2408 738 cohaerenti

1322 746 1543 782 deiciuntur:
1568 746 1800 792 qualisqualis
1824 747 1917 782 enim
1939 747 2047 783 fuerit
2067 747 2185 792 locus,
2210 746 2305 782 unde
2328 746 2407 792 quis

1321 794 1341 825 5
1389 791 1423 826 vi
1446 791 1606 827 deiectus
1629 795 1702 834 est,
1732 791 1921 829 interdicto
1944 792 2045 829 locus
2067 793 2146 829 erit.
2193 791 2349 828 Proinde
2372 796 2408 827 et

1321 836 1352 871 si
1375 835 1620 881 superficiaria
1641 836 1759 872 insula
1782 836 1908 879 fuerit,
1940 847 2013 882 qua
2041 837 2120 883 quis
2150 837 2308 873 deiectus
2340 840 2406 878 est,

1322 885 1342 915 6
1388 885 1542 926 apparet
1570 881 1761 918 interdicto
1791 882 1869 918 fore
1899 882 2030 918 locum.
2083 882 2178 918 Illud
2213 883 2336 927 utique
2370 882 2408 917 in

1322 926 1469 962 dubium
1504 937 1578 962 non
1610 927 1707 962 venit
1734 927 1964 963 interdictum
1994 928 2063 963 hoc
2094 927 2151 963 ad'
2171 937 2229 963 res
2258 926 2407 962 mobiles

1321 982 1394 1007 non
1417 971 1613 1016 pertinere:
1643 982 1728 1007 nam
1758 983 1803 1008 ex
1836 983 1946 1008 causa
1975 972 2065 1008 furti
2092 972 2148 1009 vel
2175 973 2209 1008 vi
2232 972 2408 1008 bonorum

1321 1021 1506 1069 raptorum
1530 1017 1624 1053 actio
1649 1018 1837 1063 competit:
1861 1021 1981 1063 potest
2003 1019 2080 1054 et¹⁶
2103 1017 2151 1054 ad
2170 1017 2407 1053 exhibendum

1322 1072 1389 1106 agi.
1437 1062 1545 1107 plane
1568 1063 1599 1097 si
1622 1073 1714 1108 quae
1735 1073 1793 1099 res
1816 1063 1888 1098 sint
1909 1063 1947 1098 in
1970 1062 2080 1098 fundo
2105 1063 2160 1099 vel
2186 1063 2223 1098 in
2246 1062 2407 1104 aedibus,

1323 1107 1417 1142 unde
1446 1107 1525 1152 quis
1557 1107 1714 1144 deiectus
1746 1112 1818 1152 est,
1851 1108 1959 1144 etiam
1987 1118 2111 1144 earum
2134 1108 2275 1144 nomine
2298 1108 2408 1143 inter-

1323 1156 1340 1186 7
1391 1152 1525 1188 dictum
1556 1157 1757 1198 competere
1786 1164 1859 1189 non
1883 1158 1938 1189 est
1960 1153 2220 1198 ambigendum.
2269 1153 2308 1188 Si
2329 1153 2408 1198 quis

1322 1197 1366 1233 de
1389 1208 1478 1234 nave
1501 1198 1535 1233 vi
1558 1198 1716 1234 deiectus
1740 1203 1806 1243 est,
1829 1199 1899 1234 hoc
1921 1197 2110 1234 interdicto
2130 1198 2230 1234 locus
2250 1208 2323 1234 non
2342 1202 2407 1241 est,

1321 1247 1530 1288 argumento
1555 1243 1643 1286 eius,
1668 1244 1729 1288 qui
1752 1244 1798 1279 de
1820 1243 1981 1280 vehiculo
2005 1243 2189 1280 detractus
2213 1248 2279 1286 est,
2304 1254 2409 1288 quem

1322 1293 1343 1323 8
1391 1299 1495 1324 nemo
1519 1288 1608 1324 dixit
1629 1288 1820 1325 interdicto
1840 1289 1911 1324 hoc
1923 1289 1975 1324 uti
1994 1299 2113 1334 posse.
2149 1289 2262 1324 Plane
2278 1288 2310 1324 si
2329 1289 2409 1333 quis

1322 1333 1367 1369 de
1383 1333 1508 1378 ligneis
1526 1334 1675 1370 aedibus
1693 1334 1851 1370 deiectus
1870 1333 1990 1377 fuerit,
2009 1344 2114 1370 nemo
2131 1334 2281 1379 ambigit
2298 1333 2407 1368 inter·

1322 1379 1417 1415 dicto
1439 1379 1559 1415 locum
1581 1379 1676 1422 fore,
1706 1379 1792 1425 quia
1820 1379 2033 1425 qualequale
2055 1379 2104 1416 sit
2126 1378 2223 1425 quod
2244 1378 2322 1415 solo
2347 1389 2407 1414 co·

1321 1423 1484 1466 haereat,
1517 1424 1599 1460 inde
1628 1425 1690 1469 qui
1718 1425 1753 1460 vi
1775 1424 1934 1460 deiectus
1958 1428 2014 1461 est
2034 1425 2145 1460 habet
2166 1423 2407 1460 interdictum.

1321 1473 1342 1504 9
1388 1469 1550 1505 Deicitur
1571 1469 1603 1505 is
1627 1470 1688 1515 qui
1710 1469 1881 1515 possidet,
1905 1469 1979 1506 sive
2002 1469 2152 1506 civiliter
2169 1469 2244 1505 sive
2260 1474 2407 1504 natura-

1320 1514 1402 1550 liter
1431 1514 1631 1560 possideat:
1667 1526 1750 1551 nam
1779 1519 1816 1551 et
1845 1515 2021 1551 naturalis
2051 1514 2231 1560 possessio
2263 1514 2310 1550 ad
2338 1514 2408 1549 hoc

1324 1563 1364 1595 10
1411 1559 1637 1595 interdictum
1654 1561 1821 1606 pertinet.
1856 1560 2020 1605 Denique
2038 1564 2075 1596 et
2092 1560 2125 1596 si
2138 1560 2288 1595 maritus
2305 1558 2409 1596 uxori

1320 1604 1466 1641 donavit
1488 1615 1602 1651 eaque
1625 1606 1764 1641 deiecta
1786 1606 1843 1650 sit,
1867 1605 2001 1650 poterit
2021 1605 2211 1642 interdicto
2235 1604 2308 1640 uti:
2334 1615 2409 1640 non

1324 1653 1361 1685 11
1411 1655 1531 1685 tamen
1565 1650 1597 1686 si
1631 1651 1793 1687 colonus.
1849 1650 1911 1686 Ait
1941 1655 2105 1696 praetor:
2143 1650 2316 1686 ‘deiecisti
2345 1653 2409 1685 aut

1321 1694 1469 1731 ‘familia
1481 1697 1509 1717 ¹⁰
1544 1695 1695 1732 deiecit'.
1741 1696 1868 1732 merito
1903 1695 2060 1731 familiae
2096 1695 2227 1731 mentio
2262 1695 2406 1730 habita:

1320 1751 1404 1776 nam
1437 1751 1518 1776 cum
1551 1741 1732 1777 ‘deiecisti’
1767 1742 1915 1777 verbum
1947 1741 2102 1776 refertur
2137 1740 2184 1776 ad
2217 1750 2407 1786 personam

1321 1786 1398 1822 eius
1423 1787 1484 1831 qui
1507 1785 1636 1822 deiecit
1658 1796 1725 1822 nec
1747 1786 1925 1832 pertineat
1947 1786 1993 1822 ad
2016 1796 2117 1829 eum,
2150 1785 2251 1822 cuius
2275 1785 2410 1820 familia

1322 1831 1450 1867 deiecit
1473 1836 1552 1872 (nec
1575 1832 1668 1867 euim
1691 1842 1756 1877 ego
1780 1832 1901 1868 videor
1924 1831 2104 1874 deiecisse,
2129 1831 2161 1867 si
2176 1831 2313 1866 familia
2330 1841 2409 1866 mea

1321 1876 1522 1919 deiecerit),
1559 1887 1780 1929 consequens
1813 1876 1884 1912 fuit
1911 1876 2043 1912 addere
2075 1879 2151 1912 ‘aut
2178 1875 2314 1911 familia
2344 1881 2409 1911 tua

1325 1925 1364 1957 12
1413 1921 1576 1958 ‘deiecit'.
1623 1922 1805 1958 Deiecisse
1833 1925 1954 1958 autem
1976 1922 2084 1958 etiam
2104 1921 2137 1958 is
2160 1920 2316 1964 videtur,
2348 1921 2410 1973 qui

1320 1966 1503 2003 mandavit
1526 1968 1581 2002 vel
1603 1967 1719 2010 iussit,
1744 1971 1786 2002 ut
1804 1967 1932 2012 aliquis
1951 1967 2167 2003 deiceretur:
2191 1967 2293 2012 parvi
2316 1977 2408 2002 emm

1321 2012 1455 2048 referre
1479 2012 1593 2048 visum
1617 2017 1683 2056 est,
1710 2013 1786 2049 suis
1810 2013 1974 2048 manibus
1998 2013 2078 2057 quis
2102 2011 2234 2048 deiciat
2256 2022 2304 2047 an
2327 2021 2408 2047 vero

1320 2067 1387 2103 per
1408 2058 1539 2094 alium:
1564 2068 1674 2103 quare
1698 2062 1735 2094 et
1757 2058 1790 2094 si
1811 2057 1947 2093 familia
1965 2068 2045 2093 mea
2063 2067 2109 2093 ex
2128 2057 2311 2093 voluntate
2330 2066 2410 2092 mea

1326 2106 1365 2138 13
1413 2103 1597 2147 deiecerit,
1631 2114 1695 2148 ego
1728 2103 1848 2139 videor
1878 2102 2059 2139 deiecisse.
2107 2102 2280 2147 Quotiens
2303 2112 2409 2138 verus

1321 2152 1535 2193 procurator
1557 2148 1736 2191 deiecerit,
1760 2159 1841 2184 cum
1861 2148 2031 2184 utrolibet
2051 2158 2185 2190 eorum,
2207 2147 2246 2183 id
2262 2151 2317 2183 est
2336 2147 2409 2183 sive

1323 2193 1464 2229 domino
1495 2193 1568 2229 sive
1595 2199 1848 2240 procuratore,
1883 2204 1906 2229 a
1932 2194 1939 2200 ‘
1969 2204 2078 2245 posse
2108 2193 2261 2229 Sabinus
2292 2193 2344 2227 ait
2373 2196 2410 2228 et

1322 2238 1469 2274 alterius
1493 2239 1635 2275 nomine
1655 2239 1759 2275 alteri
1778 2239 1906 2275 eximi²
1923 2265 1933 2282 ‚
1957 2249 2010 2275 sic
2028 2242 2158 2281 tamen,
2181 2238 2213 2274 si
2230 2238 2276 2273 ab
2295 2238 2408 2273 altero

1324 2294 1446 2328 eorum
1468 2284 1541 2320 litis
1564 2284 1767 2320 aestimatio
1791 2284 1899 2320 fuerit
1921 2284 2095 2336 praestita
2121 2285 2207 2326 (non
2230 2283 2323 2319 enim
2346 2293 2407 2318 ex-

1323 2333 1469 2365 cusatus
1500 2333 1573 2372 est,
1613 2330 1673 2375 qui
1703 2329 1804 2365 iussu
1833 2329 1984 2364 alicuius
2018 2329 2162 2373 deiecit,
2193 2339 2267 2364 non
2298 2329 2408 2372 magis

1322 2384 1429 2419 quam
1460 2374 1491 2410 si
1521 2374 1624 2410 iussu
1655 2375 1806 2411 alicuius
1836 2373 2000 2417 occidit):
2033 2385 2114 2410 cum
2144 2379 2264 2409 autem
2295 2373 2408 2409 falsus

1322 2424 1377 2455 est
1398 2423 1630 2465 procurator,
1663 2430 1744 2456 cum
1774 2419 1853 2465 ipso
1881 2424 2021 2454 tantum
2043 2422 2276 2464 procuratore
2298 2418 2407 2455 inter-

1325 2468 1367 2499 14
1413 2464 1484 2500 dici
1514 2464 1655 2501 debere.
1703 2465 1826 2500 Sabini
1850 2464 2026 2500 sententia
2050 2474 2134 2499 vera
2157 2468 2223 2500 est.
2270 2463 2341 2499 Sed
2373 2469 2409 2501 et

1322 2509 1353 2546 si
1377 2509 1472 2555 quod
1495 2510 1587 2545 alius
1607 2510 1745 2554 deiecit,
1767 2514 1885 2545 ratum
1904 2510 2085 2561 habuero&
2099 2513 2185 2545 sunt
2201 2509 2262 2555 qui
2280 2514 2409 2562 putent

1322 2555 1518 2591 secundum
1547 2555 1720 2591 Sabinum
1749 2559 1785 2591 et
1814 2554 1991 2598 Cassium,
2027 2565 2089 2599 qul
2117 2554 2408 2591 ratihabitionem

1322 2600 1490 2636 mandato
1521 2604 1748 2653 comparant,
1777 2611 1834 2637 me
1863 2599 1973 2635 videri
2002 2599 2174 2636 deiecisse
2199 2599 2407 2637 interdicto-

1323 2655 1392 2691 que
1414 2645 1485 2682 isto
1508 2649 1633 2688 teneri,
1658 2650 1694 2681 et
1715 2645 1786 2681 hoc
1809 2656 1929 2681 verum
1953 2648 2026 2681 est:
2050 2644 2183 2681 rectius
2206 2645 2300 2681 enim
2319 2645 2406 2682 dici-

1322 2696 1384 2726 tur
1395 2692 1424 2714 ⁸⁸
1446 2691 1483 2726 in
1506 2690 1681 2727 maleficio
1700 2690 1990 2726 ratihabitionem
2007 2690 2175 2726 mandato
2194 2701 2272 2726 com
2384 2692 2406 2728 '.

1327 2740 1365 2771 15
1401 2736 1517 2788 ,Quod
1553 2736 1663 2781 igitur
1697 2736 1843 2788 additur
1880 2738 1955 2771 ‘aut
1992 2735 2127 2788 familia
2160 2739 2224 2771 tua
2255 2701 2406 2780 dgiecit’.

1323 2785 1449 2817 merito
1473 2782 1646 2826 scriptum
1671 2785 1724 2818 est
1746 2792 1784 2816 m
1807 2791 1887 2817 eum
1911 2791 2053 2824 casum,
2085 2791 2123 2815 ιιι
2170 2791 2251 2816 uem
2272 2781 2407 2817 familia

1322 2837 1402 2863 mea
1425 2826 1459 2861 vi
1482 2826 1622 2862 deiecit.
1665 2830 1823 2862 ceterum
1846 2826 1877 2862 si
1900 2826 2014 2868 iussit,
2037 2826 2114 2878 ipse
2162 2826 2265 2861 eiecit
2277 2826 2315 2870 ¹⁹,
2339 2837 2406 2863 nec

1321 2871 1462 2917 gravari
1484 2871 1591 2907 debet
1612 2870 1775 2907 dominus
1799 2871 1860 2917 qui
1883 2882 1955 2907 non
1977 2871 2083 2907 iussit
2094 2871 2132 2914 ¹⁹,
2164 2871 2196 2907 ei
2225 2881 2406 2907 servorum

1321 2927 1469 2953 suorum
1491 2916 1627 2952 factum
1649 2921 1851 2963 praestaret
1859 2918 1902 2959 ²⁰,
1931 2916 1997 2952 etsi
2024 2926 2098 2952 non
2119 2915 2220 2951 iussu
2243 2916 2320 2952 eius
2343 2917 2405 2952 de-

1320 2962 1498 2998 iecerunt:
1528 2971 1611 2997 nam
1634 2972 1707 2997 non
1730 2961 1937 3014 gravabitur
1959 2961 2029 3013 hoc
2051 2961 2193 3012 nomine
2205 2961 2244 3003 ¹⁹,
2273 2961 2406 3027 quippe

1321 3018 1403 3043 cum
1427 3010 1491 3043 aut
1513 3006 1739 3060 pervenit-ad
1757 3017 1838 3042 eum
1857 3005 1993 3051 ahquid
2011 3009 2047 3042 et
2063 3010 2268 3059 restitueret
2296 3008 2318 3049 ¹,
2341 3010 2406 3042 aut

1320 3054 1777 3133 {iggenffiffffigmffisssssssff
1807 3050 2142 3132 mex&
2151 3061 2405 3133 22¹5&ssss

1346 3142 1474 3186 ellitur‚
1497 3142 1535 3177 in
1558 3141 1686 3178 damno
1712 3143 1808 3178 ιιοιι2
1849 3141 1955 3177 debet
1976 3145 2154 3187 reputare,
2179 3150 2260 3177 cum
2281 3151 2404 3179 servus

1346 3198 1389 3224 oc
1426 3187 1541 3232 possit
1576 3186 1708 3222 domini
1747 3187 1957 3223 deteriorem
1995 3185 2237 3222 condicionem
2272 3186 2402 3223 facere.

1325 3235 1364 3268 16
1387 3235 1426 3267 17
1469 3231 1642 3268 Familiae
1658 3236 1778 3268 autem
1792 3230 1984 3277 appellatio
1997 3241 2120 3267 servos
2138 3231 2313 3268 continet:
2333 3231 2403 3268 Sed

1320 3277 1514 3323 quaeritur,
1539 3287 1643 3323 quem
1663 3287 1851 3314 numerum
1867 3286 2050 3312 servorum
2068 3275 2259 3319 contineat,
2283 3281 2403 3312 utrum

1321 3388 1537 3422 interdictum
1621 3389 1813 3422 deiciuntur
1832 3389 1894 3423 del.
1907 3388 2061 3433 Krueyer
2153 3391 2210 3430 (14)
2235 3388 2410 3422 diectusF

1320 3436 1379 3475 (1⁵)
1404 3436 1437 3468 et
1450 3435 1510 3467 del.
1524 3434 1578 3466 ΓΞ
1664 3435 1725 3477 (16)
1749 3434 1877 3467 tuaim.
1891 3434 1971 3467 Hal.
2062 3435 2123 3476 (ιτ)
2146 3433 2401 3468 alterumeximi

1323 3480 1388 3513 F’:
1413 3479 1478 3513 tale
1497 3480 1677 3557 quigtsuite
1701 3482 1734 3512 et
1753 3478 1891 3512 alterius
1908 3478 2042 3512 nomine
2056 3477 2128 3522 [lite
2139 3479 2311 3512 aestimata
2320 3479 2399 3512 item

1320 3534 1408 3567 cam,
1432 3533 1516 3566 quae
1539 3524 1552 3556 i
1591 3525 1658 3558 erri
1681 3526 1811 3568 poterat
1833 3523 1946 3556 eodem
1971 3523 2115 3566 nomine]
2140 3523 2253 3566 alteri,
2280 3524 2399 3567 perimi

1319 3571 1381 3612 (18)
1404 3569 1504 3620 etiam
1518 3571 1577 3603 ins.
1668 3572 1729 3611 (19)
1755 3568 1931 3602 videiecit.
1957 3579 2016 3601 nce
2027 3568 2159 3611 gravari
2180 3568 2276 3620 debet
2294 3568 2399 3620 domi-

1320 3623 1393 3692 233
1402 3614 1933 3701 aizztsszfflfffiffffi.
1941 3615 2142 3691 {323223'522
2153 3616 2215 3699 ξῖῗί
2224 3623 2295 3690 ἒὲἒ
2303 3623 2400 3690 iffi

1320 3711 1351 3738 et
1361 3714 1438 3736 nam
1450 3714 1518 3737 non
1530 3703 1725 3745 gravabitur
1737 3705 1800 3737 hoo
1811 3704 1958 3746 nomine)
2067 3704 2131 3744 (20)
2154 3705 2360 3745 praestarent
2369 3701 2404 3734 F

1321 3752 1380 3791 (21)
1403 3749 1558 3783 restituet
1568 3749 1652 3783 Hac.
1744 3753 1807 3791 (22)
1830 3750 1879 3783 εἰσ
1890 3761 1952 3782 sec.
1967 3748 2013 3789 B,
2032 3757 2100 3780 non
2113 3760 2170 3781 om.
2183 3748 2218 3782 F
