2528 3918
174 101 264 144 V2

172 223 231 264 sit,
259 221 322 257 sed
346 224 443 256 recte
467 219 608 265 quidem
632 219 718 254 fecit
740 221 1005 262 testamentum,
1031 218 1094 254 sed
1118 227 1191 252 non
1216 226 1259 252 ex

173 266 295 304 officio
328 265 488 311 pietatis:
521 274 605 299 nain
636 263 668 299 si
696 273 780 299 vere
809 263 968 299 furiosus
1001 266 1095 298 esset
1117 262 1174 297 vel
1197 261 1258 297 de-

173 322 284 353 mens,
308 310 444 346 nullum
467 314 522 345 est
543 312 806 344 testamentum.

219 354 243 394 3
268 355 509 392 Manantes
525 353 617 390 libro
634 355 738 390 tertio
749 354 790 389 di
814 357 970 389 estorum
1015 351 1261 387 Inofficiosum

172 404 424 437 testamentum
447 398 566 435 dicere
587 399 658 435 hoc
681 403 736 435 est
818 408 940 444 egare,
971 407 1083 443 quare
1114 396 1260 432 exhere-

171 446 251 482 dari
273 445 327 481 vel
350 444 537 490 praeteriri
558 454 631 480 non
654 443 832 480 debuerit:
882 443 953 479 uod
998 443 1180 487 lerumque
1200 451 1261 476 ac-

175 491 277 533 cidit,
303 501 383 525 cum
407 489 497 525 falso
522 492 689 535 parentes
712 489 833 525 instim
873 489 923 524 ati
944 488 970 524 li
997 497 1075 523 eros
1100 497 1185 522 suos
1207 486 1262 522 vel

172 535 391 572 exheredant
413 535 467 570 vel
491 538 731 581 praetereunt.

219 580 245 618 4
272 580 396 616 GAJUS
423 580 516 616 libro
547 580 731 626 sinyulart'
759 580 810 615 ad
839 580 952 626 leqem
988 578 1133 614 Glitiam
1179 576 1263 612 Non

173 630 228 663 est
252 625 344 661 enim
368 624 662 661 consentiendum
685 625 905 670 parentibus,
930 623 991 669 qui
1012 622 1178 658 iniuriam
1199 621 1262 657 ad-

171 681 295 708 versus
317 670 450 706 liberos
473 681 558 706 suos
581 674 795 705 testamento
827 670 1021 704 inducunt:
1058 666 1155 713 quod
1186 667 1262 712 ple-

172 725 321 762 rumque
351 714 508 759 faciunt,
539 715 692 760 maligne
724 716 820 750 circa
851 714 1057 759 sanguinem
1081 723 1185 748 suum
1208 712 1262 747 in-

171 762 328 797 ferentes
350 760 540 804 iudicium,
572 761 817 796 novercalibus
842 757 1085 794 delenimentis
1116 757 1263 803 instiga-

173 806 375 842 tionibusve
400 806 569 851 corrupti.

219 851 244 890 5
268 850 510 887 Manes-nos
532 851 621 886 libro
646 851 750 886 tertio
774 850 992 896 diqestorum
1028 847 1123 883 Nam
1142 851 1179 883 et
1195 847 1263 890 his,

172 896 234 944 qui
255 907 329 933 non
352 906 397 932 ex
419 896 587 932 masculis
612 895 841 937 descendunt,
865 893 1022 929 facultas
1047 896 1101 929 est
1124 893 1262 939 agendi,

173 953 257 979 cum
279 945 316 978 et
337 941 382 977 de
404 941 528 977 matris
551 944 765 976 testamento
798 943 907 985 agant
938 943 974 975 et
1005 950 1026 975 o
1053 938 1166 974 tinere
1199 938 1262 974 ad-

173 987 273 1024 sidue
296 986 446 1023 soleant.
482 986 587 1022 huius
611 989 729 1021 autem
752 985 850 1020 verbi
874 984 938 1020 ‘de
966 950 1187 1020 inofficioso’
1210 984 1263 1019 vis

172 1032 234 1069 illa
264 1036 306 1067 ut
338 1032 410 1067 dixi
441 1035 496 1067 est
527 1031 655 1067 docere
687 1031 928 1066 immerentem
959 1039 998 1065 se
1022 1032 1058 1064 et
1080 1029 1160 1065 ideo
1174 1030 1184 1050 ¹
1208 1029 1262 1064 in-

173 1077 279 1123 digne
311 1078 543 1122 praeteritum
573 1077 629 1111 vel
662 1076 768 1110 etiam
800 1074 1076 1111 exheredatione
1107 1085 1262 1110 summo·

172 1127 268 1159 tuin:
300 1133 357 1158 res
383 1133 428 1158 ue
450 1122 510 1158 illo
535 1122 655 1157 colore
679 1120 880 1156 defenditur
904 1120 1000 1166 apud
1023 1119 1198 1162 iudicem,
1222 1123 1264 1155 ut

172 1168 335 1204 videatur
357 1168 370 1202 i
397 1178 416 1203 e
440 1167 541 1213 quasi
564 1177 636 1202 non
660 1176 770 1201 sanae
793 1166 920 1201 mentis
940 1165 1065 1208 fuisse,
1091 1175 1172 1201 cum
1191 1169 1263 1200 tes·

172 1217 370 1249 tamentum
393 1213 514 1258 inique
537 1211 728 1247 ordinaret.

220 1256 245 1296 6
277 1257 468 1294 Utfflws
487 1257 577 1293 libro
591 1261 720 1302 quarto
733 1256 870 1292 decimo
883 1256 933 1291 ad
943 1256 1097 1292 edictum
1131 1256 1262 1292 Postu·

172 1314 251 1339 mus
282 1302 519 1339 inofficiosum
550 1305 800 1337 testamentum
831 1304 951 1347 potest
980 1301 1098 1337 dicere
1130 1311 1263 1344 eorum,

173 1349 303 1394 quibus
327 1358 414 1383 suus
437 1347 539 1382 heres
562 1347 617 1382 vel
639 1347 816 1392 legitimus
838 1347 1015 1391 potuisset
1045 1346 1141 1389 fieri,
1174 1346 1205 1382 si
1226 1347 1264 1382 in

174 1397 276 1430 utero
307 1392 415 1428 fuerit
445 1393 569 1428 mortis
602 1402 723 1427 eorum
745 1395 922 1437 tempore:
948 1391 1012 1427 sed
1036 1396 1071 1427 et
1095 1396 1262 1437 cognato-

173 1449 263 1481 rum,
288 1438 373 1484 quia
392 1442 428 1473 et
441 1438 570 1473 horum
590 1437 634 1472 ab
655 1437 825 1472 intestato
846 1437 964 1482 potuit
982 1437 1159 1472 bonorum
1178 1448 1262 1482 pos-

172 1484 366 1520 sessionem
390 1483 563 1528 accipere.
600 1482 685 1527 quid
705 1483 814 1527 ergo?
838 1482 888 1517 eis
907 1482 1104 1527 imputatur
1124 1493 1189 1518 cur
1208 1483 1262 1518 in-

172 1529 294 1564 testati
317 1539 389 1564 non
413 1528 663 1563 decesserant?
687 1527 751 1563 sed
774 1527 842 1563 hoc
867 1538 970 1563 nemo
995 1528 1091 1572 apud
1110 1527 1264 1563 iudicem

199 1578 293 1610 otest
322 1573 370 1608 im
398 1576 530 1608 etrare:
567 1583 639 1608 non
680 1573 771 1608 enim
803 1572 1027 1608 interdicitur
1058 1573 1262 1608 testamenti

189 1619 338 1655 actione.
402 1629 445 1654 oc
469 1619 575 1670 plane
599 1618 630 1654 ei
653 1618 830 1663 imputare
852 1621 983 1664 potest,
1008 1629 1072 1654 cur
1097 1629 1176 1654 eum
1199 1619 1261 1654 he-

173 1664 295 1700 redem
318 1674 391 1699 non
416 1663 615 1716 scripserit:
648 1663 768 1708 potuit
800 1664 893 1699 enim
917 1663 1073 1708 scriptus
1097 1664 1201 1700 heres
1225 1664 1262 1699 in

173 1709 434 1755 possessionem
456 1709 549 1744 mitti
573 1719 616 1744 ex
639 1708 802 1744 clausula
825 1709 869 1744 de
899 1714 1023 1744 ventre
1052 1709 1090 1744 in
1120 1719 1260 1754 posses-

174 1755 308 1790 sionem
331 1754 522 1789 mittendo:
556 1754 641 1789 item
672 1757 779 1789 natus
811 1754 1007 1790 secundum
1029 1755 1173 1790 tabulas
1196 1755 1267 1796 ha<

173 1799 284 1835 beret.
321 1799 425 1835 simili
455 1799 560 1835 modo
595 1802 630 1834 et
664 1809 763 1842 eum,
799 1800 860 1844 qui
893 1803 976 1844 post
1009 1802 1261 1835 testamentum

173 1845 296 1880 matris
319 1844 481 1880 factum²
504 1848 648 1880 exsecto
679 1848 803 1880 ventre
833 1848 1014 1880 extractus
1049 1849 1122 1887 est,
1154 1855 1262 1890 posse

175 1893 191 1924 1
241 1890 342 1942 queri
353 1889 443 1925 dico.
493 1889 531 1924 Si
554 1890 632 1935 quis
657 1900 701 1925 ex
723 1889 778 1925 his
801 1890 975 1942 personis,
1023 1901 1093 1926 uae
1113 1890 1159 1925 ad
1179 1901 1261 1926 suc·

173 1945 369 1970 cessionem
380 1935 427 1970 ab
440 1935 608 1970 intestato
630 1946 701 1970 non
721 1934 971 1978 admittuntur,
1022 1946 1041 1971 e
1059 1935 1260 1972 inofficioso

173 1980 285 2025 egerit
317 1983 433 2021 (nemo
459 1980 551 2015 enim
574 1991 654 2015 eum
684 1980 836 2025 repellit)
870 1984 906 2016 et
936 1991 1024 2016 casu
1055 1981 1261 2026 optinuerit,

170 2034 246 2060 non
277 2025 310 2060 ei
332 2025 469 2070 prosit³
491 2025 658 2066 victoria,
689 2025 753 2060 sed
782 2025 838 2060 his
873 2026 934 2070 qui
964 2026 1102 2060 habent
1130 2026 1177 2061 ab
1207 2026 1262 2060 in·

173 2073 304 2105 testato
329 2070 607 2105 successionem:
632 2079 716 2104 nain
739 2069 971 2105 intestatum⁴
995 2074 1134 2115 patrem
1157 2070 1261 2106 fami-

173 2117 194 2150 2
241 2115 308 2149 lias
331 2115 431 2150 facit.
467 2113 505 2149 Si

173 2160 383 2206 decesserit,
420 2169 467 2194 an
501 2169 522 2194 a

172 2208 288 2243 ferat?
322 2204 540 2253 Papinianus
565 2204 767 2250 respondit,
791 2205 887 2249 quod
911 2210 948 2241 et
970 2205 1183 2251 quibusdam
1205 2217 1261 2242 re-

172 2253 317 2306 scriptis
342 2252 580 2298 significatur,
612 2253 641 2287 si
665 2256 748 2298 post
771 2250 953 2298 adgnitam
977 2252 1154 2288 bonorum
1176 2262 1261 2298 pos-

170 2308 367 2334 sessionem
390 2298 593 2340 decesserit,
619 2308 697 2333 esse
720 2298 983 2333 successionem
1007 2297 1259 2333 accusationis.

170 2348 210 2379 et
231 2344 261 2379 si
285 2354 356 2378 non
380 2343 428 2378 sit
457 2343 571 2388 petita
602 2343 776 2378 bonorum
806 2343 1007 2388 possessio,
1038 2342 1110 2378 iani
1140 2347 1261 2378 tamen

170 2393 302 2434 coepta
326 2388 566 2424 controversia
588 2388 644 2423 vel
661 2392 894 2441 praeparata,
918 2388 973 2423 vel
997 2388 1028 2424 si
1052 2399 1134 2424 cum
1165 2388 1262 2424 venit

168 2433 220 2468 ad
251 2433 460 2469 movendam
482 2432 671 2469 inofficiosi
694 2433 889 2479 querellam
913 2433 1076 2477 decessit,
1100 2436 1190 2480 puto
1214 2433 1261 2469 ad

173 2479 338 2514 heredem
360 2479 524 2514 transire.

220 2522 243 2559 7
269 2523 429 2559 Pavws
448 2524 538 2559 libro
561 2523 744 2570 sinqulari
772 2523 818 2559 de
848 2523 1183 2570 septemviralibus⁵
1206 2525 1260 2559 iu-

168 2569 278 2604 diciis
323 2568 625 2613 Quemadmodum
637 2579 874 2614 praeparasse
885 2570 983 2605 litem
994 2569 1074 2615 quis
1087 2569 1259 2611 videatur,

173 2617 215 2647 ut
237 2614 351 2658 possit
373 2614 613 2649 transmittere
636 2614 831 2657 actionem,
856 2615 1050 2650 videamus.
1087 2618 1124 2650 et
1146 2625 1259 2660 pona-

175 2658 312 2710 musin
335 2662 513 2710 potestate
534 2658 645 2694 fuisse
669 2670 760 2701 eum,
785 2663 826 2694 ut
848 2670 894 2696 ne
918 2670 964 2695 ue
983 2660 1157 2695 bonorum
1176 2669 1260 2705 pos-

173 2712 285 2754 sessio
321 2713 353 2738 ei
382 2705 584 2739 necessaria
614 2707 650 2739 et
673 2704 782 2740 aditio
806 2705 892 2740 here
919 2704 1014 2740 'tatis
1038 2715 1081 2741 su
1108 2715 1261 2741 ervacua

170 2751 239 2782 sit:
262 2757 293 2782 is
318 2747 348 2782 si
372 2748 604 2784 comminatus
627 2753 768 2784 tantum
792 2751 1058 2786 accusationem
1097 2750 1191 2786 uerit
1206 2750 1261 2785 vel

176 2801 304 2844 usque·
319 2792 366 2827 ad
396 2793 697 2829 denuntiationem
726 2795 782 2830 vel
812 2795 922 2831 libelli
954 2795 1134 2831 dationem
1157 2805 1260 2848 prae-

172 2841 323 2872 cesserit
332 2838 357 2879 ⁶,
379 2837 424 2872 ad
442 2838 606 2873 heredem
626 2850 729 2874 suum
748 2841 1014 2876 accusationem
1025 2844 1259 2876 transmittet:

172 2881 282 2934 idque
312 2882 412 2934 divus
435 2882 520 2918 Pius
545 2883 588 2918 de
611 2884 719 2919 libelli
751 2885 894 2920 datione
928 2889 964 2921 et
994 2885 1262 2922 denuntiatione

172 2932 366 2972 rescripsit.
403 2928 487 2972 quid
511 2939 591 2973 ergo
615 2929 704 2964 siin
737 2934 915 2975 potestate
948 2941 1020 2966 non
1050 2931 1178 2973 fuerit,
1213 2941 1260 2966 an

173 2971 222 3007 ad
245 2972 410 3007 heredem
441 2973 617 3008 actionem
649 2975 892 3012 transmittat?
928 2980 963 3011 et
994 2980 1092 3012 recte
1121 2975 1262 3012 videtur

171 3016 271 3053 litem
301 3027 556 3063 praeparasse,
588 3019 617 3053 si
642 3030 684 3054 ea
706 3019 832 3055 fecerit
855 3031 1006 3066 quorum
1029 3032 1139 3066 supra
1162 3032 1260 3057 men-

171 3062 308 3098 tionem
331 3062 532 3097 habuimus.

221 3103 247 3159 Q
277 3105 472 3159 Umqws
491 3108 581 3143 libro
605 3114 734 3153 quarto
759 3111 894 3146 decimo
919 3111 970 3146 ad
990 3111 1144 3147 edictum
1189 3111 1259 3147 Pa-

173 3152 341 3204 pinianus
373 3152 463 3187 libro
495 3153 618 3198 quinto
652 3156 899 3198 quaestionum
931 3160 1028 3191 recte
1059 3156 1183 3191 scribit
1205 3157 1259 3191 in-

170 3196 329 3232 officiosi
359 3197 552 3250 querellam
583 3203 719 3242 patrem
743 3200 806 3234 filii
830 3202 886 3236 sui
910 3201 1051 3236 nomine
1073 3201 1261 3237 instituere

174 3252 247 3278 non
269 3252 378 3288 posse
399 3246 508 3278 invito
529 3253 590 3277 eo:
616 3243 726 3288 ipsius
748 3245 838 3279 enim
858 3246 988 3281 iniuria
1008 3250 1072 3282 est.
1099 3247 1260 3291 sequenti

173 3288 254 3324 loco
286 3286 429 3329 scribit,
462 3287 492 3322 si
522 3287 616 3322 filius
640 3292 722 3332 post
745 3289 923 3333 adgnitam
947 3291 1018 3326 litis
1042 3291 1261 3326 ordinandae

167 3334 288 3388 gratia
314 3332 488 3368 bonorum
537 3333 769 3368 ossessionem
795 3335 997 3377 decesserit,
1022 3336 1158 3371 finitam
1183 3346 1260 3372 esse

171 3379 360 3416 inofficiosi
386 3387 494 3422 quere
521 3388 589 3429 ani,
614 3388 705 3422 quae
729 3389 799 3413 non
823 3381 926 3423 patri,
953 3380 1015 3415 sed
1035 3381 1176 3416 nomine
1195 3381 1259 3416 da-

175 3428 190 3460 1
240 3425 348 3460 batur
369 3423 435 3459 filii
445 3423 470 3457 ⁷.
519 3422 556 3457 Si
590 3422 668 3467 quis
700 3428 782 3467 post
803 3434 877 3459 rem
901 3426 1092 3461 inofficiosi
1116 3425 1259 3461 ordina·

172 3472 194 3505 2
240 3473 314 3505 tam
337 3470 435 3505 litem
462 3466 704 3519 dereliquerit,
739 3473 863 3512 postea
895 3481 965 3505 non
997 3470 1174 3506 audietur.
1222 3471 1260 3506 Si

171 3514 364 3560 imperator
386 3515 433 3550 sit
455 3515 560 3550 heres
583 3516 776 3554 institutuS‚
801 3524 906 3558 posse
928 3515 1166 3551 inofficiosum
1191 3515 1261 3551 dici

552 2114 606 2149 uis
630 2114 795 2150 instituta
818 2115 1049 2151 accusatione
1071 2115 1263 2151 inofficiosi

581 2158 749 2195 heredem
779 2170 883 2195 suum
915 2161 1109 2206 querellam
1143 2165 1260 2197 trans-

168 3628 213 3669 (1)
238 3630 272 3660 et
285 3629 344 3662 ins.
359 3628 393 3660 F
399 3627 410 3649 ¹
531 3629 575 3667 (2)
604 3625 727 3658 sactum
742 3626 857 3658 mati-is
869 3639 931 3659 scr.
1057 3631 1098 3670 (3)
1124 3629 1258 3670 proficit

174 3671 255 3706 Hal.
327 3675 369 3714 (⁴)
393 3673 555 3706 intestato
566 3673 599 3705 F
607 3672 617 3692 ¹
703 3671 748 3712 (ὁ)
766 3671 814 3703 εἰς
826 3672 917 3713 infra
929 3683 1054 3715 quoque
1068 3681 1115 3706 est
1127 3674 1147 3706 l.
1162 3681 1211 3708 28.
1225 3681 1256 3708 31

172 3724 204 3748 et
217 3719 247 3749 in
263 3718 369 3751 indice
382 3726 543 3751 annorum
552 3731 564 3750 .·
578 3719 617 3751 de
630 3714 932 3750 centumviralibus
945 3717 1025 3749 Hal.
1109 3720 1152 3758 (6)
1178 3729 1256 3762 pro-

1265 90 1322 140 78

2041 107 2103 138 DE
2130 107 2422 159 mommoso

1330 219 1349 252 3
1396 219 1652 252 testamentum
1675 215 1881 260 saepissime
1903 217 2116 262 rescriptum
2140 221 2205 253 est.
2252 218 2422 263 Papinia-

1329 272 1396 297 nus
1419 261 1513 296 libro
1547 259 1705 296 secundo
1738 270 1992 305 responsorum
2023 261 2075 296 ait
2105 266 2234 298 contra
2262 265 2421 300 veterani

1328 306 1444 352 patris
1466 305 1619 341 familias
1640 308 1893 341 testamentum
1913 316 1992 342 esse
2010 307 2201 343 inofficiosi
2219 308 2422 353 querellam,

1331 351 1397 386 etsi
1429 360 1474 386 ea
1503 350 1581 387 sola
1611 350 1709 386 bona
1731 350 1858 386 habuit
1881 361 1973 396 quae
1995 352 2033 387 in
2057 352 2183 388 castrIs
2207 353 2420 398 quaesierat.

1330 400 1352 431 4
1399 395 1439 431 Si
1473 395 1552 442 quis
1586 395 1626 430 in
1659 395 1785 430 militia
1815 395 1941 432 fecerit
1970 400 2224 433 testamentum
2259 402 2295 434 et
2327 398 2423 434 intra

1331 452 1466 476 annum
1489 444 1573 486 post
1594 440 1755 475 militiam
1779 440 1991 485 decesserit,
2024 442 2147 478 dubito
2171 452 2238 486 an,
2269 443 2354 489 quia
2376 445 2423 480 ad

1330 486 1401 522 hoc
1432 496 1548 531 usque
1579 486 1750 538 temporis
1781 486 1858 522 iure
1890 486 2034 523 militari
2063 491 2317 524 testamentum
2347 489 2423 525 eius

1331 532 1444 574 valet,
1477 531 1635 576 querella
1657 530 1850 566 inofficiosi
1874 536 2006 568 cesset:
2041 537 2077 568 et
2099 536 2219 578 potest
2243 533 2313 569 dici
2336 544 2422 579 que·

1332 580 1351 612 5
1399 576 1524 613 rellam
1546 575 1737 612 inofficiosi
1761 586 1913 612 cessare.
1960 577 2031 613 Sed
2053 588 2120 613 nec
2142 578 2336 630 impuberis
2359 579 2423 615 filii

1331 625 1446 658 mater
1468 620 1709 657 inofficiosum
1732 624 1987 657 testamentum
2010 622 2114 665 dicit,
2146 633 2232 669 quia
2262 627 2367 669 pater
2391 624 2423 660 ei

1331 667 1401 703 hoc
1432 666 1519 702 fecit
1551 669 1601 707 (et
1629 666 1681 701 ita
1710 666 1929 712 Papinianus
1961 667 2178 713 respondit):
2211 678 2278 704 nec
2336 670 2423 705 atris

1331 712 1463 755 frater,
1496 711 1581 757 quia
1613 710 1677 746 filii
1700 714 1953 749 testamentum
1985 717 2058 748 est:
2096 723 2178 758 ergo
2214 724 2280 749 nec
2327 717 2424 750 rater

1332 757 1548 803 impuberis,
1581 757 1612 792 si
1643 757 1756 802 patris
1786 768 1859 793 non
1884 757 1984 793 dixit.
2022 757 2086 793 sed
2109 758 2140 793 si
2161 759 2199 794 in
2222 759 2334 804 patris
2358 760 2422 795 ob-

1331 807 1471 838 tentum
1495 807 1561 844 est,
1586 812 1653 838 nec
1675 802 1746 838 hoc
1769 802 1922 838 valebit:
1948 803 2017 838 nisi
2040 803 2071 839 si
2093 814 2158 849 pro
2209 808 2286 839 arte
2335 805 2422 840 atris

1333 851 1353 884 6
1400 848 1591 884 rescissum
1616 850 1688 883 est:
1714 851 1802 883 tunc
1826 847 1919 883 enim
1941 848 2119 893 pupillare
2141 860 2163 884 v
2201 853 2246 884 et.
2321 850 2423 896 iquis

1332 893 1456 929 mortis
1500 903 1611 928 causa
1645 891 1719 928 filio
1755 892 1939 928 donaverit
1975 897 2140 939 quartam
2173 898 2313 939 partem
2347 895 2423 930 eius

1333 938 1429 984 quod
1453 938 1500 974 ad
1524 949 1605 974 eum
1629 941 1724 973 esset
1746 942 2015 983 perventurum,
2047 939 2079 974 si
2108 939 2298 975 intestatus
2318 944 2425 992 pater

1334 987 1351 1018 7
1401 983 1554 1019 familias
1578 983 1811 1026 decessisset,
1835 987 1924 1028 puto
1949 993 2075 1019 secure
2098 994 2179 1020 euin
2202 988 2339 1020 testari.
2387 984 2424 1020 Si

1334 1029 1412 1074 quis
1443 1028 1620 1074 impuberi
1650 1028 1724 1064 filio
1761 1029 1946 1064 substituit
1981 1029 2157 1065 secundas
2190 1029 2334 1065 tabulas
2367 1029 2423 1066 fa·

1334 1074 1473 1117 ciendo,
1497 1084 1570 1109 non
1593 1074 1640 1110 ob
1664 1073 1736 1109 hoc
1759 1073 1984 1110 admittemus
2003 1074 2121 1119 ipsum
2140 1074 2359 1120 impuberem
2377 1075 2425 1110 ad

1334 1122 1354 1155 8
1400 1119 1591 1155 inofficiosi
1615 1119 1819 1164 querellam.
1867 1119 2043 1163 Quoniam
2067 1123 2187 1155 autem
2211 1124 2340 1165 quarta
2363 1119 2423 1156 de-

1333 1165 1430 1201 bitae
1464 1164 1639 1210 portionis
1676 1164 1811 1200 sufficit
1845 1164 1892 1199 ad
1927 1164 2184 1200 excludendam
2219 1165 2423 1210 querellam,

1334 1210 1524 1246 videndum
1547 1210 1615 1245 erit
1638 1220 1686 1245 an
1711 1209 1947 1246 exheredatus
1997 1214 2110 1246 artem
2131 1210 2245 1245 faciat
2267 1210 2328 1256 qui
2351 1221 2425 1246 non

1335 1256 1517 1302 queritur:
1542 1259 1584 1290 ut
1605 1258 1695 1301 puta
1718 1265 1840 1291 sumus
1865 1255 1935 1291 duo
2001 1255 2020 1263 ””
2046 1255 2263 1291 exheredati.
2298 1258 2334 1290 et
2353 1256 2423 1291 uti-

1334 1312 1403 1347 que
1425 1301 1554 1344 faciet,
1587 1304 1630 1335 ut
1650 1300 1870 1346 Papinianus
1893 1300 2094 1345 respondit,
2119 1303 2155 1336 et
2177 1301 2208 1336 si
2231 1300 2348 1335 dicam
2369 1301 2424 1335 in-

1335 1346 1554 1388 officiosum,
1587 1356 1660 1381 non
1683 1349 1798 1381 totam
1820 1345 2055 1381 hereditatem
2078 1346 2210 1388 debeo,
2235 1346 2298 1381 sed
2322 1345 2424 1381 dimi-

1334 1392 1429 1427 diam
1451 1394 1586 1437 petere.
1622 1391 1773 1437 proinde
1796 1391 1828 1426 si
1847 1391 1919 1427 sint
1937 1401 1982 1427 ex
2002 1391 2142 1427 duobus
2162 1390 2243 1427 filiis
2265 1395 2424 1437 nepotes,

1334 1448 1376 1473 ex
1399 1448 1471 1473 uno
1497 1437 1629 1483 plures,
1654 1440 1728 1472 tres
1777 1439 1852 1479 uta,
1877 1446 1922 1472 ex
1944 1447 2016 1472 uno
2041 1447 2152 1472 unus:
2178 1436 2322 1472 unicum
2346 1446 2421 1472 ses·

1334 1482 1481 1525 cuncia,
1517 1493 1628 1517 unum
1663 1492 1707 1518 ex
1743 1481 1751 1488 '
1782 1481 1810 1516 ‘s
1845 1482 2028 1517 semuncia
2062 1481 2222 1527 querella
2256 1482 2423 1517 excludit.

1334 1531 1353 1563 9
1401 1527 1538 1572 Quarta
1558 1530 1677 1563 autem
1689 1527 1887 1572 accipietur
1899 1527 2036 1563 scilicet
2048 1527 2202 1563 deducto
2215 1537 2298 1562 aere
2310 1527 2424 1563 alieno

1334 1577 1370 1609 et
1391 1573 1527 1609 funeris
1551 1573 1598 1608 im
1625 1582 1729 1608 ensa:
1755 1572 1819 1608 sed
1842 1583 1890 1608 an
1914 1576 1950 1608 et
1972 1573 2156 1608 libertates
2177 1576 2340 1618 quartam
2359 1572 2424 1608 mi-

1334 1622 1457 1661 nuant,
1480 1618 1584 1654 viden
1611 1629 1671 1654 um
1695 1621 1761 1653 est.
1799 1621 1835 1653 et
1858 1618 2030 1664 numquid
2053 1618 2243 1653 minuant?
2274 1628 2357 1653 nam
2381 1618 2423 1659 si,

1334 1675 1415 1700 cum
1436 1663 1515 1709 quis
1536 1674 1581 1699 ex
1597 1673 1678 1699 asse
1696 1663 1800 1699 heres
1818 1663 2003 1699 institutus
2025 1667 2090 1705 est,
2113 1663 2193 1699 ideo
2214 1674 2287 1699 non
2332 1667 2425 1699 otest

1334 1709 1452 1745 dicere
1482 1708 1741 1751 inofficiosum,
1774 1708 1858 1754 quia
1889 1709 1999 1744 liabet
2021 1708 2238 1751 Falcidiam,
2262 1708 2317 1743 Fa
2332 1708 2426 1744 cidia

1333 1758 1453 1790 autem
1486 1754 1671 1790 libertates
1706 1764 1779 1790 non
1813 1754 1961 1789 minuit:
2003 1758 2125 1799 potest
2159 1754 2229 1789 dici
2262 1753 2424 1789 deductis

1331 1799 1557 1835 libertatibus
1592 1802 1755 1845 quartam
1789 1799 1991 1834 ineundam.
2051 1810 2132 1834 cum
2165 1799 2274 1844 igitur
2306 1799 2426 1844 placet

1333 1849 1499 1891 quartam
1521 1845 1632 1880 minui
1655 1855 1720 1890 per
1742 1844 1944 1887 libertates,
1970 1845 2107 1880 eveniet
2128 1848 2188 1887 ut,
2244 1844 2282 1879 ui
2305 1854 2425 1879 servos

1332 1894 1472 1926 tantum
1494 1890 1606 1926 habet
1627 1890 1664 1925 in
1687 1890 1901 1935 patrimonio
1925 1900 2003 1932 suo,
2030 1889 2148 1925 dando
2162 1890 2212 1925 eis
2251 1890 2425 1925 bertatem

1331 1935 1522 1972 inofficiosi
1546 1935 1739 1981 querellam
1762 1934 1951 1971 excludat:
1977 1935 2044 1970 nisi
2066 1935 2161 1971 forte
2184 1934 2243 1971 hic
2263 1934 2369 1977 filius,
2394 1935 2426 1970 si

1332 1991 1405 2017 non
1426 1980 1497 2016 fuit
1518 1981 1557 2016 in
1579 1984 1772 2026 potestate,
1796 1990 1819 2016 a
1841 1984 1946 2026 patre
1968 1981 2072 2016 heres
2091 1980 2277 2016 institutus
2297 1980 2424 2015 merito

1332 2026 1463 2061 omittit
1501 2025 1738 2061 hereditatem
1769 2029 1806 2060 et
1835 2025 1883 2060 ad
1914 2026 2147 2061 substitutum
2177 2025 2424 2061 transmittens

1332 2070 1525 2116 querellam
1547 2070 1739 2107 inofficiosi
1762 2070 1944 2113 instituet,
1967 2071 2047 2107 vel⁸
2069 2071 2116 2106 ab
2139 2070 2310 2106 intestato
2336 2070 2426 2106 citra

1336 2120 1375 2152 10
1423 2115 1531 2152 edicti
1553 2126 1706 2161 poenam
1729 2115 1863 2151 habeat
1885 2116 2130 2152 hereditatem.
2174 2115 2212 2151 Si
2225 2115 2424 2152 condicioni

1331 2171 1459 2207 parere
1494 2165 1647 2198 testator
1679 2161 1846 2197 heredem
1880 2161 1986 2197 iussit
2018 2161 2056 2196 in
2085 2171 2241 2207 persona
2274 2161 2338 2196 filii
2369 2161 2424 2196 vel

1332 2206 1478 2243 alterius
1499 2206 1559 2259 qui
1579 2206 1728 2242 eandem
1748 2206 1942 2252 querellam
1962 2216 2103 2242 movere
2122 2210 2242 2252 potest
2259 2211 2296 2242 et
2307 2206 2423 2242 sciens

1331 2253 1361 2287 is
1395 2255 1554 2298 accepit,
1586 2251 1792 2295 videndum,
1826 2262 1871 2287 ne
1894 2252 1941 2287 ab
1963 2251 2156 2287 inofficiosi
2179 2252 2338 2297 querella
2362 2262 2422 2287 ex-

1333 2297 1518 2333 cludatur:
1554 2296 1723 2342 adgnovit
1757 2297 1851 2332 enim
1885 2296 2066 2332 iudiciuin.
2109 2296 2202 2332 idem
2238 2301 2293 2332 est
2324 2300 2360 2331 et
2393 2297 2423 2332 si

1330 2342 1522 2388 legatarius
1555 2342 1587 2377 ei
1618 2342 1674 2378 vel
1703 2342 1892 2378 statuliber
1924 2342 2032 2378 dedit.
2068 2346 2104 2378 et
2126 2346 2246 2387 potest
2269 2341 2339 2377 dici
2362 2351 2423 2377 ex-

1331 2388 1427 2423 cludi
1448 2398 1540 2431 eum,
1564 2388 1717 2423 maxime
1736 2387 1767 2423 si
1785 2387 1950 2423 heredem
1970 2387 2002 2423 ei
2019 2387 2175 2423 iusserat
2198 2387 2302 2422 dare:
2329 2391 2423 2422 cete-

1330 2444 1409 2469 rum
1433 2433 1465 2469 si
1486 2433 1714 2479 legatarium,
1746 2433 1919 2479 numquid
1950 2434 2059 2468 semel
2089 2437 2210 2468 natam
2234 2431 2423 2468 inofficiosi

1332 2478 1523 2524 querellam
1546 2489 1620 2513 non
1642 2482 1803 2524 peremat
1825 2478 1987 2524 legatarii
2009 2478 2169 2514 oblatio?
2193 2489 2259 2514 cur
2280 2488 2319 2513 er
2341 2488 2362 2513 o
2383 2478 2420 2512 in

1331 2523 1461 2560 herede
1482 2523 1646 2560 absolute
1666 2523 1845 2559 diximus?
1893 2523 2037 2559 uoniam
2056 2528 2141 2559 ante
2163 2523 2298 2558 aditam
2346 2533 2422 2558 ere·

1331 2570 1478 2605 ditatem
1501 2579 1567 2605 nec
1590 2569 1751 2605 nascitur
1773 2536 1942 2615 quereila.
1979 2579 2044 2614 ego
2068 2571 2231 2604 eventum
2254 2572 2341 2621 puto
2366 2578 2422 2603 se-

1331 2614 1509 2660 quendum
1542 2614 1580 2650 in
1611 2615 1682 2650 hac
1703 2624 1762 2657 re,
1786 2618 1844 2655 ut,
1868 2614 1899 2650 si
1921 2614 2015 2650 forte
2038 2618 2228 2659 antequam
2251 2613 2421 2648 iudicium

1330 2663 1515 2696 moveatur
1537 2660 1672 2696 oblatio
1697 2660 1730 2695 ei
1751 2659 1817 2695 fiat
1836 2660 1911 2695 eius
1932 2659 2027 2705 quod
2046 2659 2210 2695 relictum
2231 2663 2295 2701 est,
2319 2659 2422 2703 quasi

1332 2717 1376 2741 ex
1398 2706 1583 2741 voluntate
1604 2704 1788 2741 testatoris
1812 2705 1934 2740 oblato
1959 2715 2000 2740 eo
2025 2703 2113 2740 satis
2135 2703 2169 2740 ei
2200 2703 2337 2739 factum
2369 2703 2421 2739 vi-

1334 2754 1370 2786 11
1422 2751 1557 2786 deatur.
1605 2750 1707 2786 Unde
1730 2750 1762 2786 si
1783 2750 1863 2796 quis
1884 2750 1955 2785 fuit
1975 2749 2161 2785 institutus
2184 2748 2278 2784 forte
2302 2758 2346 2783 ex
2363 2758 2420 2784 se·

1331 2796 1447 2838 misse,
1473 2806 1554 2832 cum
1579 2795 1636 2831 ei⁹
1659 2799 1804 2831 sextans
1818 2797 1847 2817 ¹⁰
1870 2805 1914 2831 ex
1934 2795 2136 2831 substantia
2155 2794 2337 2830 testatoris
2358 2793 2420 2829 de·

1330 2842 1485 2883 beretur,
1511 2845 1547 2876 et
1569 2845 1715 2886 rogatus
1739 2844 1834 2877 esset
1855 2844 1939 2886 post
1963 2844 2100 2875 certum
2123 2839 2292 2885 temporis
2314 2838 2419 2874 resti·

1330 2891 1431 2922 tuere
1453 2886 1703 2928 hereditatem,
1728 2885 1853 2921 merito
1879 2885 2067 2921 dicendum
2092 2889 2149 2920 est
2171 2884 2305 2920 nullum
2326 2883 2420 2919 iudi-

1331 2931 1425 2967 cium
1445 2941 1587 2967 movere
1602 2932 1640 2974 ¹¹,
1663 2941 1744 2967 cuin
1763 2930 1918 2966 debitam
1931 2930 2131 2975 portionem
2143 2930 2267 2965 eteius
2279 2929 2421 2964 fructus

1329 2977 1463 3012 habere
1485 2976 1616 3021 possit:
1650 2975 1791 3011 fructus
1816 2975 1909 3011 enim
1933 2975 2047 3011 solere
2069 2975 2106 3010 in
2129 2974 2327 3010 Falcidiam
2350 2974 2415 3008 im-

1329 3021 1448 3067 putari
1479 3031 1551 3056 non
1583 3023 1638 3056 est
1668 3020 1898 3066 incognitum.
1936 3030 2018 3065 ergo
2051 3025 2088 3055 et
2119 3020 2150 3055 si
2181 3020 2227 3055 ab
2250 3019 2351 3055 initio
2375 3029 2419 3054 ex

1329 3067 1476 3102 semisse
1505 3066 1609 3101 heres
1639 3066 1823 3101 institutus
1855 3071 1999 3110 rogetur
2021 3068 2105 3111 post
2127 3064 2337 3100 decennium
2360 3074 2416 3099 re-

1329 3112 1475 3147 stituere
1497 3110 1740 3152 hereditatem,
1765 3110 1853 3145 nihil
1875 3110 1986 3146 habet
2009 3109 2105 3155 quod
2124 3114 2304 3162 queratur,
2330 3119 2417 3154 quo·

1329 3157 1424 3192 niam
1446 3155 1552 3191 facile
1575 3159 1695 3201 potest
1718 3155 1872 3190 debitam
1896 3156 2095 3200 portionem
2114 3164 2260 3207 eiusque
2278 3153 2418 3189 fructus

1333 3205 1372 3237 12
1419 3201 1534 3237 medio
1557 3204 1718 3246 tempore
1750 3210 1885 3245 cogere.
1934 3200 1971 3235 Si
1995 3200 2074 3245 quis
2099 3203 2136 3234 et
2158 3200 2296 3234 irritum
2320 3198 2419 3233 dicat

1328 3249 1579 3283 testamentum
1602 3246 1657 3281 vel
1679 3249 1824 3291 ruptum
1848 3250 1884 3280 et
1907 3244 2162 3285 inofficiosum,
2197 3243 2358 3279 condicio
2383 3243 2416 3278 ei

1332 3295 1372 3327 13
1420 3291 1551 3327 deferri
1582 3291 1736 3333 debet¹²,
1771 3294 1891 3325 utrum
1922 3290 2021 3335 prius
2052 3298 2193 3324 movere
2225 3288 2330 3323 volet.
2379 3287 2417 3323 Si

1328 3336 1421 3372 filius
1435 3335 1672 3371 exheredatus
1683 3335 1721 3371 in
1758 3334 1959 3371 ossessione
1972 3335 2019 3370 sit
2028 3333 2247 3375 hereditatis,
2261 3333 2330 3369 scri
2356 3336 2414 3368 tus

1329 3380 1469 3427 quidem
1493 3382 1596 3416 heres
1618 3384 1717 3426 petet
1732 3346 1977 3421 hereditatem,
2001 3379 2095 3414 filius
2114 3389 2197 3414 vero
2216 3379 2253 3413 in
2273 3388 2330 3413 mo
2357 3388 2417 3412 um

1329 3426 1622 3462 contradictionis
1635 3425 1826 3471 querellam
1838 3424 1996 3466 inducat,
2019 3423 2313 3469 quemadmodum
2331 3433 2414 3467 age-

1332 3474 1374 3506 14
1419 3475 1495 3513 ret,
1525 3471 1556 3506 si
1588 3481 1661 3506 non
1684 3470 1901 3516 possideret,
1934 3469 1995 3504 sed
2019 3473 2168 3514 peteret.
2216 3467 2418 3503 Meminisse

1329 3519 1449 3551 autem
1473 3515 1652 3561 oportebit
1677 3525 1776 3558 eum,
1809 3515 1870 3560 qui
1902 3517 2154 3550 testamentum
2178 3512 2417 3548 inofficiosum

1327 3629 1465 3660 cesserit
1477 3628 1559 3661 Hal.
1677 3630 1720 3670 (τ)
1744 3639 1829 3671 quae
1840 3638 1908 3661 non
1922 3627 2030 3671 patris
2043 3628 2177 3659 nomine
2190 3626 2343 3667 dabatur,
2356 3625 2415 3657 sed

1326 3673 1389 3705 filii
1403 3685 1462 3706 scr.
1522 3674 1567 3715 (8)
1587 3673 1653 3714 vel]
1667 3677 1706 3705 ut
1717 3686 1780 3707 scr.
1840 3675 1885 3715 (9)
1911 3673 1942 3704 ei
1953 3672 2031 3705 add.
2041 3671 2095 3704 F²
2154 3673 2214 3712 (ιο)
2238 3669 2415 3703 sescuncia

1329 3719 1484 3752 Ouiaciuae
1575 3719 1632 3759 (11)
1657 3717 1777 3751 debere
1790 3719 1850 3752 ins.
1944 3718 2004 3758 (12)
2028 3716 2149 3749 debeat
2162 3715 2246 3748 F²S
