2528 3918
47 1815 53 1821 ·
116 1804 135 1836 2
183 1801 269 1843 erit,
293 1811 337 1836 ex
361 1802 489 1847 quibus
514 1803 629 1839 edicto
654 1804 884 1840 succurritur.

125 111 287 153 omnus
314 109 456 143 nonis
483 108 645 141 monus

123 222 240 270 poris:
264 222 351 259 nihil
375 221 466 258 enim
487 221 647 264 interest,
672 220 812 257 debitor
834 219 961 267 pignus
982 220 1105 257 datum
1123 231 1208 257 ven-

125 269 215 304 didit
237 278 286 303 an
308 268 424 304 denuo
448 267 586 313 pignori
610 267 751 311 obliget.

168 312 195 351 4
218 313 326 349 IDEM
343 314 434 350 libro
456 312 643 348 undecimo
665 323 725 348 res
752 322 922 348 onsorum
969 311 1057 348 Cum
1070 313 1209 349 solven-

123 359 192 395 dae
213 357 386 404 pecuniae
409 356 484 393 dies
533 360 615 393 acto
638 368 704 402 pro
723 361 821 392 ertur
834 358 856 399 ¹,
882 358 1090 394 convenisse
1112 357 1209 394 vide-

122 408 199 446 tur,
231 413 276 439 ne
305 403 404 448 prius
427 413 492 438 ven
519 402 600 438 endi
623 402 780 448 pignoris
803 406 964 447 potestas
989 408 1208 438 exerceatur.

168 447 193 486 5
217 447 453 484 MARGIANUS
479 448 570 483 libro
598 448 781 494 sinqulari
801 447 851 482 ad
870 448 1070 493 formulam
1096 448 1210 495 hypo—

123 492 319 529 thecariam
366 492 454 528 Cum
486 492 664 528 secundus
690 492 845 528 creditor
868 493 990 528 oblata
1013 494 1123 538 priori
1146 503 1208 539 pe-

122 537 228 574 cunia
249 538 287 572 in
309 537 428 573 locum
451 537 527 573 eius
551 538 782 580 successerit,
813 538 1051 574 venditionem
1076 540 1121 574 ob
1146 549 1208 584 pe-

126 588 140 619 1
190 583 330 618 cuniam
361 583 515 618 solutam
548 587 584 618 et
615 583 786 618 creditam
816 587 913 618 recte
935 583 1035 619 facit.
1084 584 1121 619 Si
1153 594 1208 619 se·

122 628 259 664 cundus
283 627 438 663 creditor
459 628 514 663 vel
536 628 724 664 fideiussor
747 628 866 664 soluta
887 630 1041 673 pecunia
1059 629 1210 674 pignora

121 673 360 718 susceperint,
396 677 493 708 recte
529 673 579 709 eis
614 673 781 716 offertur,
825 675 983 719 quamvis
1020 675 1208 720 emptionis

120 718 223 754 titulo
249 728 292 754 ea
314 722 514 753 tenuerunt.

167 761 192 801 6
215 762 471 799 Moosssrmvs
491 764 582 799 libro
606 767 731 799 octavo
754 764 962 811 reqularunz
1013 764 1101 800 Cum
1125 775 1208 810 pos-

120 808 229 844 terior
252 808 406 844 creditor
429 819 451 843 a
474 809 593 853 priore
615 809 743 854 pignus
768 810 863 852 emit,
888 820 959 845 non
983 813 1058 845 tam
1082 810 1208 855 adqui-

119 853 220 890 rendi
251 853 397 888 dominii
428 864 535 899 quam
565 854 728 889 servandi
758 855 916 907 pignoris
940 856 996 890 sui
1021 866 1131 891 causa
1153 856 1208 890 in-

119 898 297 943 tellegitur
326 899 515 944 pecuniam
538 899 676 935 dedisse
701 903 736 935 et
758 900 837 935 ideo
863 900 983 935 offerri
1007 901 1040 936 ei
1063 911 1086 936 a
1110 900 1207 936 debi-

119 948 198 980 tore
247 948 350 979 otest.

165 987 188 1025 7
256 998 452 1025 ARCMNUS
470 989 561 1025 libro
583 990 767 1043 singulari
787 990 837 1025 ad
887 990 1063 1026 ormulam
1094 989 1208 1037 hypo-

120 1033 315 1070 thecariam
362 1034 400 1070 Si
431 1035 586 1070 creditor
616 1045 744 1080 pignus
775 1035 830 1071 vel
887 1036 1098 1081 ypothecam
1122 1046 1206 1071 ven-

119 1079 248 1114 diderit
270 1080 340 1115 hoc
362 1084 482 1125 pacto,
507 1084 548 1115 ut
570 1080 678 1115 liceat
701 1080 768 1115 sibi
791 1080 939 1116 reddere
962 1082 1151 1126 pecuniam
1173 1085 1208 1117 et

117 1125 245 1170 pignus
269 1125 488 1170 reciperare:
513 1135 571 1167 an,
596 1126 627 1161 si
650 1130 799 1170 paratus
823 1126 870 1161 sit
894 1126 1035 1162 debitor
1057 1126 1206 1162 reddere

144 1169 327 1212 ecuniam,
360 1171 530 1215 consequi
552 1170 589 1206 id
637 1171 749 1206 ossit?
784 1175 819 1206 et
842 1172 1000 1207 Iulianus
1025 1172 1115 1207 libro
1140 1183 1206 1206 un-

118 1180 255 1250 decimo
288 1215 502 1260 digestorum
536 1216 606 1251 scri
630 1216 659 1251 it
692 1219 790 1251 recte
823 1217 964 1261 quidem
997 1216 1206 1252 distractum

118 1270 196 1295 esse
219 1260 359 1305 pignus,
385 1265 542 1296 ceterum
565 1261 622 1306 agi
646 1271 752 1306 posse
777 1272 856 1297 cum
882 1262 1076 1304 creditore,
1101 1267 1151 1305 ut,
1176 1263 1206 1298 si

117 1315 208 1350 quas
232 1305 392 1340 actiones
415 1306 567 1348 habeat,
599 1316 661 1342 eas
685 1306 791 1342 cedat
813 1307 976 1343 debitori.
1014 1308 1077 1343 sed
1108 1308 1205 1353 quod

116 1350 276 1386 Iulianus
300 1350 424 1385 scribit
446 1351 484 1386 in
502 1352 659 1396 pignore,
683 1352 776 1387 idem
797 1357 833 1387 et
855 1352 951 1388 circa
969 1353 994 1387 h
1018 1353 1206 1397 pothecam

122 1398 134 1430 1
187 1399 251 1431 est.
298 1395 391 1430 Illud
412 1396 671 1441 inspiciendum
696 1401 761 1440 est,
786 1407 832 1432 an
856 1397 961 1433 liceat
1013 1398 1151 1440 ebitori,
1176 1398 1207 1434 si

116 1440 320 1486 hypotheca
351 1441 516 1484 venierit,
549 1443 703 1487 pecunia
733 1442 852 1478 soluta
882 1453 960 1478 eam
991 1444 1205 1488 reciperare.

117 1486 206 1520 et-si
231 1485 372 1531 quidem
395 1486 447 1521 ita
469 1487 635 1528 venierit,
660 1492 711 1530 ut,
736 1488 766 1523 si
788 1487 884 1523 intra
907 1492 1044 1523 certum
1067 1493 1206 1534 tempus

116 1540 139 1565 a
163 1530 323 1566 debitore
345 1531 499 1576 pecunia
523 1533 641 1567 soluta
664 1533 789 1575 fuerit,
815 1533 945 1578 emptio
969 1534 1205 1576 rescindatur,

115 1575 211 1610 intra
241 1576 330 1611 illud
360 1580 500 1621 tempus
531 1578 685 1622 pecunia
715 1578 834 1613 soluta
867 1579 996 1624 recipit
1029 1579 1205 1625 hypothe-

116 1630 213 1656 cam:
247 1621 277 1656 si
307 1631 389 1657 vero
425 1626 566 1667 tempus
590 1623 772 1668 praeteriit
795 1627 859 1659 aut
881 1624 911 1659 si
935 1635 1007 1660 non
1031 1635 1073 1660 eo
1097 1630 1205 1670 pacto

116 1676 173 1701 res
197 1666 362 1709 venierit,
387 1677 460 1702 non
483 1671 602 1712 potest
624 1668 777 1704 rescindi
801 1669 976 1711 venditio,
1001 1669 1070 1705 nisi
1093 1670 1207 1705 minor

116 1711 163 1746 sit
186 1711 289 1746 annis
313 1712 433 1756 viginti
481 1713 613 1758 uinque
637 1713 776 1749 debitor
800 1718 864 1749 aut
885 1714 1042 1759 pupillus
1067 1719 1130 1750 aut
1153 1715 1205 1751 rei

114 1756 281 1801 publicae
305 1767 415 1792 causa
439 1767 461 1792 a
487 1768 568 1793 sens
593 1759 648 1793 vel
670 1758 708 1794 in
731 1759 852 1804 aliqua
872 1769 994 1849 ear3m
1014 1770 1206 1796 causarum

965 1806 1141 1847 uaeritur,
1175 1806 1205 1841 si

114 1850 261 1891 pactum
285 1847 331 1881 sit
354 1857 377 1882 a
396 1848 582 1890 creditore,
608 1859 652 1884 ne
668 1849 776 1884 liceat
795 1849 947 1885 debitori
967 1851 1204 1896 hypothecam

114 1891 266 1927 vendere
289 1892 344 1927 vel
367 1893 506 1937 pignus,
532 1893 615 1939 quid
638 1894 725 1929 iuris
749 1894 806 1936 sit,
832 1898 868 1930 et
890 1905 938 1930 an
961 1896 1082 1940 pactio
1107 1896 1205 1931 nulla

115 1936 163 1972 sit
184 1937 286 1979 talis,
311 1938 413 1982 quasi
438 1942 562 1973 contra
584 1939 640 1974 ius
665 1939 711 1974 sit
733 1940 870 1984 posita,
893 1940 1046 1985 ideoque
1070 1941 1206 1976 veniri²

114 1982 238 2026 possit.
273 1985 309 2017 et
332 1987 469 2018 certum
500 1988 555 2019 est
587 1984 721 2019 nullam
753 1986 855 2020 esse³
877 1986 1132 2029 venditionem,
1164 1990 1205 2021 ut

113 2026 272 2072 pactioni
295 2030 419 2063 stetur.

161 2068 185 2109 8
209 2071 464 2108 Moossmws
483 2072 574 2109 libro
598 2078 730 2120 quarto
749 2075 961 2121 reqularum
1009 2075 1203 2112 creditoris

113 2117 260 2152 arbitrio
293 2118 511 2163 permittitur
542 2129 586 2154 ex
615 2119 822 2164 pignoribus
847 2121 915 2156 sibi
938 2121 1102 2166 obligatis
1126 2122 1203 2167 qui-

113 2161 181 2199 bus
204 2162 287 2199 velit
311 2164 491 2199 distractis
515 2164 561 2199 ad
584 2175 688 2200 suum
713 2165 937 2201 commodum
960 2167 1154 2211 pervenire.

160 2206 186 2246 9
210 2208 370 2244 Panes
387 2210 477 2245 libro
497 2211 601 2244 tertio
621 2212 870 2255 quaestionum
918 2212 1124 2256 Quaesitum
1138 2215 1203 2254 est,

117 2254 149 2289 si
181 2253 335 2289 creditor
358 2255 404 2290 ab
429 2258 587 2299 emptore
609 2256 766 2300 pignoris
790 2256 943 2300 pretium
967 2267 1109 2292 servare
1131 2268 1203 2292 non

112 2299 300 2344 potuisset,
325 2309 372 2334 an
396 2299 535 2335 debitor
556 2300 727 2335 liberatus
751 2305 855 2336 esset.
892 2302 1025 2346 putavi,
1050 2302 1081 2337 si
1104 2303 1204 2337 nulla

115 2344 223 2396 culpa
256 2344 426 2389 imputari
460 2344 627 2380 creditori
660 2346 792 2390 possit,
828 2357 974 2382 manere
1009 2347 1203 2383 debitorem

114 2389 329 2433 obligatum,
389 2390 450 2424 uia
486 2399 529 2424 ex
563 2391 776 2426 necessitate
809 2391 908 2427 facta
942 2392 1095 2427 venditio
1132 2402 1203 2428 non

116 2437 132 2468 1
181 2434 310 2469 liberat
333 2434 377 2469 de
402 2434 529 2470 itorem
551 2435 621 2470 nisi
642 2437 795 2480 pecunia
818 2441 999 2482 percepta.
1047 2437 1202 2482 Pompo-

114 2478 194 2514 nius
215 2484 335 2515 autem
352 2480 545 2516 lectionum
564 2481 654 2516 libro
675 2481 832 2516 secundo
852 2482 904 2517 ita
922 2482 1081 2527 scripsit:
1107 2482 1203 2527 quod

113 2523 152 2559 in
174 2524 380 2569 pignoribus
405 2524 532 2560 dandis
556 2525 649 2561 adici
673 2526 782 2569 solet,
806 2530 865 2569 ut,
891 2538 961 2571 quo
985 2527 1101 2562 minus
1124 2528 1201 2573 pig-

113 2579 182 2604 nus
204 2570 368 2613 venisset,
391 2570 564 2615 reliquum
583 2570 723 2606 debitor
741 2571 917 2614 redderet,
943 2582 1202 2617 supervacuum

114 2618 189 2656 est,
222 2614 305 2659 quia
334 2615 413 2659 ipso
440 2616 523 2658 ‚iure
552 2615 605 2651 ita
637 2626 676 2651 se
698 2626 755 2652 res
778 2617 888 2652 habet
912 2617 1016 2652 etiam
1042 2628 1114 2652 non
1139 2618 1201 2653 ad-

113 2658 206 2694 iecto
231 2669 284 2694 eo.

164 2702 213 2741 10
244 2704 354 2739 IDEM
378 2704 469 2740 libro
503 2708 608 2740 sexto
642 2716 896 2758 responsorum
941 2706 1023 2742 Etsi
1052 2706 1101 2749 is,
1141 2708 1202 2754 qui

113 2748 191 2793 lege
213 2748 370 2794 pignoris
395 2750 496 2792 emit,
530 2750 575 2785 ob
601 2751 808 2786 evictionem
831 2751 884 2787 rei
906 2751 1023 2787 redire
1047 2751 1094 2787 ad
1116 2763 1200 2787 ven-

115 2793 266 2829 ditorem
283 2805 357 2829 non
406 2798 519 2837 otest,
543 2798 663 2830 tamen
686 2806 758 2831 non
783 2806 861 2832 esse
884 2796 1100 2832 audiendum
1125 2807 1200 2833 cre-

115 2838 265 2874 ditorem
290 2839 350 2884 qui
388 2839 522 2874 undum
544 2840 713 2883 vendidit,
738 2841 769 2876 si
790 2841 875 2876 velit
898 2841 1056 2877 eiusdem
1079 2842 1132 2877 rei
1156 2853 1200 2878 ex

114 2883 186 2918 alia
210 2893 320 2919 causa
344 2885 586 2929 quaestionem
609 2896 759 2921 movere.

163 2926 210 2964 11
239 2926 443 2964 ScAEVOLA
476 2930 567 2965 libro
583 2931 707 2976 primo
730 2932 1009 2977 responsorum⁴
1055 2932 1201 2968 Arbiter

114 2972 323 3009 dividendae
354 2973 560 3010 hereditatis
592 2986 672 3010 cum
705 2986 856 3027 corpora
878 2977 1092 3012 hereditaria
1115 2977 1200 3012 divi-

114 3017 237 3060 sisset,
261 3019 407 3053 nomina
430 3029 571 3064 quoque
594 3030 833 3056 communium
864 3021 1064 3057 debitorum
1097 3032 1199 3068 sepa-

113 3063 219 3097 ratim
242 3063 387 3108 singulis
411 3063 449 3098 in
471 3064 622 3099 solidum
654 3065 867 3110 adsignavit:
900 3067 1098 3111 quaesitum
1134 3071 1199 3110 est,

115 3116 162 3141 an
185 3107 402 3143 debitoribus
426 3110 649 3145 cessantibus
672 3121 737 3155 pro
762 3110 874 3146 solido
898 3111 1025 3156 pignus
1049 3112 1201 3148 vendere

116 3151 194 3195 quis
218 3163 264 3188 ue
286 3157 415 3198 potest.
452 3154 619 3199 respondi
641 3166 758 3200 posse.

165 3163 217 3234 13
241 3197 518 3234 TRYPHONINUS
538 3199 628 3234 libro
653 3205 777 3236 octavo
797 3200 1081 3247 disputationum
1127 3201 1198 3237 Re-

116 3250 187 3275 scri
212 3245 286 3277 tum
310 3247 364 3278 est
387 3243 433 3278 ab
457 3243 671 3288 imperatore
693 3245 832 3280 libellos
856 3250 981 3290 agente
999 3246 1197 3291 Papiniano

117 3295 175 3320 cre
201 3286 325 3322 itorem
349 3298 371 3323 a
395 3288 554 3324 debitore
584 3290 711 3341 pignus
743 3300 858 3325 emere
889 3300 1014 3336 posse,
1048 3292 1133 3337 quia
1161 3292 1198 3326 in

118 3333 134 3364 1
185 3330 337 3368 dominio
368 3337 488 3368 manet
519 3333 688 3369 debitoris
698 3336 722 3370 ⁵.
770 3335 808 3369 Si
839 3335 957 3371 aliena
978 3346 1036 3371 res
1059 3336 1198 3381 pignori

116 3374 201 3410 data
222 3375 331 3411 fuerit
353 3382 388 3412 et
412 3377 566 3414 creditor
589 3389 666 3414 eam
689 3379 903 3422 vendiderit,
926 3380 1126 3423 videamus,
1151 3392 1199 3416 an

115 3420 269 3464 pretium
292 3421 386 3464 quod
407 3423 567 3468 percepit
590 3424 742 3459 creditor
761 3424 886 3460 liberet
905 3425 1099 3461 debitorem
1117 3437 1197 3471 per-

115 3465 231 3500 sonali
253 3465 393 3501 actione
415 3468 586 3511 pecuniae
610 3469 775 3504 creditae.
812 3469 907 3515 quod
940 3481 1021 3505 vere
1050 3481 1197 3515 respon-

115 3578 155 3618 (1)
180 3577 350 3610 confertur
359 3576 411 3610 F’

114 3620 192 3654 dam
205 3633 275 3655 esse
288 3624 349 3656 ins.

513 3580 555 3620 (2)
579 3580 693 3613 venire
704 3581 739 3614 F
743 3580 758 3601 ²

464 3623 506 3664 (4)
530 3625 574 3667 cs.
588 3625 607 3657 l.
621 3633 653 3658 14
667 3626 723 3659 Ιι.ε

868 3584 911 3620 (3)
935 3582 1195 3625 necimpedien·

856 3631 887 3665 ω
912 3627 993 3670 Pap.
1005 3627 1028 3660 1.
1041 3627 1096 3659 111
1107 3638 1195 3670 resp.

117 3665 272 3699 Creditur
284 3677 302 3700 a
315 3667 466 3699 debitore
485 3667 609 3709 pig-nus
629 3673 718 3702 reete
739 3670 820 3703 emit
836 3671 923 3712 ναι,
944 3673 1002 3705 ubi
1018 3680 1196 3715 sequuntur
1263 3680 1308 3706 15.
1319 3691 1364 3697 -
1377 3673 1462 3706 Bas.
1476 3675 1530 3715 25,
1545 3682 1561 3708 8

116 3711 188 3744 alia
256 3713 300 3753 (o)
325 3712 397 3754 ipse
409 3711 471 3752 ΓΞ,
485 3712 593 3753 ipsius
604 3725 668 3747 scr.
737 3718 780 3754 (Ἰ)
804 3717 847 3759 cs:
861 3716 882 3748 I.
896 3723 924 3750 11
937 3717 968 3749 Ιι.
983 3724 1003 3750 ε.
1073 3717 1119 3755 (8)
1144 3717 1195 3749 di-

1201 93 1285 142 267

2173 101 2259 143 XX
2289 104 2370 145 5.6

1279 221 1440 265 deretur,
1476 222 1507 257 si
1540 232 1582 257 ea
1612 221 1688 268 lege
1719 221 1895 266 vendidit,
1931 233 1975 259 ne
2011 223 2193 261 evictionis
2227 226 2370 262 nomine

1280 268 1517 312 obligaretur,
1550 268 1635 313 quia
1667 278 1711 303 ex
1743 273 1932 304 contractu
1957 272 1992 304 et
2016 270 2210 316 qualiquali
2234 271 2368 317 obliga-

1278 314 1377 349 tione
1407 323 1430 348 a
1453 312 1616 349 debitore
1644 313 1867 359 interposita,
1892 318 1988 351 certe
2012 325 2056 350 ex
2079 316 2270 352 occasione
2293 327 2369 352 eius

1278 357 1465 394 redactum
1476 358 1513 393 id
1526 358 1680 403 pretium
1700 359 1848 403 aequius
1867 360 2057 405 proficeret
2077 361 2240 404 debitori,
2261 373 2373 408 quam

1279 403 1464 439 creditoris
1477 404 1578 439 lucro
1602 404 1755 439 cederet.
1789 404 1851 439 sed
1873 410 2045 450 quantum
2065 407 2204 452 quidem
2226 407 2273 442 ad
2291 418 2370 443 cre·

1278 449 1427 483 ditorem
1451 448 1592 484 debitor
1611 449 1801 484 liberatur:
1828 455 1999 495 quantum
2019 462 2101 487 vero
2122 452 2168 487 ad
2189 452 2371 488 dominum

1278 494 1348 536 rei,
1373 494 1402 528 si
1427 494 1577 529 necdum
1600 494 1728 539 pignus
1753 495 1904 530 evictum
1929 500 2001 537 est,
2026 497 2081 531 vel
2105 498 2150 532 ad
2175 502 2371 543 emptorem

1277 543 1360 583 post
1393 539 1600 575 evictionem
1631 540 1725 585 ipsi⁶
1757 540 1896 576 debitor
1927 541 2004 576 utili
2041 543 2181 578 actione
2213 547 2370 587 tenetur,

1277 594 1323 619 ne
1348 595 1391 619 ex
1414 585 1532 620 aliena
1554 585 1695 620 iactura
1719 585 1787 621 sibi
1809 586 1949 621 lucrum
1969 586 2145 632 adquirat.
2183 599 2265 623 nam
2285 593 2320 624 et
2339 589 2370 624 si

1277 630 1429 665 maiores
1460 629 1601 665 fructus
1632 630 1726 666 forte
1757 637 1882 676 petens
1918 642 1940 666 a
1974 643 2181 677 possessore
2214 634 2370 670 creditor

1277 675 1443 718 abstulit,
1477 676 1662 711 universos
1693 676 1731 711 in
1763 677 1998 721 quantitatem
2030 677 2186 712 debitam
2219 685 2370 724 accepto

1277 719 1371 755 ferre
1402 720 1562 756 debebit:
1597 725 1633 756 et
1664 731 1745 756 cum
1775 732 1840 767 per
1870 722 2036 757 iniuriam
2067 723 2194 758 iudicis
2226 724 2367 760 domino

1277 776 1371 807 rem,
1397 776 1490 811 quae
1514 766 1683 802 debitoris
1708 777 1781 802 non
1804 766 1951 810 fuisset,
1983 768 2190 803 abstulisset
2215 770 2369 805 creditor

1277 811 1379 856 quasi
1404 811 1597 856 obligatam
1622 812 1700 854 sibi,
1726 816 1762 848 et
1804 816 2021 856 uaereretur,
2046 823 2094 848 an
2113 814 2228 849 soluto
2248 814 2368 851 debito

1276 856 1416 891 restitui
1440 867 1518 891 eam
1543 860 1724 902 oporteret
1744 857 1788 893 de
1814 858 1907 901 itori,
1933 858 2106 894 Scaevola
2125 863 2247 894 noster
2265 861 2368 896 resti-

1276 901 1446 936 tuendam
1470 902 1645 947 probavit.
1682 903 1778 947 quod
1802 903 1832 938 si
1855 914 1927 939 non
1951 904 2003 939 ita
2026 904 2201 946 vendidit,
2226 908 2267 939 ut
2291 916 2367 940 cer-

1276 950 1353 981 tum
1385 947 1432 982 sit
1464 948 1666 983 omnimodo
1699 948 1796 993 apud
1829 959 1908 983 eum
1932 949 2085 994 pretium
2108 959 2370 994 remansurum,

1276 1003 1397 1027 verum
1422 992 1599 1037 obligatus
1624 996 1679 1028 est
1702 993 1749 1028 ad
1772 993 1809 1028 id
1832 994 2110 1036 restituendum,
2136 995 2292 1030 arbitror
2314 997 2367 1031 in-

1275 1037 1379 1072 terim
1403 1038 1545 1082 quidem
1569 1038 1656 1073 nihil
1681 1048 1703 1073 a
1727 1038 1887 1074 debitore
1910 1040 1982 1085 peti
2006 1050 2123 1085 posse,
2149 1040 2212 1075 sed
2231 1041 2269 1075 in
2290 1051 2369 1076 sus-

1276 1093 1388 1128 penso
1403 1083 1528 1118 haberi
1545 1083 1811 1119 liberationem:
1831 1095 1954 1120 verum
1975 1085 2004 1121 si
2025 1086 2167 1121 actione
2187 1096 2231 1120 ex
2251 1091 2368 1131 empto

1277 1132 1471 1163 conventus
1491 1129 1729 1173 praestitisset
1751 1129 1906 1165 creditor
1926 1131 2087 1176 emptori,
2109 1130 2267 1166 debitum
2288 1143 2369 1177 per-

1276 1174 1376 1253 ffiqui
1400 1184 1480 1209 eum
1503 1184 1526 1209 a
1549 1174 1711 1210 debitore
1734 1185 1860 1219 posse,
1895 1176 1979 1220 quia
2002 1176 2172 1221 apparuit
2195 1187 2268 1212 non
2293 1187 2371 1212 esse

1290 1219 1301 1252 i
1328 1222 1477 1255 eratum.

1324 1262 1374 1301 13
1400 1264 1457 1299 ΡΑ
1465 1274 1508 1300 Ul,
1516 1274 1560 1300 vs
1580 1264 1672 1300 libro
1689 1265 1813 1311 primo
1835 1264 2059 1301 decretorum
2109 1265 2283 1310 Creditor,
2309 1267 2371 1312 qui

1274 1309 1352 1344 iure
1375 1320 1441 1345 suo
1465 1309 1594 1355 pignus
1619 1310 1805 1352 distrahit,
1829 1310 1885 1345 ius
1910 1320 2014 1345 suum
2039 1311 2166 1347 cedere
2190 1312 2298 1348 debet
2323 1316 2368 1355 et,

1275 1355 1305 1390 si
1351 1355 1361 1389 i
1387 1365 1454 1390 nus
1473 1355 1644 1400 possidet,
1664 1356 1806 1390 tradere
1825 1356 1949 1400 utique
1967 1355 2075 1391 debet
2094 1358 2367 1402 possessionem.
2384 1399 2388 1402 ,

1324 1366 1385 1437 ff
1411 1399 1617 1436 Seuerou
1660 1401 1751 1436 libro
1784 1406 1891 1436 sexto
1926 1400 2173 1447 diqestorum⁷
2230 1404 2367 1438 Arbitri

1274 1444 1489 1481 dividundae
1508 1445 1716 1481 hereditatis
1735 1446 1828 1481 inter
1852 1447 2000 1482 heredes
2024 1457 2105 1482 cum
2131 1458 2283 1493 corpora
2306 1449 2368 1484 he-

1273 1490 1442 1526 reditaria
1465 1490 1686 1533 divisissent,
1711 1491 1855 1535 nomina
1879 1503 2020 1544 quoque
2044 1494 2283 1528 communium
2308 1494 2368 1529 de-

1274 1535 1429 1571 bitorum
1461 1536 1654 1581 separatim
1684 1535 1850 1572 diversa⁸
1873 1538 2019 1582 singulis
2050 1538 2087 1572 in
2119 1539 2271 1574 solidum
2303 1539 2367 1574 ad-

1274 1581 1514 1626 signaverunt.
1577 1582 1754 1616 uaesitum
1787 1585 1859 1624 est,
1893 1593 1940 1617 an
1963 1583 2208 1628 unusquisque
2233 1595 2367 1626 eorum,

1275 1626 1436 1662 debitore
1449 1626 1551 1662 sibia
1578 1626 1672 1662 dicto
1696 1631 1860 1662 cessante
1878 1627 1915 1662 in
1934 1628 2121 1670 solutione,
2143 1639 2208 1673 pro
2229 1629 2369 1665 solido⁹

1274 1672 1403 1717 pignus
1427 1672 1494 1707 sub
1520 1682 1562 1707 eo
1587 1671 1730 1708 nomine
1754 1672 1949 1717 obligatum
1974 1673 2125 1709 vendere
2148 1675 2273 1719 possit.
2310 1685 2366 1710 re-

1275 1717 1420 1762 spondit
1443 1717 1614 1762 potuisse.

1760 1811 1814 1848 VI
1827 1810 1865 1850 ¹⁰.

1342 1874 1508 1912 QUIBUS
1532 1875 1674 1908 MODIS
1699 1876 1868 1909 PIGNUS
1893 1876 1985 1909 VEL
2010 1877 2292 1911 HYPOTHECA

1680 1921 1909 1954 SOLVITUR
1923 1922 1960 1954 ¹¹.

1322 1985 1341 2023 1
1369 1985 1619 2023 Pipmmws
1639 1987 1730 2022 libro
1750 1988 1938 2024 undecimo
1958 1999 2214 2034 responsorum
2257 1990 2366 2026 Debi-

1273 2032 1361 2067 toris
1391 2032 1551 2068 absentis
1583 2033 1720 2068 amicus
1751 2033 1893 2078 negotia
1916 2034 2025 2078 gessit
2048 2038 2083 2069 et
2106 2035 2254 2080 pignora
2278 2036 2368 2071 citra

1274 2077 1488 2122 emptionem
1512 2078 1667 2123 pecunia
1690 2088 1758 2113 sua
1780 2078 1959 2114 liberavit:
1994 2079 2049 2114 ius
2080 2080 2270 2124 pristinum
2301 2081 2364 2116 do-

1273 2122 1368 2158 mino
1399 2123 1603 2158 restitutum
1633 2122 1785 2158 videtur.
1821 2123 1929 2168 igitur
1960 2124 2020 2169 qui
2043 2125 2224 2169 negotium
2247 2127 2365 2178 gessit,

1273 2168 1395 2203 utilem
1419 2167 1627 2203 Servianam
1651 2168 1729 2203 dari
1753 2168 1819 2203 sibi
1844 2179 1916 2204 non
1940 2173 2038 2205 recte
2069 2169 2302 2206 desiderabit:
2336 2171 2366 2206 si

1276 2215 1289 2247 1
1340 2216 1461 2248 tamen
1485 2213 1679 2257 possideat,
1705 2214 1915 2258 exceptione
1937 2214 2009 2250 doli
2026 2214 2238 2250 defenditur.
2276 2215 2364 2251 Cum

1272 2257 1434 2293 venditor
1465 2262 1651 2293 numerata
1682 2258 1750 2293 sibi
1783 2262 1887 2303 parte
1917 2259 2023 2304 pretii
2053 2260 2239 2305 praedium
2270 2261 2364 2306 quod

1272 2303 1432 2338 venierat
1461 2303 1600 2348 pignori
1631 2303 1832 2349 accepisset
1862 2314 1906 2339 ac
1930 2308 2057 2350 postea
2080 2305 2260 2341 residuum
2283 2316 2363 2351 pre-

1272 2348 1360 2382 tium
1380 2348 1531 2393 emptori
1550 2349 1677 2383 litteris
1697 2349 1744 2383 ad
1764 2359 1845 2384 eum
1865 2349 1981 2385 missis
2004 2350 2182 2393 donasset,
2209 2361 2322 2396 eoque
2336 2352 2363 2372 ¹²

1272 2393 1441 2428 defuncto
1476 2393 1704 2429 donationem
1729 2394 1942 2439 quibusdam
1965 2395 2079 2430 modis
2102 2395 2263 2431 inutilem
2286 2406 2364 2431 esse

1273 2439 1474 2473 constabat.
1510 2439 1588 2474 iure
1612 2439 1770 2483 pignoris
1794 2439 1920 2475 fiscum
1944 2439 2082 2475 frustra
2104 2444 2227 2491 petere
2257 2451 2361 2486 prae-

1272 2483 1387 2526 dium,
1413 2484 1474 2528 qui
1497 2488 1721 2519 successerat
1743 2484 1780 2519 in
1803 2485 1922 2520 locum
1945 2485 2156 2528 venditoris,
2182 2496 2228 2530 ap
2256 2486 2362 2528 aruit,

1274 2529 1376 2563 cuius
1408 2529 1566 2574 pignoris
1590 2529 1747 2564 solutum
1772 2539 1850 2565 esse
1873 2533 2019 2574 pactum
2043 2530 2158 2574 prima
2182 2541 2224 2565 vo
2240 2534 2363 2566 untate

1272 2573 1472 2609 donationis
1497 2574 1699 2617 constabat,
1725 2575 1892 2619 quoniam
1915 2575 2076 2609 inutilem
2099 2576 2273 2619 pecuniae
2297 2576 2360 2611 do-

1270 2619 1452 2654 nationem
1474 2619 1533 2653 lex
1555 2619 1653 2661 facit,
1679 2619 1736 2654 cui
1760 2630 1832 2654 non
1857 2623 1912 2654 est
1929 2620 2030 2654 locus
2049 2619 2087 2654 in
2106 2620 2254 2665 pignore
2273 2621 2361 2656 libe-

1271 2666 1291 2698 2
1338 2664 1464 2699 raudo.
1522 2663 1702 2700 Defensor
1737 2665 1895 2699 absentis
1932 2664 2133 2699 cautionem
2169 2665 2362 2701 iudicatum

1271 2708 1359 2744 solvi
1382 2709 1581 2753 praestitit:
1614 2709 1651 2744 in
1676 2709 1855 2744 dominum
1879 2709 2010 2744 iudicio
2034 2714 2163 2754 postea
2185 2711 2360 2746 translato

1270 2753 1496 2789 fideiussores
1530 2755 1575 2789 ob
1606 2765 1682 2789 rem
1714 2754 1908 2791 iudicatam
1939 2764 2030 2798 quos
2063 2754 2230 2791 defensor
2264 2756 2361 2791 dedit

1270 2808 1343 2833 non
1366 2799 1583 2834 tenebuntur
1606 2810 1672 2834 nec
1696 2799 1846 2844 pignora
1869 2809 1961 2844 quae
1984 2799 2169 2835 dederunt.

1317 2840 1342 2879 2
1378 2844 1501 2879 GAJUS
1528 2844 1620 2880 libro
1651 2855 1749 2879 nono
1785 2844 1835 2879 ad
1866 2844 2019 2879 edictum
2047 2845 2277 2891 provinciale
2323 2845 2360 2881 Si

1270 2888 1425 2924 creditor
1448 2888 1618 2924 Serviana
1649 2889 1790 2924 actione
1820 2888 1948 2934 pignus
1973 2900 1995 2924 a
2018 2900 2226 2934 possessore
2248 2891 2359 2935 petie-

1268 2933 1316 2967 rit
1339 2937 1375 2967 et
1397 2943 1584 2978 possessor
1606 2933 1677 2968 litis
1702 2934 1983 2970 aestimationem
2003 2935 2172 2970 obtulerit
2192 2939 2228 2970 et
2247 2936 2293 2970 ab
2315 2946 2357 2971 eo

1269 2977 1407 3013 debitor
1430 2989 1504 3014 rem
1526 2978 1700 3021 vindicet,
1725 2989 1798 3014 non
1822 2979 1925 3014 aliter
1948 2979 2017 3014 hoc
2040 2979 2160 3015 facere
2184 2980 2357 3016 concede-

1267 3027 1337 3064 tur,
1361 3023 1429 3058 nisi
1452 3024 1551 3068 prius
1575 3023 1607 3058 ei
1631 3023 1789 3059 debitum
1813 3024 1952 3059 offerat.

1314 3065 1338 3105 3
1379 3067 1575 3103 ULPJANUS
1606 3068 1698 3104 libro
1733 3073 1859 3105 octavo
1894 3070 2179 3116 disputationum
2227 3069 2265 3104 Si
2300 3080 2357 3105 res

1268 3112 1442 3148 distracta
1465 3112 1574 3148 fuerit
1596 3113 1667 3155 sic,
1692 3113 1760 3149 nisi
1782 3113 1878 3149 intra
1901 3119 2039 3149 certum
2064 3114 2153 3149 diem
2178 3115 2357 3150 meliorem

1268 3158 1512 3193 condicionem
1530 3158 1734 3201 invenisset,
1754 3158 1933 3211 fueritque
1952 3159 2084 3194 tradita
2105 3164 2140 3194 et
2151 3159 2244 3194 forte
2257 3171 2352 3203 emp-

1266 3206 1342 3245 tor,
1377 3207 1567 3247 antequam
1591 3203 1715 3239 melior
1739 3203 1900 3239 condicio
1926 3205 2130 3246 offerretur,
2158 3205 2251 3239 hanc
2283 3215 2356 3239 rem

1267 3248 1406 3292 pignori
1438 3247 1610 3290 dedisset,
1642 3248 1837 3284 Marcellus
1868 3249 1957 3284 libro
1991 3249 2114 3293 quinto
2140 3249 2355 3293 digestorum

1267 3293 1319 3327 ait
1352 3293 1445 3327 finiri
1479 3292 1627 3337 pignus,
1670 3293 1701 3329 si
1736 3294 1860 3329 melior
1894 3294 2055 3329 condicio
2089 3294 2199 3329 fuerit
2233 3293 2354 3344 allata²

1290 3347 1499 3382 uamquam,
1530 3337 1592 3372 ubi
1623 3338 1675 3374 sic
1705 3349 1765 3374 res
1798 3338 1971 3373 distracta
2003 3342 2074 3381 est,
2107 3339 2175 3373 nisi
2205 3342 2356 3382 emptori

1267 3348 1320 3417 dis
1348 3382 1516 3423 licuisset,
1540 3383 1668 3427 pignus
1692 3383 1787 3418 finiri
1810 3393 1882 3418 non
1905 3387 2019 3428 putet.
2171 3427 2178 3434 .
2345 3425 2353 3433 ·

1315 3393 1345 3463 X
1365 3426 1473 3462 IDEM
1499 3427 1589 3462 libro
1619 3429 1885 3474 septuaqesimo
1918 3429 2022 3463 tertio
2046 3427 2096 3462 ad
2117 3427 2269 3462 edwtum
2318 3425 2354 3460 Si

1268 3472 1426 3514 debitor,
1459 3472 1559 3507 cuius
1589 3483 1646 3508 res
1677 3473 1816 3517 pignori
1847 3473 2023 3517 obligatae
2054 3475 2174 3513 erant,
2214 3481 2353 3506 servum

1266 3594 1359 3615 versa
1372 3584 1434 3617 del.
1450 3585 1505 3628 (qfi
1521 3585 1540 3618 l.
1554 3593 1582 3619 11
1597 3586 1627 3619 Ιι.
1642 3587 1677 3626 ε.)
1772 3587 1817 3626 (9)
1842 3585 2000 3618 solvendo
2012 3586 2047 3618 F

1313 3630 1371 3667 (ιο)
1397 3628 1476 3662 Sub.
1493 3636 1520 3663 2.
1535 3635 1561 3664 3.
1576 3638 1602 3664 5.
1618 3638 1644 3664 τ.
1659 3638 1695 3670 83
1709 3631 1776 3664 Ed.
1791 3638 1818 3664 4.
1835 3638 1862 3664 a.
1878 3638 1913 3669 9:
1937 3631 2020 3672 Pap.
2034 3638 2056 3663 1.
2072 3636 2191 3668 10...13;
2205 3629 2292 3672 App.
2307 3636 2354 3664 ¹4.

1675 3677 1729 3717 (11)
1754 3675 1808 3707 vel
1819 3685 1886 3707 non
1902 3676 1979 3707 add.
1993 3675 2058 3707 ind.
2071 3674 2107 3706 F
2212 3678 2270 3714 (12)
2295 3685 2349 3707 eo-

1265 3718 1341 3758 que]
1356 3727 1393 3750 eo
1405 3731 1467 3751 scr.

2014 3773 2078 3806 34*
