2528 3918
97 138 283 178 QUANDO
313 137 374 168 DE
403 135 595 168 PECULIO
625 135 724 166 ACT.
754 135 917 166 ANNAL.
949 134 1029 165 EST

97 256 115 287 3
164 253 292 286 Servus
324 251 477 290 alienus,
510 258 590 283 cum
623 248 737 282 bonae
770 247 874 280 fidei¹
906 248 1052 281 serviret
1083 247 1177 288 mihi,

98 306 257 331 nummos
279 306 300 330 a
321 295 413 330 Titio
434 292 638 327 mutuatos²
663 291 745 326 mihi
765 292 870 330 dedit,
897 295 935 326 ut
955 303 1033 327 eum
1055 302 1177 326 manu-

98 343 280 381 mitterem,
306 343 341 375 et
368 337 569 373 manumisi:
597 337 750 372 creditor
775 338 978 380 quaerebat,
1005 347 1107 381 quem
1135 336 1179 371 de

98 387 235 432 peculio
261 383 471 420 conveniret.
510 382 593 422 dixi,
619 392 831 426 quamquam
857 382 1012 416 creditor
1036 382 1176 416 electio—

97 442 175 466 nem
199 431 286 465 alias
310 429 467 468 haberet,
493 432 610 462 tamen
634 428 670 461 in
719 427 876 471 roposito
902 427 1081 461 dominum
1102 437 1179 461 esse

97 474 373 511 conveniendum
406 477 440 507 et
473 483 552 507 eum
584 472 630 506 ad
654 482 696 506 ex
723 471 891 506 ibendum
915 482 1052 506 mecum
1077 476 1176 505 actu-

96 531 172 555 rum
196 519 369 564 pecuniae
393 518 552 558 nomine,
585 527 677 562 quae
700 517 767 561 ipsi
793 520 886 551 esset
910 516 1087 561 adquisita
1113 527 1178 551 nec

96 566 130 599 in
155 575 230 599 eam
256 574 400 598 causam
425 563 597 603 alienata,
623 572 714 606 quae
739 572 802 606 pro
828 562 943 606 capite
968 561 1057 596 servi
1081 562 1179 595 facta

95 613 366 655 proponeretur:
394 618 506 652 neque
532 608 623 642 enim
647 606 903 641 admittendum
929 617 1007 641 esse
1031 606 1176 641 distinc-

95 656 222 689 tionem
258 653 553 692 existimantium,
586 652 615 687 si
649 662 718 686 non
752 651 1014 693 manumittam,
1048 651 1178 686 domini

95 699 279 745 pecuniam
305 708 400 740 esse,
426 697 700 732 manumissione
725 707 804 731 vero
830 702 954 731 secuta
978 696 1086 731 videri
1112 707 1173 740 pe-

95 744 232 780 cuniam
258 754 300 778 ex
325 753 362 778 re
394 753 472 777 mea
504 742 701 786 quaesitam
734 742 837 782 mihi,
872 742 1037 786 quoniam
1068 742 1178 793 magis

118 793 237 833 ropter
267 799 341 823 rem
372 798 505 829 meam,
540 798 646 832 quam
678 797 722 821 ex
753 798 791 822 re
816 797 894 821 mea
918 787 1070 831 pecunia.
1093 786 1177 820 m1hi

118 838 249 868 aretur.

138 877 186 915 51
226 878 429 914 SCAEVOLA
462 878 552 912 libro
583 877 739 912 secundo
773 877 1018 921 quaestionum
1076 876 1179 920 Quod

94 924 242 959 debetur
267 934 366 958 servo
399 923 444 958 ab
478 922 673 962 extraneis,
708 922 826 966 agenti
858 922 902 956 (16
933 923 1073 966 peculio
1107 933 1178 956 non

93 969 292 1004 omnimodo
325 969 487 1003 dominus
521 968 566 1001 ad
599 967 831 1011 quantitatem
867 967 975 1001 debiti
1012 967 1177 1002 condem-

94 1014 232 1049 nandus
266 1018 338 1056 est,
371 1024 451 1048 cum
484 1016 519 1048 et
550 1018 711 1057 sumptus
735 1013 771 1046 in
795 1012 947 1056 petendo
974 1015 1008 1046 et
1032 1017 1178 1046 eventus

94 1059 329 1094 exsecutionis
365 1059 477 1103 possit
512 1068 589 1092 esse
624 1058 781 1092 incertus
825 1060 860 1092 et
903 1057 1091 1101 cogitanda
1133 1057 1178 1091 sit

95 1115 191 1139 mora
215 1104 382 1148 temporis
408 1103 502 1148 quod
528 1103 633 1137 datur
656 1102 840 1143 iudicatis,
874 1106 936 1136 aut
968 1102 1178 1137 venditionis

94 1151 284 1191 bonorum,
318 1149 348 1183 si
379 1149 414 1183 id
438 1148 547 1192 magis
571 1147 773 1182 faciendum
799 1148 874 1182 erit.
911 1158 993 1192 ergo
1019 1148 1048 1182 si
1072 1158 1177 1192 para-

93 1200 149 1229 tus
182 1195 228 1228 sit
259 1195 419 1229 actiones
452 1193 638 1234 mandare,
672 1193 886 1227 absolvetur.
936 1193 1029 1237 quod
1063 1193 1179 1227 enim³

93 1240 242 1280 dicitur,
268 1239 298 1274 si
323 1250 403 1274 cum
428 1249 498 1273 uno
524 1249 567 1273 ex
591 1238 696 1273 sociis
722 1243 865 1283 agatur,
892 1238 1094 1272 universum
1117 1248 1177 1282 pe-

94 1285 225 1320 culium
251 1284 528 1329 computandum
561 1284 644 1328 quia
675 1283 722 1317 sit
755 1294 834 1317 cum
867 1284 963 1318 socio
997 1284 1110 1323 actio,
1142 1283 1178 1317 in

93 1330 215 1365 eodem
227 1331 238 1348 ⁴
264 1330 411 1370 redibit,
437 1329 466 1364 si
491 1329 649 1363 actiones
674 1332 821 1372 paratus
847 1329 892 1363 sit
915 1332 1117 1372 praestare:
1144 1332 1180 1363 et

92 1376 127 1409 in
152 1376 334 1415 omnibus,
360 1385 448 1419 quos
472 1374 603 1408 idcirco
628 1373 741 1408 teneri
766 1373 915 1408 dicimus
940 1374 1023 1418 quia
1047 1374 1180 1408 habent

93 1421 279 1461 actionem,
306 1420 476 1464 delegatio
502 1429 566 1463 pro
591 1419 687 1453 iusta
710 1419 952 1462 praestatione
977 1420 1063 1453 est⁵.

138 1463 190 1502 52
216 1465 374 1500 Panas
410 1465 499 1499 libro
531 1468 662 1509 quarto
694 1465 941 1508 quaestionum
989 1464 1046 1498 Ex
1080 1464 1178 1499 facto

93 1511 290 1555 quaeritur:
317 1510 376 1555 qui
396 1510 543 1544 tutelam
565 1509 667 1553 quasi
687 1509 777 1543 liber
796 1509 1078 1550 administrabat,
1104 1519 1178 1544 ser-

94 1567 155 1590 vus
180 1556 429 1600 pronuntiatus
454 1558 518 1589 est.
556 1565 602 1588 an
634 1554 663 1588 si
695 1554 927 1589 conveniatur
959 1554 1033 1589 eius
1066 1554 1178 1589 domi-

94 1612 159 1636 nus
184 1612 205 1636 a
229 1601 381 1646 pupillo,
417 1600 516 1634 cuius
541 1599 680 1643 quidem
705 1599 878 1643 potiorem
904 1609 1048 1634 causam
1073 1611 1180 1644 quam

94 1647 306 1681 creditorum
332 1650 529 1681 'ceterorum
550 1644 640 1679 servi
661 1644 861 1679 habendam
881 1645 1093 1689 rescriptum
1114 1649 1177 1686 est,

93 1702 138 1726 an
164 1691 215 1726 vel
239 1691 275 1726 id
299 1691 496 1725 deducatur
520 1701 562 1724 ex
587 1690 744 1733 peculio,
778 1689 872 1734 quod
905 1689 1046 1725 domino
1072 1690 1178 1724 debe-

93 1738 176 1771 tur?
211 1740 246 1770 et
270 1736 298 1770 si
318 1736 496 1780 putaveris
516 1745 620 1779 posse
641 1734 778 1775 deduci,
803 1745 848 1768 an
872 1735 1022 1776 intersit,
1048 1739 1178 1776 utrum,

94 1793 172 1816 cum
197 1782 313 1816 adhuc
338 1782 373 1815 in
397 1781 560 1815 libertate
585 1784 713 1824 ageret,
741 1780 872 1814 domini
897 1780 1037 1815 debitor
1059 1780 1178 1815 factus

94 1831 158 1867 es't,
184 1837 229 1861 an
254 1827 403 1871 postea?
439 1830 474 1860 et
505 1836 551 1859 an
584 1825 626 1859 de
659 1825 798 1869 peculio
830 1825 1004 1869 impuberi
1037 1835 1178 1870 compe-

93 1873 170 1906 tat?
206 1871 373 1916 respondi
396 1871 530 1905 nullum
556 1870 772 1915 privilegium
798 1870 969 1915 praeponi
1001 1871 1094 1915 patri
1125 1871 1180 1906 vel

94 1917 232 1952 domino
259 1921 393 1961 potest,
420 1927 499 1951 cum
524 1926 566 1950 ex
591 1926 744 1960 persona
768 1916 830 1949 filii
854 1916 908 1950 vel
934 1916 1024 1950 servi
1050 1916 1094 1951 de
1117 1927 1178 1961 pe-

94 1962 185 1997 culio
211 1962 475 1997 conveniuntur.
514 1961 618 2005 plane
643 1961 678 1995 in
704 1961 829 1995 ceteris
855 1961 1089 1996 creditoribus
1114 1962 1178 1996 ha-

95 2007 208 2042 benda
231 2010 285 2042 est
308 2007 398 2041 ratio
424 2006 702 2050 privilegiorum:
729 2006 813 2050 quid
838 2006 928 2041 enim
949 2006 980 2041 si
1000 2007 1092 2041 filius
1115 2007 1177 2041 do-

93 2057 163 2087 tem
188 2052 344 2096 accepit,
377 2052 524 2086 tutelam
550 2051 830 2085 administravit?
866 2052 990 2086 merito
1014 2051 1120 2096 igitur
1144 2055 1180 2086 et

94 2098 127 2131 in
153 2108 272 2134 servo.
306 2097 365 2141 qui
390 2107 453 2141 pro
478 2100 596 2130 tutore
621 2096 707 2140 egit,
741 2095 777 2130 id
800 2096 910 2130 rescn'
938 2101 1013 2131 tum
1038 2102 1110 2137 est,
1144 2100 1180 2131 et

94 2143 177 2187 quia
209 2142 418 2186 occupantis
450 2142 571 2176 melior
603 2142 694 2175 solet
726 2151 802 2175 esse
835 2152 902 2176 con
928 2142 1017 2183 icio,
1050 2143 1179 2186 quam⁶

95 2192 292 2222 ceterorum
324 2187 540 2221 inhibebitur
571 2186 676 2221 actio.
713 2187 818 2230 plane
850 2186 878 2221 si
912 2196 954 2221 ex
987 2197 1024 2221 re
1055 2187 1180 2232 pupilli

94 2233 236 2267 nomina
260 2232 345 2266 fecit
369 2232 420 2266 vel
445 2231 632 2276 pecuniam
655 2232 691 2265 in
716 2241 801 2266 arca
822 2232 996 2276 deposuit,
1022 2232 1127 2266 datur
1148 2231 1179 2266 ei

94 2278 282 2312 vindicatio
327 2287 547 2311 nummorum
592 2280 626 2310 et
666 2276 834 2311 adversus
870 2277 1048 2312 debitores
1083 2278 1179 2312 utilis

95 2324 209 2363 actio,
243 2323 376 2357 scilicet
400 2322 429 2356 si
453 2332 614 2356 nummos
647 2326 964 2366 consumpserunt:
998 2322 1061 2364 hic,
1089 2324 1180 2357 enim

95 2368 249 2403 alienare
282 2378 341 2402 eos
374 2378 445 2402 non
476 2368 612 2411 potuit:
651 2367 744 2411 quod
778 2371 813 2401 et
846 2367 881 2401 in
914 2368 1036 2411 quovis
1061 2371 1180 2402 tutore

95 2412 281 2447 dicendum
306 2417 369 2447 est.
407 2423 471 2447 nec
495 2416 612 2446 tamen
637 2412 808 2447 interesse
827 2416 925 2456 puto,
950 2413 1091 2457 quando
1116 2413 1178 2448 do-

94 2458 188 2492 mino
213 2458 340 2492 debere
365 2458 498 2502 coepit,
531 2462 649 2492 utrum
674 2468 754 2492 cum
778 2457 813 2491 in
840 2457 1012 2492 libertatis
1036 2468 1177 2502 posses-

95 2504 194 2538 sione
224 2506 318 2538 esset
349 2514 395 2537 an
427 2506 568 2547 postea:
603 2512 683 2536 nam
716 2506 751 2536 et
775 2502 804 2537 si
829 2502 911 2536 Titii
938 2513 1037 2537 servo
1064 2503 1177 2537 credi-

95 2549 178 2583 dero
204 2549 348 2592 eiusque
371 2548 533 2582 dominus
566 2557 644 2582 esse
676 2557 845 2591 coeper0‚
878 2547 1051 2582 deducam
1083 2548 1178 2593 quod

95 2594 191 2638 prius
217 2593 359 2634 credidi,
385 2593 414 2627 si
440 2592 618 2628 conveniri
642 2592 685 2626 de
710 2592 848 2636 peculio
874 2603 1024 2637 coepero
1036 2594 1059 2627 ⁷.
1093 2593 1177 2637 quid

95 2649 176 2683 ergo
203 2639 280 2673 est?
316 2638 399 2683 quia
423 2638 467 2672 de
491 2638 629 2682 peculio
655 2638 748 2672 actio
784 2637 922 2679 deficit,
955 2638 1049 2673 utilis
1082 2639 1176 2673 actio

95 2684 129 2717 in
155 2683 333 2718 dominum
358 2683 460 2727 quasi
484 2683 615 2717 tutelae
640 2682 781 2716 danda*³
805 2683 887 2724 erit,
921 2687 961 2717 ut
991 2684 1086 2728 quod
1120 2684 1178 2718 ille

96 2739 157 2773 pro
194 2729 406 2772 patrimonio
442 2728 585 2769 habuit,
622 2728 797 2772 peculium
835 2738 911 2762 esse
943 2728 1176 2773 intellegatur.

99 2777 111 2808 1
163 2773 199 2808 Si
224 2773 287 2808 dos
311 2773 382 2808 filio
406 2773 559 2807 familias
585 2774 630 2807 sit
654 2773 737 2806 data
763 2773 814 2807 vel
839 2773 985 2807 tutelam
1010 2774 1177 2808 adminis-

95 2819 257 2859 traverit,
290 2819 455 2853 habenda
487 2818 553 2852 erit
577 2818 668 2852 ratio
693 2818 953 2862 privilegiorum
978 2819 1012 2852 in
1038 2820 1178 2854 actione

96 2864 138 2898 de
170 2864 308 2907 peculio
341 2864 450 2897 dilata
480 2864 620 2897 interim
655 2866 852 2898 ceterorum
877 2863 1093 2899 creditorum
1118 2875 1177 2899 ac-

95 2909 190 2943 tione
215 2909 267 2943 vel
298 2908 507 2953 interposita
539 2908 720 2948 cautione,
755 2908 784 2942 si
816 2909 949 2952 priores
981 2913 1088 2953 agant
1119 2909 1178 2954 qui

96 2953 310 2997 privilegium
343 2964 412 2988 non
447 2953 597 2991 habent,
631 2953 833 2987 restitutum
866 2953 932 2987 iri⁹
957 2954 1051 2998 quod
1076 2965 1177 2989 acce-

95 3002 232 3042 perunt,
259 2998 288 3033 si
311 2998 484 3032 inferatur
506 3002 631 3042 postea
655 3009 734 3032 cum
758 3002 859 3042 patre
882 2999 975 3033 actio
998 2999 1176 3043 privilegii.

141 3041 192 3080 53
220 3044 326 3077 IDEM
351 3044 440 3078 libro
472 3044 658 3078 undecimo
691 3044 939 3087 quaestionum
988 3044 1023 3078 Si
1056 3045 1178 3079 Sticho

97 3089 273 3132 peculium
309 3099 388 3123 cum
424 3088 730 3123 manumitteretur
766 3088 970 3132 ademptum
1006 3101 1076 3124 non
1113 3094 1178 3131 est,

96 3133 234 3167 videtur
267 3144 493 3168 concessum:
532 3133 708 3167 debitores
742 3137 860 3167 autem
892 3135 1078 3170 convenire
1111 3135 1179 3169 nisi

97 3178 272 3213 mandatis
297 3179 364 3212 sibi
388 3179 588 3213 actionibus
614 3189 684 3212 non
709 3182 836 3222 potest.

143 3222 195 3259 54
220 3222 421 3258 SOAEVOLA
444 3223 534 3258 libro
550 3224 671 3268 primo
693 3234 943 3268 responsorum
959 3225 985 3243 ¹⁰
1020 3223 1109 3258 Filio
1122 3224 1177 3258 fa-

97 3268 208 3302 milias
244 3268 304 3303 uni
336 3279 378 3303 ex
410 3268 598 3303 heredibus
631 3268 777 3313 praedia
807 3268 1021 3312 praelegavit
1053 3272 1092 3302 ut
1124 3269 1177 3302 in-

97 3317 233 3347 structa
257 3317 358 3348 erant
382 3324 461 3348 cum
487 3313 612 3348 servis:
647 3313 681 3347 hi
713 3313 804 3348 servi
835 3313 967 3347 domini
1000 3313 1177 3348 debitores

97 3358 255 3392 fuerunt:
290 3359 488 3403 quaesitum
514 3362 584 3398 est,
617 3368 661 3392 an
688 3358 814 3392 ceteris
838 3358 1028 3392 heredibus
1054 3359 1177 3393 adver-

98 3413 157 3437 sus
190 3412 268 3437 eum
300 3404 393 3438 actio
425 3403 468 3438 de
499 3403 638 3448 peculio
664 3407 853 3447 competat.
890 3403 1075 3447 respondit
1107 3414 1179 3438 non

99 3452 310 3491 competere.

144 3492 196 3529 55
223 3492 425 3528 Nrfflmos
453 3493 543 3528 libro
571 3494 693 3538 primo
727 3503 981 3538 responsorum
1028 3493 1062 3527 ls
1099 3503 1178 3528 cum

101 3598 139 3634 (1)
163 3594 251 3626 bona
263 3595 325 3626 fide
340 3596 411 3627 edd.
527 3598 570 3636 (2)
598 3599 769 3627 mutuatus
781 3608 844 3629 scr.

101 3642 142 3678 (4)
170 3640 204 3671 in
218 3651 255 3671 eo
270 3640 386 3671 eodem
399 3652 460 3672 scr.
550 3642 592 3681 (5)
618 3641 663 3671 sit
673 3641 716 3672 F¹
808 3643 851 3682 (6)
877 3651 973 3681 quam
990 3641 1051 3672 del.
1066 3641 1180 3671 Keller

102 3686 143 3721 (ἵ)
169 3685 208 3716 (16
229 3684 360 3725 peculio
373 3688 482 3716 autem
497 3686 584 3716 actio
598 3686 762 3726 impuberi
778 3696 844 3716 non
858 3685 1018 3726 competit
1031 3684 1082 3716 vel
1092 3686 1177 3716 simi-

102 3730 148 3762 lia
160 3731 347 3762 exciderunt
479 3731 524 3770 (8)
549 3730 672 3770 danda]
686 3730 728 3761 da
740 3730 774 3761 F
907 3734 951 3771 (9)
976 3729 1139 3762 restituiri
1152 3729 1185 3760 F

948 3598 989 3636 (3)
1015 3596 1101 3627 enim
1117 3595 1178 3627 del.

1165 121 1239 166 201

2150 117 2227 164 XV
2260 121 2334 163 1.2

1249 256 1317 290 quo
1344 247 1386 280 de
1411 246 1548 290 peculio
1575 251 1721 288 agebam
1747 257 1768 279 a
1793 252 1828 279 te
1851 246 1884 280 vi
1917 251 2100 297 exemptus
2134 250 2205 279 est:
2240 247 2334 290 quod

1249 296 1334 325 tunc
1360 301 1440 325 cum
1465 290 1496 324 vi
1522 290 1691 324 eximeres
1716 290 1750 324 in
1776 291 1913 334 peculio
1939 290 2056 331 fuerit,
2082 290 2248 335 spectari.

1294 334 1346 372 56
1372 335 1427 370 ΡΑ
1436 344 1530 370 ULUS
1547 335 1637 369 libro
1657 336 1813 369 secundo
1834 336 1883 369 ad
1904 335 2090 370 Neratium
2137 335 2241 380 Quod
2261 346 2334 370 ser-

1249 392 1311 416 vus
1336 391 1434 415 meus
1459 391 1522 425 pro
1549 379 1708 414 debitore
1732 390 1808 414 meo
1834 381 1917 414 mihi
1943 382 2164 425 expromisit,
2198 391 2242 416 ex
2300 392 2335 416 e·

1248 427 1340 461 culio
1373 425 1498 460 deduci
1531 425 1636 459 debet
1668 428 1703 459 et
1727 434 1748 458 a
1772 425 1931 460 debitore
1955 426 2062 461 nihilo
2090 427 2204 461 minus
2229 426 2272 461 de
2300 436 2335 461 e·

1248 477 1306 506 tur
1319 473 1356 506 ¹¹.
1394 470 1457 506 sed
1482 469 1672 512 videamus,
1699 480 1742 504 ne
1763 469 1978 504 credendum
1998 471 2044 505 sit
2064 472 2241 515 peculiare
2261 471 2336 506 fieri

1248 526 1373 551 nomen
1397 516 1482 556 eius,
1509 526 1573 560 pro
1593 525 1662 559 quo
1685 515 1941 558 expromissum
1963 520 2025 550 est.
2075 516 2241 552 Faunus:
2267 516 2335 551 uti-

1248 571 1315 606 que
1338 561 1369 596 si
1393 561 1436 596 de
1460 561 1599 605 peculio
1626 564 1751 604 agente
1776 560 1894 604 aliquo
1920 559 2096 596 deducere
2120 562 2221 604 velit,
2247 561 2336 597 illud

1248 617 1374 641 nomen
1426 606 1579 640 eculiare
1602 605 1700 639 facit.

1294 649 1345 687 57
1404 659 1652 686 RYPHONINUS
1682 650 1773 684 libro
1809 655 1934 685 octavo
1967 650 2249 696 disputationum
2298 651 2336 686 Si

1249 697 1340 731 tilius
1373 696 1424 731 vel
1451 706 1593 737 servus,
1627 695 1727 729 cuius
1753 695 1894 729 nomine
1919 695 2105 730 dumtaxat
2129 697 2172 731 de
2222 697 2334 732 eculio

1248 746 1367 776 actum
1392 746 1455 782 est,
1481 747 1564 775 ante
1588 741 1725 775 finitum
1750 740 1918 774 iudicium
1942 740 2144 782 decessem't,
2168 742 2179 775 i
2252 752 2334 777 ecu-

1248 787 1331 821 lium
1357 786 1576 830 respicietur,
1603 785 1698 830 quod
1723 785 1847 829 aliquis
1873 795 1995 819 eorum
2017 796 2096 820 cum
2118 787 2226 821 morie
2254 791 2336 821 atur

1252 835 1262 865 1
1316 832 1450 866 habuit.
1500 831 1570 866 Sed
1595 842 1684 871 eum,
1711 830 1771 875 qui
1795 840 1934 865 servum
1956 834 2165 866 testamento
2187 831 2335 866 liberum

1248 887 1326 911 esse
1349 877 1447 911 iubet
1473 880 1507 911 et
1532 876 1562 911 ei
1588 875 1764 920 peculium
1788 875 1901 919 legat,
1935 876 2009 910 eius
2035 877 2201 920 temporis
2227 887 2335 921 pecu-

1248 922 1331 956 lium
1367 922 1482 965 legare
1517 921 1669 965 intellegi
1706 921 1863 955 Iulianus
1899 921 2041 962 scribit,
2085 931 2154 965 quo
2192 922 2335 956 libertas

1249 967 1435 1011 competit:
1470 966 1620 1011 ideoque
1655 966 1773 1000 omnia
1797 965 2016 1000 incrementa
2040 965 2167 1010 peculii
2194 977 2334 1011 quoquo

1249 1012 1353 1047 modo
1386 1017 1469 1046 ante
1501 1012 1634 1046 aditam
1667 1011 1900 1046 hereditatem
1933 1011 2110 1055 adquisita
2142 1011 2188 1045 ad
2212 1022 2335 1046 manu-

1250 1061 1267 1091 2
1316 1057 1460 1091 missum
1494 1057 1680 1101 pertinere.
1729 1058 1778 1090 At
1809 1056 1838 1090 si
1863 1057 1941 1100 quis
1967 1061 2134 1091 extraneo
2160 1057 2336 1100 peculium

1248 1102 1337 1137 servi
1374 1102 1560 1147 legaverit,
1603 1102 1638 1136 in
1682 1101 1887 1137 coniectura
1927 1101 2119 1136 voluntatis
2155 1103 2336 1137 testatoris

1249 1148 1493 1192 quaestionem
1529 1158 1624 1188 esse,
1662 1151 1697 1181 et
1732 1147 1962 1181 verosimilius
1999 1157 2076 1182 esse
2112 1146 2148 1180 id
2183 1147 2337 1191 legatum

1249 1193 1344 1237 quod
1369 1193 1491 1227 mortis
1516 1197 1675 1237 tempore
1698 1192 1735 1226 in
1768 1192 1905 1236 peculio
1938 1192 2044 1226 fuerit
2075 1192 2144 1233 ita,
2177 1195 2216 1226 ut
2247 1202 2338 1236 quae

1249 1249 1292 1273 ex
1324 1238 1429 1273 rebus
1462 1237 1701 1282 peculiaribus
1734 1240 1818 1271 ante
1850 1237 1982 1271 aditam
2014 1237 2244 1272 hereditatem
2278 1247 2336 1272 ac-

1250 1284 1421 1318 cesserint
1444 1283 1651 1324 debeantur,
1676 1282 1783 1317 veluti
1808 1286 1932 1327 partus
1958 1283 2166 1317 ancillarum
2190 1286 2224 1317 et
2243 1282 2337 1317 fetus

1250 1328 1437 1372 pecudum,
1462 1339 1554 1373 quae
1578 1332 1697 1362 autem
1721 1338 1821 1362 servo
1847 1328 1979 1362 donata
2003 1327 2135 1362 fuerint
2159 1328 2232 1362 sive
2253 1327 2338 1372 quid

1250 1385 1293 1408 ex
1318 1374 1434 1418 operis
1468 1374 1541 1409 suis
1575 1373 1800 1418 adquisierit,
1838 1372 1883 1407 ad
1915 1372 2124 1417 legatarium
2155 1383 2227 1407 non
2257 1383 2336 1417 per-

1249 1419 1371 1453 tinere.

1296 1461 1348 1501 58
1374 1464 1577 1500 SGAEVOLA
1610 1464 1701 1499 libro
1735 1464 1861 1508 quinto
1894 1463 2155 1509 diqestorum¹²
2203 1462 2270 1499 Uni
2295 1474 2338 1498 ex

1251 1509 1438 1545 heredibus
1463 1509 1609 1554 praedia
1634 1509 1760 1553 legavit
1785 1512 1823 1542 ut
1846 1509 2022 1543 instructa
2042 1512 2145 1542 erant
2164 1519 2243 1543 cum
2265 1519 2337 1543 ser-

1251 1556 1301 1589 vis
1326 1559 1361 1590 et
1386 1555 1512 1590 ceteris
1546 1555 1651 1589 rebus
1685 1558 1719 1588 et
1750 1553 1921 1598 quidquid
1952 1554 2001 1588 ibi
2032 1557 2145 1588 esset:
2179 1554 2215 1588 hi
2248 1553 2338 1588 servi

1250 1600 1391 1635 domino
1424 1599 1601 1634 debitores
1633 1599 1780 1633 fuerunt
1812 1602 1884 1633 tam
1918 1609 1961 1634 ex
1986 1599 2063 1633 aliis
2089 1599 2206 1634 causis
2232 1609 2338 1643 quam

1251 1656 1293 1679 ex
1317 1646 1455 1680 ratione
1480 1644 1696 1680 kalendarii:
1730 1645 1931 1688 quaesitum
1956 1648 2029 1686 est,
2054 1655 2100 1679 an
2127 1644 2251 1679 ceteris
2277 1644 2336 1679 116,

1250 1691 1393 1725 redibus
1427 1691 1596 1725 adversus
1629 1699 1708 1724 eum
1733 1690 1905 1734 pecuniae
1930 1689 1975 1724 ab
2000 1690 2055 1724 his
2080 1689 2220 1724 debitae
2244 1689 2337 1724 actio

1249 1736 1293 1770 de
1317 1736 1455 1780 peculio
1482 1735 1662 1780 competit.
1699 1735 1885 1779 respondit
1908 1745 1980 1770 non
2005 1738 2215 1780 competere.

1736 1829 1774 1866 11
1787 1827 1826 1867 ¹³.

1294 1894 1479 1930 QUANDO
1504 1894 1565 1926 DE
1590 1893 1787 1926 PECULIO
1812 1893 1944 1926 ACTIO
1970 1894 2170 1926 ANNALIS
2195 1893 2290 1926 EST.

1300 1959 1315 1997 1
1340 1960 1534 1995 [ΙιΡΙΑΝυε
1551 1960 1641 1995 libro
1661 1961 1851 1995 vicensimo
1873 1971 1967 1995 nono
1981 1960 2030 1995 ad
2041 1960 2193 1995 edictum
2230 1961 2337 1996 Prae-

1249 2010 1307 2040 tor
1331 2006 1399 2040 ait:
1425 2006 1525 2041 ‘Post
1549 2011 1697 2040 mortem
1723 2006 1798 2040 eius
1824 2005 1882 2050 qui
1915 2006 1950 2039 in
1983 2006 2128 2040 alterius
2161 2011 2338 2050 potestate

1250 2051 1386 2092 ‘fuerit‚
1420 2055 1586 2095 posteave
1618 2061 1723 2095 quam
1757 2051 1785 2085 is
1819 2050 2063 2095 emancipatus
2100 2051 2337 2086 manumissus

1249 2097 1480 2131 ‘alienatusve
1512 2096 1638 2137 fuerit,
1670 2096 1856 2130 dumtaxat
1888 2095 1931 2130 de
1962 2096 2100 2140 peculio
2131 2100 2166 2130 et
2199 2096 2228 2130 si
2253 2096 2337 2140 quid

1249 2141 1342 2176 ‘dolo
1375 2141 1467 2176 malo
1494 2141 1568 2175 eius
1593 2141 1629 2175 in
1654 2141 1755 2175 cuius
1780 2145 1958 2193 potestate
1983 2145 2037 2176 est
2051 2142 2077 2162 ¹⁴²
2101 2142 2235 2176 factum
2261 2142 2337 2182 erit,

1249 2191 1330 2231 ‘quo
1356 2187 1471 2221 minus
1496 2186 1624 2230 peculii
1650 2191 1753 2228 esset,
1779 2197 1814 2220 in
1839 2197 1945 2227 anno,
1971 2197 2040 2230 quo
2086 2186 2210 2220 rimum
2232 2186 2276 2220 de
2295 2197 2338 2221 ea

1253 2235 1264 2265 1
1318 2236 1366 2266 ‘re
1380 2231 1586 2276 experiundi
1600 2235 1757 2275 potestas
1772 2231 1847 2272 erit,
1874 2231 2042 2265 iudicium
2079 2232 2170 2266 abo'.
2206 2232 2336 2275 Quam·

1249 2277 1308 2312 diu
1332 2287 1455 2312 servus
1480 2277 1533 2311 vel
1559 2277 1649 2310 filius
1674 2276 1709 2310 in
1731 2280 1909 2321 potestate
1931 2282 1995 2317 est,
2021 2277 2065 2311 de
2086 2277 2223 2321 peculio
2243 2277 2336 2311 actio

1249 2326 1423 2367 perpetua
1448 2326 1520 2356 est:
1547 2325 1628 2366 post
1652 2326 1801 2356 mortem
1826 2325 1944 2356 autem
1970 2322 2043 2356 eius
2069 2322 2121 2356 vel
2147 2327 2335 2366 postquam

1250 2368 1494 2411 emancipatus
1527 2367 1764 2401 manumissus
1790 2367 2007 2401 alienatusve
2038 2367 2165 2408 fuerit,
2199 2371 2336 2411 tempo-

1250 2416 1268 2446 2
1317 2413 1412 2447 raria
1437 2422 1513 2447 esse
1537 2412 1680 2456 incipit,
1711 2412 1748 2446 id
1779 2416 1833 2446 est
1864 2412 2012 2446 annalis.
2061 2414 2187 2446 Annus
2219 2417 2337 2446 autem

1249 2458 1344 2492 utilis
1370 2457 1653 2502 computabitur:
1687 2461 1722 2491 et
1753 2457 1832 2491 ideo
1860 2458 1935 2491 et¹⁵
1959 2457 1988 2490 si
2013 2457 2266 2492 condicionalis
2292 2458 2338 2491 sit

1250 2503 1428 2547 obligatio,
1454 2502 1613 2537 lulianus
1634 2502 1775 2546 scripsit
1801 2513 1842 2536 ex
1868 2512 1908 2536 eo
1923 2503 1950 2522 ¹⁶
1975 2502 2252 2545 computandum
2273 2513 2335 2537 an-

1250 2559 1351 2590 num,
1386 2558 1457 2582 non
1482 2558 1524 2582 ex
1549 2558 1618 2592 quo
1644 2548 1887 2591 emancipatus
1913 2551 1983 2588 est,
2017 2547 2078 2581 sed
2103 2557 2144 2581 ex
2169 2558 2239 2591 quo
2264 2547 2337 2592 peti

1250 2597 1268 2627 3
1316 2593 1432 2637 potuit
1466 2593 1675 2627 condicione
1699 2592 1882 2626 existente.
1931 2591 2059 2626 Merito
2098 2596 2216 2626 autem
2247 2597 2335 2626 tem-

1250 2638 1426 2682 porariam
1451 2638 1486 2672 in
1511 2638 1579 2672 hoc
1614 2647 1699 2671 casu
1732 2638 1817 2671 fecit
1849 2640 1993 2681 praetor
2023 2637 2219 2672 actionem:
2254 2648 2335 2672 nam

1250 2695 1329 2718 cum
1354 2687 1465 2718 morte
1490 2683 1542 2717 vel
1568 2683 1781 2716 alienatione
1805 2682 2021 2725 extinguitur
2046 2682 2235 2726 peculium,
2261 2683 2334 2717 suf-

1250 2732 1268 2762 4
1317 2728 1460 2762 ficiebat
1472 2738 1585 2772 usque
1599 2727 1643 2762 ad
1654 2726 2214 2771 annumproduciobligationem.
2240 2728 2335 2763 Alie-

1249 2774 1345 2808 natio
1371 2777 1490 2807 autem
1516 2777 1550 2807 et
1575 2772 1802 2806 manumissio
1828 2772 1874 2806 ad
1907 2782 2027 2806 servos
2059 2772 2231 2816 pertinet,
2265 2784 2335 2808 non

1249 2819 1293 2853 ad
1326 2819 1436 2859 filios,
1470 2828 1564 2852 mors
1590 2821 1708 2851 autem
1732 2821 1805 2851 tam
1829 2817 1874 2851 ad
1899 2827 2018 2851 servos
2044 2828 2150 2861 quam
2175 2817 2220 2852 ad
2245 2818 2335 2852 filios

1248 2865 1409 2904 refertur,
1435 2862 1670 2907 emancipatio
1695 2872 1776 2896 vero
1802 2862 1848 2896 ad
1872 2862 1986 2896 solum
2010 2862 2129 2898 filium.
2168 2862 2231 2897 sed
2250 2867 2286 2897 et
2305 2863 2335 2897 si

1249 2909 1316 2943 alio
1349 2908 1453 2942 modo
1495 2908 1571 2942 sine
1604 2907 1887 2951 emancipatione
1917 2906 2061 2941 desierit
2093 2918 2170 2942 esse
2201 2907 2236 2942 in
2271 2919 2333 2952 po-

1248 2958 1393 2995 testate,
1429 2953 1566 2987 annalis
1599 2952 1666 2987 erit
1705 2952 1808 2987 actio.
1855 2951 1918 2987 sed
1950 2955 1985 2987 et
2016 2953 2045 2987 si
2079 2957 2191 2987 morte
2223 2953 2334 2997 patris

1249 2999 1300 3033 vel
1334 2998 1578 3042 deportatione
1613 2997 1667 3031 sui
1702 2997 1787 3031 iuris
1818 2997 1925 3031 fuerit
1958 2997 2104 3032 effectus
2141 2998 2254 3038 filius,
2292 2998 2334 3032 de

1248 3044 1384 3088 peculio
1421 3043 1515 3076 intra
1550 3053 1683 3076 annum
1719 3043 1821 3077 heres
1857 3042 1969 3086 patris
2004 3043 2056 3077 vel
2092 3043 2200 3077 fiscus
2236 3047 2332 3077 tene·

1248 3093 1266 3123 5
1316 3089 1457 3122 buntur.
1509 3088 1548 3121 In
1592 3087 1804 3121 alienatione
1847 3087 2023 3131 accipitur
2058 3088 2179 3132 utique
2214 3087 2332 3122 vendi-

1247 3139 1322 3175 tor,
1357 3133 1416 3177 qui
1448 3133 1587 3167 actione
1621 3132 1663 3166 de
1700 3132 1839 3177 peculio
1879 3133 1973 3166 intra
2008 3143 2138 3167 annum
2175 3136 2331 3167 tenetur:

1249 3183 1268 3214 6
1316 3178 1378 3213 sed
1412 3182 1446 3211 et
1479 3178 1507 3211 si
1541 3177 1684 3211 donavit
1715 3188 1853 3212 servum
1886 3177 1939 3211 vel
1969 3178 2181 3222 permutavit
2212 3177 2265 3211 vel
2297 3177 2332 3210 in

1249 3227 1266 3257 7
1316 3223 1432 3258 dotem
1457 3222 1563 3260 dedit,
1589 3222 1624 3256 in
1646 3222 1768 3256 eadem
1790 3232 1900 3257 causa
1921 3227 1991 3257 est:
2017 3223 2100 3257 item
2122 3223 2223 3256 heres
2245 3221 2331 3261 eius,

1248 3269 1307 3313 qui
1338 3278 1476 3302 servum
1509 3267 1636 3311 legavit
1669 3278 1741 3302 non
1773 3278 1853 3302 cum
1884 3267 2033 3311 peculio.
2079 3278 2158 3301 nam
2191 3266 2219 3301 si
2252 3277 2331 3300 cum

1249 3313 1386 3358 peculio
1412 3312 1465 3346 vel
1489 3312 1616 3356 legavit
1639 3312 1693 3346 vel
1717 3312 1866 3347 liberum
1891 3322 1969 3347 esse
2000 3312 2120 3352 iussit,
2154 3311 2329 3354 quaestio-

1249 3359 1302 3392 nis
1334 3357 1418 3391 fuit:
1454 3360 1489 3391 et
1521 3357 1604 3391 mihi
1635 3357 1751 3392 verius
1783 3357 1922 3391 videtur
1947 3368 2016 3392 non
2042 3356 2191 3390 dandam
2219 3365 2331 3398 neque

1248 3404 1284 3437 in
1308 3402 1561 3436 manumissum
1586 3413 1700 3446 neque
1724 3402 1759 3436 in
1785 3412 1875 3444 eum,
1901 3402 1957 3436 cui
1983 3403 2135 3445 legatum
2161 3401 2206 3434 sit
2223 3410 2329 3444 pecu-

1250 3448 1353 3487 lium,
1387 3446 1429 3481 de
1454 3447 1591 3490 peculio
1617 3447 1803 3482 actionem.
1841 3458 1886 3481 an
1913 3457 1992 3490 ergo
2017 3450 2180 3480 teneatur
2203 3445 2330 3478 heres?

1249 3496 1284 3527 et
1307 3493 1358 3526 ait
1384 3491 1558 3526 Caecilius
1583 3493 1706 3534 teneri,
1731 3492 1814 3537 quia
1838 3492 2015 3536 peculium
2040 3500 2147 3535 penes
2172 3499 2251 3523 eum
2271 3488 2328 3530 sit,

2039 3596 2095 3631 (1·1)
2121 3608 2164 3620 =
2180 3592 2196 3623 l.
2213 3599 2247 3623 54
2262 3591 2290 3623 Ιι.
2307 3598 2327 3623 ι.

2066 3640 2123 3677 (14)
2150 3636 2251 3667 fuerit
2262 3646 2325 3667 scr.

1250 3596 1309 3635 (10)
1334 3610 1379 3621 --
1392 3594 1410 3626 l.
1426 3601 1462 3627 58
1477 3595 1505 3627 Ιι.
1519 3601 1539 3627 t.
1633 3598 1687 3634 (11)
1713 3595 1872 3627 debeatur
1884 3594 1936 3625 F²

1295 3644 1350 3671 (131
1378 3638 1457 3672 Sab.
1473 3647 1494 3672 1.
1510 3647 1545 3679 23
1559 3641 1624 3673 Ed.
1639 3648 1665 3673 3.
1680 3659 1723 3663 —
1739 3641 1821 3671 Bas.
1842 3640 1890 3678 18,
1906 3647 1921 3671 6

1249 3688 1306 3724 (15)
1332 3686 1365 3715 et
1378 3684 1439 3716 del.
1453 3684 1535 3716 Hal.
1630 3688 1688 3725 (16)
1714 3694 1752 3716 ex
1766 3695 1804 3715 6ο
1819 3685 1880 3716 del.

2012 3785 2055 3816 26
