2528 3918
139 158 199 188 DE
229 157 362 189 BONIS
391 157 546 189 EORUM

188 265 212 304 Ο
256 268 273 291 *
289 267 573 303 CALmsrRArUs
616 266 707 304 libro

143 313 236 348 *nisi
260 313 471 358 probabitur
493 317 631 359 patrem
655 315 756 348 metu
777 310 1082 347 condemnationis
1102 310 1222 346 liberis

143 362 158 381 *
182 369 253 394 ›ros
282 358 405 394 exisse.

168 370 239 441 l10
255 369 435 439 l'i‘MAcER
465 403 554 439 libro
581 429 802 437 ..........
827 402 872 436 de
900 402 1056 448 publicis
1080 401 1224 436 iudiciis

142 449 287 484 *Etiam
317 448 348 484 si
378 452 497 494 pater,
531 458 610 483 cum
638 458 703 493 pro
734 446 810 482 filia
841 446 959 482 dotem
989 446 1221 492 promisisset,

142 494 439 537 *condemnatur,
472 493 525 528 vir
555 503 633 528 cam
664 503 706 527 ex
737 492 838 528 bonis
862 492 939 527 eius
964 502 985 526 0
1009 492 1096 527 fisco
1121 492 1220 536 petit.

145 542 155 573 1
211 539 275 574 *Si
306 542 389 584 post
420 539 575 574 solutum
606 537 869 572 matrimonium
893 537 988 572 filiae
1010 540 1114 582 pater
1138 547 1222 572 con·

141 585 367 626 *demnatur,
393 584 424 620 si
446 583 585 628 quidem
608 586 797 628 postquam
821 582 895 617 filia
920 582 951 617 ei
975 582 1155 617 consensit
1179 582 1223 617 de

141 630 252 665 *dote
288 629 497 674 repetenda,
535 629 643 664 fiscus
680 639 702 663 a
733 626 861 663 marito
893 637 971 662 eam
1003 626 1150 672 repetit:
1192 626 1224 662 si

142 676 361 719 *antequam
398 674 615 710 consentiret
649 673 700 716 ei,
739 672 996 709 condemnatus
1031 676 1104 715 est,
1144 672 1223 717 ipsa

143 724 158 740 *
171 720 415 765 repetitionem
438 720 558 755 habet.

190 764 235 801 11
280 764 545 800 *Minoum
588 764 678 799 libro
720 789 944 798 ..........
987 763 1032 798 de
1064 762 1223 809 publicis

140 810 312 845 *iudiciis
358 809 397 845 Si
421 810 499 855 quis
524 810 711 844 damnatus
736 807 967 854 appellaverit
991 811 1026 843 et
1072 807 1222 843 endente

140 854 408 901 *appellatione
432 854 633 897 decesserit,
660 855 755 890 bona
778 854 854 889 cius
878 864 948 889 nou
972 853 1047 899 pub
1062 854 1221 888 icantur:

141 902 251 935 *nam
274 900 326 935 ita
349 901 527 945 posterius
553 910 693 945 quoque
717 902 967 935 testamentum
998 898 1075 934 eius
1106 902 1223 933 ratum

141 948 235 982 *est.
288 946 381 981 idem
413 950 468 982 est
497 950 532 981 et
567 945 596 981 si
636 944 828 998 appellatio
865 947 1011 990 recepta
1047 955 1120 979 non
1158 947 1222 979 est.

145 996 155 1025 1
208 990 304 1036 *Qui
328 1002 411 1026 reus
436 995 489 1027 est
512 1002 582 1026 non
605 990 820 1032 maiestatis,
851 990 946 1025 bona
974 989 1224 1025 administrare

140 1038 287 1082 *potest
317 1039 354 1071 et
382 1036 570 1081 pecuniam
600 1035 744 1071 credere
774 1035 1000 1079 debitamque
1035 1034 1103 1070 sibi
1133 1034 1222 1069 reci-

140 1084 264 1127 *pere,
290 1082 320 1117 si
343 1082 438 1116 bona
461 1081 530 1116 fide
554 1081 731 1116 debitores
757 1081 788 1115 ei
813 1081 971 1116 solvunt:
1001 1080 1038 1115 in
1061 1080 1223 1115 fraudem

141 1129 286 1162 *autem
313 1137 409 1194 ²‘quae
438 1126 624 1169 alienavit,
656 1130 738 1172 post
769 1125 1099 1161 condemnationem
1123 1136 1222 1161 revo-

141 1174 309 1208 *cantur.

760 292 1221 301 ····················

617 1310 709 1350 XXI
721 1310 744 1348 ¹.

141 1378 202 1409 DE
245 1377 378 1409 RONIS
424 1377 598 1417 EORUM,
644 1376 723 1414 QUI
766 1376 889 1408 ANTE
926 1374 1223 1407 SENTENTIAM

139 1422 234 1456 VEL
263 1422 455 1454 MORTEM
486 1423 576 1454 SIBI
602 1421 949 1454 CONSCIVERUNT
973 1420 1065 1453 VEL
1089 1419 1223 1452 ACCU-

391 1467 600 1500 SATOREM
631 1466 973 1499 CORRUPERUNT.

190 1531 204 1569 1
243 1532 438 1568 ULPJANUS
465 1533 555 1568 libro
581 1536 704 1568 octavo
729 1533 1011 1579 disputationum
1060 1530 1101 1566 ln
1126 1530 1223 1575 capi·

138 1579 269 1614 talibus
302 1578 508 1614 criminibus
539 1589 561 1613 a
592 1578 813 1623 principibus
845 1578 1026 1613 decretum
1063 1579 1118 1612 est
1151 1587 1224 1611 nou

139 1633 267 1659 nocere
292 1624 322 1658 ei
347 1624 432 1669 qui²
456 1623 698 1659 adversarium
722 1623 898 1668 corrupit,
931 1622 994 1658 sed
1022 1622 1060 1657 in
1083 1621 1138 1657 1118
1163 1621 1223 1656 de-

140 1680 245 1711 mum,
270 1679 361 1714 quae
385 1679 536 1715 poenam
559 1669 681 1705 mortis
707 1669 906 1704 continent:
932 1678 1014 1703 nam
1038 1667 1223 1712 ignoscen-

140 1715 223 1750 dum
248 1715 485 1750 censuerunt³
510 1714 559 1757 ei,
592 1715 652 1759 qui
681 1714 888 1759 sanguinem
920 1724 1022 1749 suum
1055 1712 1223 1759 qualiter-

141 1759 292 1805 qualiter
313 1759 535 1805 redemptum
557 1759 680 1795 voluit.

186 1803 211 1842 2
237 1803 377 1840 Macra
400 1805 490 1841 libro
509 1805 665 1841 secundo
715 1804 936 1841 ublicorum⁴
976 1803 1224 1849 ‘Imperatores

141 1850 302 1886 ‘Severus
338 1853 374 1886 et
406 1850 609 1886 Antoninus
642 1851 683 1885 Iu
699 1850 732 1885 io
763 1849 915 1885 Iuliano.
973 1849 1066 1891 Eos,
1106 1849 1166 1893 qui
1203 1858 1225 1883 a

141 1896 348 1932 ‘latronibus
388 1895 560 1931 nominati
602 1895 780 1941 corruptis
820 1894 1091 1931 accusatoribus
1133 1894 1224 1930 diem

142 1944 256 1978 ‘suum
287 1940 456 1983 obierint,
489 1944 530 1976 ut
561 1940 743 1977 confessos
773 1940 817 1976 de
847 1940 992 1975 crimine
1020 1951 1093 1975 non
1117 1939 1223 1975 relin-

144 1990 157 2021 1
209 1989 328 2031 ‘quere
352 1985 592 2022 defensionem
616 1986 806 2022 heredibus
830 1986 979 2021 rationis
1004 1985 1081 2020 est'.
1121 1985 1159 2020 Si
1182 1985 1224 2026 is,

141 2032 184 2067 de
208 2032 309 2067 cuius
332 2042 449 2076 poena
472 2032 680 2077 imperatori
704 2031 876 2077 scriptum
900 2035 955 2066 est
984 2029 1105 2073 (veluti
1130 2030 1225 2075 quod

141 2077 284 2112 decurio
316 2076 425 2112 fuerit
455 2077 509 2112 vel
534 2077 628 2130 quod
652 2078 689 2112 in
712 2077 865 2112 insulam
889 2076 1069 2122 deportari
1093 2075 1223 2111 debue-

139 2123 210 2166 rit),
235 2126 424 2167 antequam
441 2123 698 2158 rescriberetur
715 2121 925 2158 decesserit:
950 2124 1070 2166 potest
1090 2121 1224 2166 quaeri,

141 2179 224 2202 num
249 2172 332 2202 ante
356 2167 568 2203 sententiam
592 2167 787 2203 decessisse
805 2167 976 2203 videatur.
1015 2170 1224 2211 argumento

141 2217 195 2248 est
219 2216 364 2248 senatus
390 2213 610 2256 consultum,
636 2213 731 2258 quod
754 2212 889 2248 factum
913 2216 967 2248 est
991 2212 1034 2248 de
1057 2212 1132 2255 his,
1164 2211 1225 2257 qui

143 2258 290 2293 Romam
314 2258 513 2293 transmissi
538 2262 621 2294 ante
643 2259 856 2294 sententiam
878 2258 1125 2294 decessissent.
1163 2268 1224 2293 cu-

140 2304 195 2339 ius
227 2303 336 2338 verba
366 2303 456 2339 haec
486 2308 587 2339 sunt:
626 2304 726 2339 ‘Cum
757 2304 945 2339 damnatus
979 2314 1082 2338 nemo
1114 2302 1226 2338 videri

142 2348 268 2394 ‘possit
290 2349 328 2383 in
351 2348 447 2384 hunc
471 2359 618 2393 annum,
652 2353 843 2394 antequam
874 2349 918 2384 de
951 2359 991 2384 eo
1015 2348 1109 2384 forte
1132 2348 1224 2383 iudi-

143 2394 247 2429 ‘cium
270 2393 406 2430 Romae
429 2394 607 2429 redditum
627 2398 663 2429 et
686 2395 954 2440 pronuntiatum
972 2398 1085 2430 esset:
1110 2404 1225 2439 neque

144 2439 362 2484 ‘cuiusquam
391 2440 520 2474 mortui
551 2440 665 2482 bona,
703 2444 894 2485 antequam
932 2440 976 2475 de
1013 2450 1055 2475 eo
1088 2439 1225 2475 Romae

142 2484 420 2530 ‘pronuntiatum
444 2485 509 2528 sit,
534 2485 716 2530 publicata
740 2490 841 2528 sunt,
868 2496 979 2531 eaque
1003 2485 1098 2521 bona
1122 2485 1223 2521 here-

142 2530 216 2565 ‘des
267 2529 422 2566 ossidere
447 2529 587 2565 debent'
599 2532 623 2565 ⁵.

188 2573 211 2613 3
237 2541 473 2611 {sinemurus
501 2576 591 2611 libro
615 2575 796 2622 sinqulari
823 2575 867 2610 de
890 2575 1110 2612 delatoribus
1157 2575 1225 2620 Qui

140 2621 193 2656 rei
216 2620 386 2674 postulati
409 2620 465 2655 vel
488 2620 548 2665 qui
570 2620 607 2655 in
631 2621 764 2656 scelere
788 2620 999 2665 deprehensi
1030 2625 1126 2657 metu
1156 2622 1223 2656 cri-

141 2666 244 2701 minis
276 2665 488 2700 imminentis
521 2669 670 2701 mortem
702 2666 769 2701 sibi
802 2666 1050 2702 consciverunt
1060 2668 1084 2710 ⁶,
1120 2667 1222 2703 here-

142 2712 221 2746 dem
244 2721 317 2747 non
340 2710 485 2746 habent.
532 2710 752 2757 Papinianus
779 2715 899 2747 tamen
921 2711 1011 2747 libro
1037 2716 1138 2748 sexto
1163 2712 1223 2748 de-

143 2756 232 2791 cimo
258 2756 474 2801 digestorum
498 2766 750 2801 responsorum
773 2757 823 2792 ita
847 2757 998 2802 scripsit,
1023 2762 1064 2792 ut
1089 2758 1149 2803 qui
1172 2758 1225 2793 rei

143 2801 298 2836 criminis
329 2811 402 2836 non
432 2801 604 2846 postulati
634 2812 759 2838 manus
792 2801 861 2838 sibi
890 2802 1094 2847 intulerint,
1129 2803 1225 2839 bona

143 2857 266 2882 eorum
288 2845 376 2882 fisco
400 2857 472 2882 non
494 2846 733 2882 vindicentur:
758 2858 831 2883 non
853 2847 946 2883 enim
969 2847 1057 2883 facti
1080 2849 1223 2884 sceleri-

143 2895 252 2927 tatem
276 2901 354 2926 esse
378 2890 578 2936 obnoxiam,
604 2892 667 2927 sed
692 2892 930 2928 conscientiae
954 2898 1086 2928 metum
1105 2894 1142 2929 in
1161 2904 1223 2929 reo

143 2937 239 2972 velut
262 2935 425 2973 confesso
449 2936 562 2972 teneri
585 2938 730 2982 placuit.
768 2948 850 2982 ergo
871 2942 934 2973 aut
953 2938 1125 2983 postulati
1146 2949 1225 2975 esse

143 2982 273 3017 debent
303 2985 367 3016 aut
396 2981 457 3016 in⁷
488 2981 621 3018 scelere
651 2982 878 3028 deprehensi,
908 2987 966 3026 ut,
999 2984 1029 3019 si
1052 2994 1091 3020 se
1113 2984 1223 3019 inter-

146 3031 159 3062 1
210 3026 379 3069 fecerint,
422 3026 517 3062 bona
554 3037 676 3063 eorum
715 3028 964 3064 confiscentur.
1018 3029 1067 3065 Ut
1105 3033 1225 3065 autem

143 3072 243 3108 divus
266 3072 351 3107 Pius
375 3071 486 3107 rescri
513 3071 576 3114 sit,
607 3073 658 3107 ita
688 3073 827 3109 demum
851 3074 947 3110 bona
970 3074 1064 3118 eius,
1096 3075 1157 3119 qui
1188 3075 1225 3110 in

142 3121 244 3153 reatu
271 3120 421 3152 mortem
453 3117 483 3152 si
508 3117 520 3151 i
550 3118 739 3162 conscivit,
769 3119 856 3155 fisco
887 3119 1099 3155 vindicanda
1128 3124 1224 3163 sunt,

143 3162 173 3198 si
195 3163 272 3199 eius
297 3162 451 3198 criminis
476 3172 558 3198 reus
581 3162 667 3206 fuit,
700 3168 758 3206 ut,
784 3164 814 3199 si
838 3165 1085 3207 damnaretur,
1110 3169 1224 3201 morte

144 3210 162 3242 2
211 3211 275 3242 aut
292 3207 538 3252 deportatione
554 3207 773 3244 adficiendus
791 3214 895 3245 esset.
927 3210 1024 3245 Idem
1041 3211 1226 3255 rescripsit

144 3262 243 3294 eum,
276 3253 335 3298 qui
358 3252 488 3288 modici
511 3252 599 3287 furti
622 3263 703 3289 reus
727 3253 870 3297 fuisset,
900 3255 985 3290 licet
1013 3255 1120 3290 vitam
1145 3266 1223 3291 sus-

170 3297 272 3333 endio
296 3297 443 3342 finierit,
468 3308 540 3333 non
563 3297 673 3333 videri
696 3299 733 3333 in
756 3300 904 3335 eadem⁸
931 3310 1041 3335 causa
1064 3310 1160 3343 esse,
1185 3304 1226 3336 ut

170 3352 240 3378 ona
269 3343 458 3379 heredibus
490 3343 677 3379 adimenda
710 3348 846 3387 essent,
879 3344 984 3381 sicuti
1012 3355 1127 3391 neque
1155 3345 1225 3391 ipsi

144 3387 403 3430 adimerentur,
441 3388 472 3423 si
511 3392 730 3434 compertum
766 3389 803 3424 in
837 3400 879 3426 eo
919 3390 1053 3426 furtum
1084 3390 1223 3426 fuisset.

145 3436 163 3468 3
211 3433 308 3479 Ergo
344 3433 395 3469 ita
431 3433 571 3469 demum
605 3433 792 3469 dicendum
823 3439 878 3472 est
907 3436 1003 3471 bona
1032 3436 1126 3480 eius,
1165 3436 1226 3481 qui

1830 147 2101 189 XXXXVIII
2132 150 2197 190 20.
2226 151 2289 190 21.
2317 151 2369 190 22

1292 275 1417 301 manus
1438 264 1506 300 sibi
1525 264 1655 307 intulit,
1677 266 1762 302 fisco
1783 268 1963 311 vindicari,
1985 268 2015 304 si
2034 280 2076 305 eo
2098 270 2242 306 crimine
2259 281 2371 307 nexus

1293 314 1310 345 4
1360 311 1444 352 fuit,
1475 314 1533 351 ut,
1559 310 1589 344 si
1614 313 1896 356 convinceretur,
1923 314 2025 350 bonis
2050 321 2181 351 careat.
2231 316 2267 351 Si
2292 317 2369 361 quis

1292 360 1411 408 autem
1435 355 1561 407 taedio·
1577 355 1670 391 vitae
1694 358 1746 391 vel
1766 359 1973 402 inpatientia
1995 360 2125 395 doloris
2146 362 2296 397 alicuius
2318 363 2369 396 vel

1292 401 1362 436 alio
1394 401 1498 436 modo
1530 403 1637 435 vitam
1666 401 1816 446 finierit,
1846 414 2086 440 successorem
2118 407 2248 441 habere
2272 407 2370 442 divus

1293 450 1310 480 5
1341 446 1586 499 'Antoninus9
1615 447 1808 497 rescripsit.
1857 448 1977 484 Vidcri
2010 455 2125 485 autem
2156 456 2191 486 et
2222 456 2369 496 patrem,

1292 503 1352 536 qiu
1376 492 1443 527 sibi
1466 502 1593 526 manus
1617 491 1804 534 intulisset,
1830 494 1923 536 quod
1941 494 2117 530 diceretur
2135 497 2245 531 filium
2267 508 2369 532 suum

1293 536 1480 580 occidisse,
1513 536 1623 580 magis
1648 536 1769 571 dolore
1793 538 1856 572 filii
1880 540 1997 574 amissi
2020 546 2166 575 mortem
2192 542 2259 577 sibi
2283 542 2369 577 irro-

1290 593 1394 627 gasse
1427 586 1462 617 et
1489 581 1567 616 ideo
1600 582 1695 616 bona
1728 582 1804 617 eius
1835 594 1905 618 non
1931 595 2007 619 esse
2031 586 2246 630 publicanda
2270 587 2369 622 divus

1293 633 1311 661 6
1358 627 1562 662 Hadrianus
1587 627 1781 672 rescripsit.
1819 628 1877 662 Sic
1900 633 2017 664 autem
2042 631 2109 665 hoc
2134 632 2370 676 distinguitur,

1291 673 1461 708 interesse
1494 683 1564 716 qua
1596 682 1640 707 ex
1675 682 1785 707 causa
1817 672 1894 725 quis
1920 675 1986 709 sibi
2011 680 2156 710 mortem
2182 678 2369 712 conscivit:

1292 716 1399 753 sicuti
1424 728 1504 753 cum
1529 716 1721 761 quaeritur,
1755 727 1801 751 an
1824 729 1854 753 is
1869 720 1906 761 ¹⁰,
1931 719 1989 771 qui
2014 721 2080 755 sibi
2105 732 2229 756 manus
2253 723 2371 756 intulit

1292 766 1327 798 et
1350 774 1421 798 non
1444 762 1678 807 perpetravit,
1710 761 1838 797 debeat
1868 764 2004 808 puniri,
2039 766 2139 809 quasi
2164 766 2206 801 de
2230 777 2268 802 se
2292 778 2370 802 sen-

1291 809 1438 843 tentiam
1470 808 1563 843 tulit.
1620 818 1702 842 nam
1732 808 1932 843 omnimodo
1965 810 2163 853 puniendus
2195 816 2265 853 est,
2305 812 2371 847 nisi

1293 853 1411 889 taedio
1442 854 1536 888 vitae
1565 853 1621 888 vel
1649 853 1859 897 inpatientia
1890 854 2039 889 alicuius
2072 855 2202 891 doloris
2228 861 2372 892 coactus

1291 902 1347 934 est
1370 899 1439 934 hoc
1463 898 1594 934 facere.
1643 902 1679 933 et
1702 898 1846 940 merito,
1872 899 1901 933 si
1926 900 2000 934 sine
2025 911 2133 935 causa
2157 901 2224 936 sibi
2248 912 2372 936 manus

1291 943 1429 987 intulit,
1462 943 1664 989 puniendus
1694 947 1766 979 est:
1799 943 1858 988 qui
1890 944 1983 978 enim
2013 945 2079 980 sibi
2108 956 2180 980 non
2203 947 2372 991 pepercit,

1293 993 1310 1023 7
1359 989 1470 1024 multo
1502 990 1618 1024 minus
1651 988 1711 1023 alii
1739 992 1874 1041 parcet.
1925 989 1962 1023 Si
1992 990 2052 1035 qui
2082 994 2200 1025 autem
2229 993 2295 1027 sub
2319 992 2372 1026 in—

1294 1038 1390 1070 certo
1423 1045 1555 1070 causae
1587 1038 1714 1069 eventu
1745 1045 1782 1069 111
1812 1034 1963 1070 vinculis
1990 1036 2044 1070 vel
2068 1036 2134 1070 sub
2159 1036 2373 1072 fideiussori-

1295 1081 1360 1115 bus
1385 1080 1617 1123 decesserint,
1649 1080 1776 1115 horum
1808 1080 1903 1114 bona
1934 1091 2006 1114 non
2038 1091 2115 1115 esse
2147 1081 2375 1117 confiscanda

1293 1128 1312 1159 8
1361 1125 1537 1161 mandatis
1559 1129 1717 1160 cavetur.
1753 1125 1808 1160 De
1831 1125 1892 1160 illo
1916 1125 2107 1167 videamus,
2134 1126 2163 1160 si
2188 1127 2265 1170 quis
2291 1138 2373 1162 con-

1293 1170 1384 1206 scita
1414 1174 1529 1206 morte
1558 1171 1657 1206 nulla
1686 1171 1782 1205 iusta
1814 1181 1924 1204 causa
1956 1170 2190 1215 praecedente
2214 1171 2251 1206 in
2275 1176 2375 1206 reatu

1293 1216 1498 1259 decesserit,
1523 1226 1580 1259 an,
1605 1215 1636 1251 si
1660 1216 1776 1260 parati
1801 1215 1934 1250 fuerint
1958 1216 2105 1251 heredes
2131 1226 2272 1251 causam
2298 1228 2374 1252 sus-

1293 1262 1411 1306 cipere
1436 1265 1471 1296 et
1493 1260 1718 1296 innocentem
1744 1260 1950 1296 defunctum
1976 1262 2180 1303 ostendere,
2212 1262 2375 1297 audiendi

1293 1307 1365 1342 sint
1387 1316 1453 1342 nec
1477 1307 1577 1351 prius
1601 1307 1697 1342 bona
1719 1306 1757 1340 in
1780 1306 1905 1341 fiscum
1931 1307 2089 1350 cogenda
2113 1306 2195 1348 sint,
2221 1317 2326 1351 quam
2348 1307 2376 1341 si

1294 1352 1338 1387 de
1370 1352 1515 1387 crimine
1545 1351 1655 1387 fuerit
1684 1351 1894 1397 probatum:
1934 1362 1981 1386 an
2017 1354 2139 1387 vero¹¹
2179 1352 2375 1387 omnimodo

1293 1397 1510 1442 publicanda
1541 1400 1636 1432 sunt.
1684 1396 1748 1432 sed
1779 1397 1878 1431 divus
1908 1397 1993 1432 Pius
2023 1397 2188 1433 Modesto
2220 1397 2377 1432 Taurino

1293 1442 1495 1487 rescripsit,
1526 1443 1556 1478 si
1588 1442 1706 1488 parati
1737 1442 1808 1477 sint
1831 1442 1979 1477 heredes
2005 1442 2228 1478 defensiones
2243 1444 2269 1463 ¹2
2300 1453 2376 1477 sus-

1294 1488 1429 1533 cipere,
1461 1499 1534 1522 non
1564 1498 1642 1523 esse
1671 1488 1768 1523 bona
1797 1487 2033 1532 publicanda,
2066 1488 2135 1523 nisi
2167 1488 2209 1523 dc
2235 1488 2378 1523 crimine

1293 1533 1400 1569 fuerit
1423 1533 1625 1578 probatum.

1758 1671 1871 1710 XXII
1883 1670 1920 1710 ¹⁸.

1293 1739 1354 1771 DE
1380 1736 1674 1771 INTERDICTIS
1705 1737 2095 1816 ETierlthlgLEGATIS
2124 1737 2184 1771 ET
2213 1738 2377 1771 DEPOR-

1342 1848 1359 1887 1
1389 1849 1619 1885 POMPONIUS
1639 1848 1730 1884 libro
1755 1851 1886 1894 quarto
1911 1848 1961 1883 ad
1980 1847 2153 1884 Sabinum
2196 1849 2312 1894 Caput
2335 1859 2379 1885 ex

1293 1895 1466 1940 rescripto
1501 1894 1571 1929 divi
1602 1893 1750 1929 Traiani
1778 1893 1825 1929 ad
1854 1893 1999 1929 Didium
2029 1894 2248 1930 Secundum:
2286 1895 2379 1930 ‘Scio

1294 1941 1543 1985 ‘relegatorum
1558 1940 1654 1975 bona
1669 1939 1819 1975 avaritia
1837 1940 2059 1984 superiorum
2076 1943 2275 1984 temporum
2291 1940 2377 1975 fisco

1294 1986 1493 2021 ‘vindicata
1542 1984 1606 2021 sed
1634 1984 1730 2019 aliud
1754 1984 1963 2020 clementiae
1986 1995 2084 2020 meae
2109 1985 2286 2027 convenit,
2319 1985 2379 2029 qui

1294 2032 1397 2067 ‘inter
1422 2035 1557 2073 cetera,
1593 2030 1721 2074 quibus
1753 2030 1991 2065 innocentiam
2021 2030 2199 2065 rationum
2223 2041 2378 2066 mearum

1293 2081 1494 2123 temporum
1508 2077 1546 2120 ¹⁵,
1571 2075 1641 2110 hoc
1666 2086 1803 2120 quoque
1827 2076 1945 2111 remisi
1970 2076 2189 2120 exemplum'.

1340 2120 1365 2159 2
1397 2121 1634 2158 MARGIANUS
1670 2121 1762 2157 libro
1803 2122 1906 2156 tertio
1945 2121 2080 2156 decimo
2119 2122 2378 2156 institutionum

1293 2167 1547 2203 Manumittere
1579 2165 1807 2212 deportatum
1839 2177 1911 2202 non
1942 2176 2049 2212 posse
2081 2166 2181 2202 divus
2205 2166 2290 2202 Pius
2322 2177 2377 2202 re-

1295 2213 1365 2250 scri
1393 2213 1450 2248 sit.

1340 2225 1577 2296 3pALFENUs
1610 2256 1699 2294 libro
1728 2257 1850 2303 primo
1880 2257 2117 2303 epitomarum
2169 2257 2279 2298 Eum,
2320 2256 2379 2301 qui

1294 2305 1473 2340 civitatem
1498 2302 1693 2346 amitteret,
1725 2302 1812 2337 nihil
1837 2301 1933 2337 aliud
1956 2301 2043 2337 iuris
2068 2301 2223 2337 adimere
2246 2302 2378 2344 liberis,

1294 2350 1362 2386 nisi
1392 2348 1488 2394 quod
1517 2349 1562 2383 ab
1587 2348 1665 2393 ipso
1691 2351 1943 2393 perventurum
1967 2350 2061 2382 esset
2084 2347 2130 2382 ad
2154 2357 2233 2389 eos,
2266 2347 2296 2382 si
2324 2348 2378 2381 in-

1294 2398 1447 2431 testatus
1479 2394 1517 2429 in
1549 2394 1691 2429 civitate
1722 2397 1936 2428 moreretur:
1970 2393 2038 2428 hoc
2070 2396 2125 2427 est
2147 2392 2378 2427 hereditatem

1295 2441 1372 2476 eius
1404 2443 1441 2476 et
1469 2439 1618 2475 libertos
1651 2442 1687 2474 et
1715 2438 1745 2474 si
1769 2438 1852 2483 quid
1875 2438 1972 2473 aliud
1995 2438 2032 2472 in
2056 2437 2124 2473 hoc
2172 2447 2275 2472 enere
2298 2447 2378 2482 rep-

1294 2486 1403 2531 periri
1426 2488 1556 2530 potest.
1606 2494 1698 2529 quae
1722 2494 1805 2519 vero
1828 2494 1901 2519 non
1925 2493 1947 2518 a
1970 2486 2082 2529 patre,
2108 2493 2145 2518 se
2193 2492 2215 2517 a
2238 2492 2377 2527 genere,

1294 2542 1316 2566 a
1341 2530 1502 2573 civitate,
1534 2540 1556 2565 a
1580 2540 1699 2565 rerum
1723 2532 1853 2564 natura
1875 2528 2133 2571 tribuerentur,
2164 2538 2207 2563 ea
2235 2538 2378 2563 manere

1295 2576 1345 2613 eis
1368 2575 1574 2612 incolumia.
1622 2574 1743 2620 itaque
1776 2578 1812 2610 et
1843 2574 1973 2609 fratres
1997 2573 2168 2609 fratribus
2192 2572 2270 2608 fore
2292 2573 2377 2618 legi-

1294 2622 1399 2658 timos
1430 2621 1580 2657 heredes
1611 2624 1647 2657 et
1676 2620 1912 2665 adgnatorum
1944 2619 2074 2655 tutelas
2106 2623 2141 2654 et
2164 2618 2377 2654 hereditates

1293 2667 1499 2703 habituros:
1530 2677 1603 2703 non
1626 2665 1719 2702 enim
1742 2666 1832 2701 haec
1855 2668 2010 2710 patrem,
2040 2664 2103 2700 sed
2126 2664 2277 2699 maiores
2302 2663 2377 2699 eius

1295 2713 1346 2749 eis
1372 2712 1524 2748 dedisse.

1340 2756 1409 2794 4¹⁶
1432 2757 1670 2793 MARCJAMJS
1699 2755 1788 2792 libro
1812 2754 1968 2791 secundo
2000 2754 2259 2790 institutionum
2307 2752 2377 2788 Re·

1293 2803 1402 2848 legati
1432 2803 1470 2838 in
1499 2803 1653 2838 insulam
1683 2802 1721 2837 in
1752 2804 1931 2846 potestate
1959 2810 2026 2836 sua
2056 2799 2188 2835 liberos
2211 2797 2376 2838 retinent,

1294 2849 1378 2893 quia
1406 2851 1443 2884 et
1471 2848 1543 2883 alia
1575 2847 1693 2884 omnia
1723 2846 1803 2882 iura
1833 2856 1899 2882 sua
1922 2845 2092 2880 retinent:
2124 2847 2261 2879 tantum
2286 2844 2377 2878 enim

1293 2894 1412 2930 insula
1443 2894 1493 2928 eis
1525 2893 1645 2938 egredi
1676 2902 1748 2927 non
1778 2891 1873 2927 licet.
1930 2893 1966 2926 et
2004 2891 2099 2926 bona
2138 2899 2277 2934 quoque
2312 2899 2377 2923 sua

1294 2939 1412 2975 omnia
1435 2938 1591 2974 retinent
1614 2941 1756 2990 praeter
1779 2947 1839 2979 ea,
1865 2936 1895 2972 si
1918 2946 1989 2981 qua
2012 2935 2063 2970 eis
2087 2935 2251 2978 adempta
2273 2937 2374 2968 sunt:

1294 2995 1377 3020 nam
1401 2994 1543 3026 eorum,
1569 2995 1629 3028 qu1
1652 2983 1691 3018 in
1714 2986 1927 3027 perpetuum
1951 2981 2094 3016 exilium
2119 2978 2193 3014 dati
2216 2982 2300 3014 sunt
2322 2978 2375 3013 vel

1294 3029 1457 3074 relegati,
1491 3032 1610 3074 potest
1640 3028 1716 3073 quis
1741 3026 1917 3063 sententia
1941 3029 2079 3071 partem
2103 3025 2275 3060 bonorum
2300 3022 2374 3057 adi-

1293 3085 1400 3110 mere.

1341 3119 1364 3156 5
1392 3119 1499 3154 IDEM
1526 3119 1617 3154 libro
1642 3119 1766 3164 primo
1798 3117 2007 3163 rcqularum
2062 3113 2216 3148 Exilium
2247 3111 2374 3191 triplex

1294 3169 1366 3200 est:
1392 3167 1455 3199 aut
1480 3167 1658 3199 certorum
1680 3163 1840 3198 locorum
1864 3159 2074 3200 interdictio,
2100 3162 2163 3193 aut
2186 3157 2259 3191 lata
2294 3167 2317 3191 u

1294 3214 1333 3245 ut
1357 3209 1514 3245 omnium
1537 3209 1698 3243 locorum
1722 3207 1955 3242 interdicatur
1984 3207 2125 3250 praeter
2157 3205 2290 3254 certum
2321 3246 2329 3253 ι

1293 3266 1390 3298 011111,
1416 3258 1479 3289 aut
1491 3255 1518 3276 ¹⁷
1541 3253 1680 3289 insulae
1703 3253 1899 3295 vinculum,
1931 3250 1966 3285 id
1993 3252 2046 3284 est
2069 3248 2235 3292 relegatio
2260 3257 2296 3280 111
2319 3257 2372 3280 in-

1293 3301 1419 3336 sulam.

1340 3343 1364 3382 6
1397 3344 1591 3380 ULPJANUS
1611 3343 1701 3379 libro
1721 3352 1815 3377 nono
1837 3341 1880 3375 de
1900 3339 2024 3384 officio
2039 3335 2271 3390 proconsulis
2315 3334 2372 3369 In-

1293 3393 1349 3425 ter
1371 3399 1507 3435 poenas
1531 3392 1586 3424 est
1609 3388 1715 3424 etiam
1738 3386 1875 3422 insulae
1900 3384 1942 3419 de
1971 3386 2119 3425 ortatio,
2145 3390 2235 3433 quae
2257 3389 2373 3431 poena

1297 3438 1311 3470 1
1361 3434 1485 3470 adimit
1509 3434 1687 3470 civitatem
1707 3432 1915 3467 Romanam.
1989 3426 2173 3473 eportandi
2196 3429 2314 3460 autem
2337 3435 2373 3458 111

2341 3166 2373 3198 a,

2336 3211 2355 3236 Ο

190 3547 230 3590 (1)
255 3547 337 3581 Sab.
349 3566 394 3572 -—
406 3548 491 3582 Bas.
506 3549 561 3590 60,
574 3555 620 3582 53.
632 3566 678 3571 —
698 3548 748 3590 Cf
767 3549 845 3582 Cod.
857 3550 889 3591 9,
903 3556 939 3583 50
1033 3550 1076 3592 (2)
1102 3550 1133 3582 ei
1152 3549 1223 3592 qui]

144 3603 201 3625 reo
213 3592 301 3634 quod
311 3605 372 3626 scr.
445 3594 488 3636 (3)
512 3595 715 3626 consuerunt
727 3594 761 3626 F
819 3595 861 3635 (4)
885 3593 1086 3627 iudiciorum
1100 3596 1159 3628 ins.
1175 3594 1225 3628 F²

146 3639 189 3679 (5)
213 3639 414 3680 requiruntur
444 3639 547 3672 talia:
578 3649 654 3671 cum
675 3638 849 3671 damnatus
867 3649 964 3672 nemo
985 3639 1092 3673 videri
1109 3640 1224 3682 possit,

145 3685 322 3724 antequam
342 3682 382 3716 de
404 3693 441 3716 co
462 3683 625 3717 iudicium
645 3684 812 3716 redditum
829 3684 883 3726 sit,
903 3693 1010 3726 neque
1029 3686 1224 3727 cuiusquam

145 3728 280 3768 mortui,
299 3731 475 3770 antequam
493 3729 533 3762 de
548 3740 585 3762 eo
596 3729 852 3772 pronuntiatum
865 3729 919 3771 sit,
938 3729 1025 3763 bona
1043 3729 1224 3773 publicata,

147 3783 185 3805 ea
202 3773 287 3806 bona
307 3774 441 3807 heredes
459 3774 624 3815 possidere
644 3773 766 3814 debent
863 3776 907 3816 (6)
934 3775 1179 3808 constituerunt
1196 3774 1230 3806 F

1896 3545 1940 3585 (9)
1970 3543 2046 3576 Cod.
2061 3543 2092 3583 9,
2105 3504 2177 3582 501
2248 3540 2309 3582 (ιο)
2332 3539 2372 3583 is]

1296 3551 1336 3589 (7)
1364 3550 1399 3581 in
1413 3562 1471 3584 om.
1487 3550 1522 3582 F
2326 3584 2334 3591 .

2128 3586 2187 3627 (12)
2212 3584 2373 3618 defensio-

1294 3594 1388 3627 miles
1400 3607 1462 3628 scr.

1294 3649 1369 3672 nem
1382 3640 1454 3673 edd.

1341 3686 1399 3726 (13)
1425 3685 1503 3718 Sab.
1519 3691 1614 3721 imm
1640 3683 1885 3715 inc.12...18.-
1899 3679 1983 3711 Bas.
1997 3678 2051 3718 60,
2064 3684 2098 3709 54

1296 3730 1360 3762 ind.
1377 3731 1411 3762 F
1502 3730 1560 3770 (15)
1584 3726 1780 3769 temporum]
1800 3723 1978 3767 temperavi
1991 3734 2051 3755 scr.

1298 3776 1327 3816 1,
1343 3781 1385 3816 12,
1399 3782 1415 3808 2
1507 3774 1566 3816 (Π)
1589 3772 1626 3805 in
1642 3772 1701 3806 ἕπε.
1716 3772 1750 3804 F

1589 3549 1634 3590 (8)
1659 3547 1696 3579 in
1710 3556 1746 3579 ea
1758 3557 1820 3578 scr.

1558 3594 1611 3635 (11)
1637 3601 1774 3624 01110010
1787 3590 1853 3630 ΙΝ,
1872 3599 1972 3622 anero
1986 3585 2036 3620 F¹³

2177 3678 2233 3717 (14)
2259 3674 2373 3707 deins.

2151 3720 2212 3763 (16)
2237 3720 2278 3763 cs
2293 3720 2373 3753 Inst.

2016 3823 2101 3856 103·
