2528 3918
93 161 155 191 DE
186 159 415 192 SUSPECTIS
444 160 607 191 TU'rom
611 162 693 195 Bus

91 271 198 306 rebus
233 269 468 316 pupillaribus
498 269 569 303 iam
601 272 709 303 tutor.
742 268 839 313 quod
864 269 894 303 si
918 268 1002 313 quid
1026 267 1179 310 admisit,

1175 139 1258 187 351

2113 144 2257 186 XXVI
2290 148 2335 186 10

1250 268 1514 304 existimatione
1536 268 1650 303 tutela
1673 269 1726 304 vel
1752 280 1838 305 cura
1854 271 1972 306 abeat.
1999 270 2061 306 sed
2078 274 2114 306 et
2137 271 2270 323 siquis
2294 273 2339 307 ob

92 320 175 351 ante
206 319 325 350 tamen
356 314 515 355 admisit,
548 323 654 358 quam
686 316 784 348 tutor
814 317 926 355 esset,
960 313 1119 358 quamvis
1143 313 1180 348 in
1248 312 1410 348 fraudem
1441 324 1514 349 non
1545 314 1741 349 removebit
1771 315 1936 360 aliquem,
1962 316 2047 352 sed⁷
2072 316 2105 352 ei
2128 316 2338 360 adiunxerit,

91 361 194 396 bonis
218 359 343 405 pupilli
365 359 421 394 vel
443 358 480 392 in
503 358 626 400 tutela,
647 367 718 393 non
731 361 852 403 potest
872 363 1062 404 suspectus
1081 362 1181 394 tutor

89 405 274 451 postulari,
306 403 390 449 quia
425 403 592 438 delictum
617 403 766 438 tutelam
790 403 996 448 praecessit.
1028 403 1179 449 proinde

89 451 119 486 si
142 449 267 494 pupilli
291 448 528 484 substantiam
553 448 737 500 expilavit‚
770 448 833 483 sed
865 452 1058 494 antequam
1080 452 1180 484 tutor

88 498 192 536 esset,
217 494 381 528 accusari
405 493 512 528 debet
535 493 712 538 expllatae
735 493 943 529 hereditatis
968 493 1123 536 crimine,
1148 493 1179 529 si

89 544 109 574 6
156 539 282 580 minus,
306 538 403 573 furti.
441 538 570 582 Quaeri
619 542 722 580 otest,
747 538 778 573 si
801 542 900 574 tutor
922 539 1031 574 fuerit
1053 538 1178 584 pupilli

86 584 249 628 idemque
273 584 319 618 sit
343 587 488 618 curator
512 594 579 618 con
595 585 743 618 'rmatus
764 583 997 626 adulescenti,
1023 594 1069 619 an
1092 594 1176 629 pos-

87 630 133 664 sit
167 639 211 664 ex
248 628 386 663 delictis
420 628 554 663 tutelae
588 639 649 663 sus
678 632 778 664 ectus
814 629 1001 674 postulari.
1038 632 1073 664 et
1096 639 1177 664 cum

85 674 200 719 possit
223 673 357 709 tutelae
380 683 403 708 a
427 677 655 709 concuraton
681 684 724 709 us
742 674 934 716 conveniri,
953 684 1176 719 consequens

86 719 152 754 erit
175 718 293 754 dicere
317 728 459 754 cessare
483 719 641 764 suspecti
654 719 931 762 accusationem,
945 719 1030 765 quia
1042 719 1177 755 tutelae

86 767 104 798 7
153 763 210 808 agi
232 764 347 809 possit
371 763 531 809 deposito
556 763 675 799 officio
712 767 747 800 et
770 764 840 799 alio
873 775 951 800 sum
978 769 1025 800 to.
1077 764 1177 800 Idem

86 809 152 844 erit
175 809 416 854 quaerendum
442 813 478 844 et
501 809 532 843 si
554 819 736 854 proponas
760 809 914 855 aliquem
962 809 1073 845 esisse
1097 819 1175 845 esse

84 858 238 889 tutorem
263 858 299 889 et
321 865 462 889 rursum
487 854 648 899 coepisse
673 858 726 895 (ut
755 858 846 900 puta
876 865 991 907 usque
1014 854 1062 890 ad
1085 858 1174 890 tem-

83 910 151 945 pus
175 899 231 934 vel
262 899 309 934 ad
334 899 578 935 condicionem
611 903 688 935 erat
718 899 845 942 datus,
877 900 1006 936 demde
1044 900 1174 935 iterum

83 945 138 980 vel
162 945 434 989 superveniente
459 944 670 980 condicione
693 945 965 980 testamentaria
987 945 1044 981 vel
1068 945 1174 980 etiam

83 1000 106 1025 a
127 994 295 1035 praetore
317 994 446 1035 postea
470 989 576 1025 datus
602 994 680 1033 est),
705 1000 753 1025 an
777 994 967 1036 suspectus
998 990 1174 1036 postulari

82 1035 203 1080 possit.
242 1039 277 1070 et
313 1035 397 1080 quia
433 1034 526 1070 duae
560 1035 694 1071 tutelae
730 1039 826 1077 sunt,
863 1035 893 1071 si
917 1039 983 1078 est,
1008 1036 1068 1081 qui
1093 1045 1173 1071 eum

82 1080 216 1115 tutelae
246 1080 378 1116 iudicio
420 1079 610 1116 conveniat
623 1108 632 1123 ,
668 1081 921 1126 aequissimum
956 1081 1023 1116 erit
1057 1081 1174 1117 dicere

82 1128 102 1160 8
151 1135 292 1161 cessare
316 1125 448 1161 crimen
473 1126 641 1170 suspecti.
689 1126 727 1161 Si
751 1130 870 1161 autem
893 1126 972 1171 ipse
995 1130 1095 1162 tutor
1119 1130 1174 1162 est

81 1170 190 1213 solus,
214 1171 396 1216 numquid,
422 1171 506 1216 quia
528 1171 663 1207 tutelae
695 1175 831 1214 cessat,
861 1171 1094 1207 removendus
1127 1172 1174 1207 sit

80 1216 126 1251 ab
150 1216 220 1251 hac
244 1216 562 1257 administratione,
589 1217 691 1262 quasi
725 1217 762 1251 in
796 1217 866 1252 hac
902 1221 1092 1262 suspectus
1128 1227 1173 1253 ex

81 1271 134 1304 eo,
161 1261 256 1307 quod
279 1262 318 1296 in
341 1261 433 1296 alia¹
459 1261 552 1296 male
582 1265 746 1297 versatus
777 1262 848 1297 sit?
882 1272 964 1307 ergo
997 1265 1033 1297 et
1055 1262 1093 1297 in
1117 1272 1171 1304 eo,

80 1307 141 1352 qui
165 1310 310 1342 curator
341 1307 438 1342 solus
473 1310 556 1352 post
586 1307 725 1342 finitam
756 1308 905 1343 tutelam
938 1307 1171 1343 confirmatus

80 1355 100 1386 9
148 1356 214 1394 est,
238 1352 331 1387 idem
356 1352 426 1387 dici
449 1355 579 1397 potest.
628 1352 730 1396 Quod
754 1352 783 1387 si
806 1353 885 1398 quis
909 1353 960 1387 ita
983 1356 1083 1388 tutor
1106 1352 1169 1388 da-

79 1401 137 1433 tus
162 1397 226 1432 sit:
261 1397 390 1442 ‘quoad
413 1397 451 1432 in
475 1397 580 1432 Italia
604 1398 680 1440 erit,
706 1401 806 1433 tutor
830 1399 918 1434 esto'
951 1398 1006 1434 vel
1040 1398 1172 1443 ‘quoad

79 1446 191 1478 ‘trans
215 1453 314 1478 mare
337 1453 409 1478 non
431 1442 534 1485 ierit',
560 1453 607 1477 an
630 1443 746 1488 possit
777 1447 966 1488 suspectus
995 1443 1171 1488 postulari

78 1497 124 1523 ex
161 1498 202 1523 eo
238 1491 359 1532 gestu,
395 1498 498 1533 quem
533 1487 812 1531 administravit,
848 1492 1041 1534 antequam
1069 1492 1170 1524 trans

78 1543 175 1568 mare
210 1533 402 1568 abesset2?
445 1536 480 1568 et
513 1533 626 1578 magis
661 1537 736 1576 est,
774 1537 815 1569 ut
845 1534 1020 1579 postulari
1070 1534 1170 1577 ossit,

82 1581 121 1613 10
169 1578 271 1624 quasi
302 1588 375 1613 una
406 1578 519 1613 tutela
547 1579 594 1614 sit
623 1578 761 1614 habens
784 1579 980 1615 intervalla.
1030 1545 1068 1615 g}
1092 1579 1170 1625 quis

77 1623 243 1659 afuturus
278 1624 330 1659 rei
365 1624 532 1669 publicae
567 1634 679 1659 causa
713 1624 927 1660 desideravit
968 1624 1005 1659 in
1051 1624 1170 1660 locum

77 1679 182 1705 suum
215 1669 385 1704 constitui
419 1669 528 1704 alium
558 1672 725 1712 tutorem,
759 1680 806 1705 an
829 1680 993 1706 reversus
1018 1679 1062 1705 ex
1086 1674 1171 1705 ante

75 1718 175 1759 gesto
208 1718 397 1759 suspectus
428 1714 605 1760 postulari
635 1715 775 1760 possit?
809 1719 845 1750 et
876 1716 959 1760 quia
982 1719 1103 1768 potest
1126 1726 1171 1751 ex

75 1760 194 1805 priore
216 1764 318 1812 gestu
342 1759 421 1794 utili
445 1760 585 1795 actione
620 1760 823 1803 conveniri,
857 1760 1014 1796 cessabit
1043 1764 1168 1806 postu-

79 1809 116 1840 11
166 1805 264 1840 lat10.
315 1805 353 1840 Si
378 1809 523 1840 curator
546 1806 659 1840 ventri
683 1806 858 1851 bonisque
882 1806 986 1841 datus
1018 1805 1168 1841 fraudu-

77 1849 189 1887 lenter
212 1854 374 1885 versatus
399 1851 456 1893 sit,
482 1850 610 1886 deinde
634 1854 734 1886 tutor
758 1851 882 1893 datus,
915 1861 962 1886 an
995 1851 1170 1896 postulari

75 1899 264 1941 suspectus
288 1899 435 1941 propter
465 1895 611 1931 fraudes
645 1896 683 1930 in
717 1907 804 1931 cura
835 1896 1009 1932 admissas
1041 1897 1168 1942 possit,

75 1941 232 1976 dubitari
255 1945 385 1986 potest.
413 1944 447 1976 et
471 1941 501 1976 si
526 1941 666 1986 quidem
698 1941 809 1976 habet
841 1945 1060 1985 contutores,
1096 1952 1169 1977 non

100 1987 207 2022 oterit
229 1986 416 2031 postulari,
443 1986 525 2031 quia
546 1987 726 2022 conveniri
750 1991 883 2031 potest,
908 1988 1024 2022 sinon
1047 1987 1168 2030 habet,

74 1998 116 2067 {³2
165 2032 319 2067 amoveri
342 2036 472 2077 potest.
506 2031 544 2066 Si
567 2036 666 2067 tutor
689 2032 853 2068 inimicus
877 2033 1013 2085 pupillo
1038 2043 1168 2078 paren·

73 2077 213 2112 tibusve
249 2077 324 2112 eius
360 2077 406 2112 sit
441 2081 476 2112 et
510 2077 721 2121 generaliter
756 2078 786 2112 si
822 2088 893 2123 qua
926 2082 1023 2113 iusta
1058 2088 1170 2113 causa

74 2127 275 2168 praetorem
300 2123 458 2164 moverit,
486 2132 550 2157 cur
573 2133 646 2158 non
671 2122 800 2158 debeat
823 2123 860 2158 in
885 2133 928 2158 ea
952 2123 1066 2158 tutela
1088 2134 1167 2159 ver-

77 2171 116 2202 13
165 2168 247 2210 sari,
272 2168 407 2203 reicere
432 2178 512 2203 eum
538 2167 691 2203 debebit.
740 2168 889 2203 Severus
915 2172 950 2204 et
963 2169 1168 2204 Antoninus

73 2213 334 2258 rescripserunt
365 2213 536 2258 Epicurio
568 2217 726 2256 tutores,
764 2214 824 2258 qui
859 2224 917 2249 res
941 2214 1069 2249 vetitas
1093 2214 1170 2249 sine

74 2258 216 2294 decreto
242 2258 504 2300 distraxerunt,
536 2259 624 2293 nihil
655 2258 797 2303 quidem
828 2259 959 2304 egisse,
991 2270 1114 2294 verum
1139 2259 1169 2294 si

72 2314 137 2349 per
171 2303 335 2338 fraudem
370 2304 406 2338 id
440 2303 626 2346 fecerunt,
662 2305 836 2339 removeri
880 2315 941 2340 eos
988 2308 1166 2349 oportere.

77 2352 116 2383 14
164 2349 289 2390 Tutor,
315 2349 375 2394 qui
399 2349 445 2383 ad
466 2350 633 2384 alimenta
645 2349 781 2395 pupillo
794 2349 1015 2395 praestanda
1028 2350 1167 2395 copiam

73 2394 128 2429 sui
163 2405 235 2429 non
269 2394 398 2436 faciat,
436 2398 624 2439 suspectus
658 2399 712 2430 est
746 2395 949 2440 poteritque
980 2395 1164 2431 removeri.

76 2443 114 2474 15
163 2439 234 2474 Sed
259 2440 288 2474 si
313 2450 385 2474 non
408 2440 543 2482 latitet,
581 2440 645 2475 sed
668 2450 839 2485 praesens
864 2440 951 2475 nihil
974 2450 1081 2485 posse
1105 2440 1165 2476 de-

73 2485 168 2520 cerni
193 2485 375 2520 contendit
399 2485 502 2530 quasi
524 2486 692 2530 inopibus
703 2486 727 2528 ³,
760 2485 791 2520 si
822 2486 915 2521 datis
940 2486 1076 2531 pupillo
1101 2485 1165 2521 ad-

72 2530 207 2565 vocatis
231 2530 268 2565 in
284 2530 469 2566 mendacio
494 2531 697 2566 revincatur
707 2532 731 2573 ⁵,
757 2530 803 2566 ad
819 2531 1042 2576 praefectum
1065 2531 1166 2567 urbis

71 2575 305 2611 remittendus
331 2579 404 2610 est:
437 2586 553 2621 neque
578 2576 670 2611 enim
693 2577 842 2611 interest
864 2576 901 2611 id
915 2586 1020 2622 agere
1044 2587 1164 2622 quem-

71 2631 189 2665 quam,
214 2624 255 2656 ut
279 2624 448 2666 corrupta
471 2621 541 2656 fide
564 2621 804 2666 inquisitionis
835 2625 934 2657 tutor
966 2622 1164 2658 constitua-

70 2670 140 2708 tur,
165 2676 212 2701 an
235 2666 332 2701 bona
354 2665 424 2700 fide
449 2667 682 2702 constitutum
701 2667 799 2702 velut
821 2667 1039 2712 praedonem
1061 2667 1165 2703 bonis

71 2711 194 2746 alienis
229 2712 452 2746 incumbere:
496 2712 555 2746 hic
599 2722 681 2757 ergo
726 2722 799 2747 non
835 2712 939 2758 quasi
973 2716 1164 2758 suspectus

70 2756 319 2799 removebitur,
345 2757 408 2792 sed
431 2757 632 2792 remittetur
651 2756 853 2802 puniendus
874 2767 917 2793 ea
940 2767 1069 2803 poena,
1094 2768 1165 2803 qua

71 2802 187 2837 solent
211 2802 328 2844 adfici,
354 2802 414 2846 qui
436 2803 585 2837 tutelam
611 2802 788 2848 corruptis
819 2802 1025 2838 ministeriis
1059 2813 1164 2848 prae-

73 2849 113 2882 16
160 2847 248 2882 toris
272 2847 509 2882 redemerunt.
550 2847 642 2891 Qui⁵
658 2848 848 2892 pecuniam
872 2848 919 2883 ad
937 2847 1164 2893 praediorum

72 2892 285 2937 emptionem
310 2892 472 2928 conferre
505 2903 621 2938 neque
650 2893 841 2938 pecuniam
872 2893 1052 2938 deponere
1082 2903 1163 2938 per-

70 2938 240 2973 vicaciter
262 2942 436 2983 perstant,
462 2938 582 2984 quoad
606 2939 793 2983 emptionis
830 2938 974 2974 occasio
1006 2939 1163 2974 invenia-

71 2986 140 3024 tur,
166 2983 314 3018 vinculis
339 2984 491 3028 publicis
523 2984 693 3019 iubentur
725 2984 919 3026 contineri,
952 2987 988 3018 et
1017 2984 1165 3029 insuper

70 3039 135 3107 Ero
160 3029 337 3073 suspectis
361 3029 551 3064 habentur.
577 3029 641 3064 sed
657 3029 842 3064 sciendum
867 3033 922 3064 est
944 3039 1017 3064 non
1042 3039 1164 3065 omnes

96 3082 140 3108 ac
164 3073 352 3108 severitate
377 3074 506 3109 debere
530 3074 691 3117 tractari,
716 3074 780 3110 sed
796 3074 919 3120 utique
938 3074 1163 3110 humiliores:

72 3122 228 3154 ceterum
253 3129 325 3162 eos,
351 3119 411 3164 qui
434 3123 519 3154 sunt
550 3120 586 3154 in
611 3120 731 3165 aliqua
755 3119 926 3165 dignitate
949 3119 1068 3165 positi,
1091 3130 1165 3156 non

74 3165 111 3197 17
162 3164 290 3208 opinor
320 3164 469 3199 vinculis
501 3165 655 3209 publicis
688 3165 863 3200 contineri
903 3169 1079 3210 oportere.
1127 3165 1164 3200 Is

70 3211 180 3251 tutor,
205 3209 265 3254 qui
289 3209 600 3245 inconsideranter
622 3210 796 3255 pupillum
818 3210 874 3246 vel
892 3210 974 3245 dolo
991 3210 1165 3246 abstinuit

74 3255 114 3287 18
162 3254 377 3297 hereditate,
410 3259 529 3300 potest
565 3259 756 3300 suspectus
788 3255 975 3300 postulari.
1025 3255 1093 3300 Qui
1116 3256 1162 3291 ob

71 3299 255 3343 segnitiam
279 3300 333 3334 vel
355 3300 594 3335 rusticitatem
616 3300 780 3335 inertiam
801 3300 1086 3346 simplicitatemss
1108 3300 1164 3336 vel

70 3342 242 3389 ineptiam
265 3349 424 3380 remotus
457 3346 521 3388 sit,
556 3346 594 3380 in
625 3345 694 3381 hac
728 3356 838 3381 causa
872 3349 938 3387 est,
961 3349 1003 3381 ut
1024 3346 1164 3390 integra

72 3459 111 3499 (1)
137 3457 283 3490 aliamF
441 3458 484 3499 (2)
510 3457 638 3491 abisset
661 3459 745 3493 Hal.
886 3461 929 3501 (3)
966 3460 1063 3503 inopi
1088 3461 1162 3493 dett.

72 3503 114 3543 (4)
139 3503 197 3535 sic.
212 3503 306 3541 Hal„
318 3503 552 3536 revindicatur
563 3504 598 3536 F
675 3505 717 3546 (5)
743 3514 853 3547 neque
865 3517 927 3538 sec.
946 3503 1088 3539 Graecos
1102 3506 1163 3538 ins.

72 3549 114 3586 (6)
140 3547 298 3579 inertiam
312 3547 565 3589 simplicitatem
579 3549 641 3582 del.
785 3552 827 3591 (7)
853 3549 1091 3591 removebitur,
1105 3549 1163 3582 sed

1247 369 1319 393 non
1345 359 1412 393 erit
1434 358 1607 401 famosus,
1631 359 1716 404 quia
1739 370 1811 394 non
1836 365 1890 395 est
1914 361 2012 396 abire
2036 361 2149 397 tutela
2172 361 2301 397 iussus.

1293 402 1319 440 4
1343 403 1450 439 low
1465 404 1556 440 libro
1574 405 1698 457 primo
1722 405 1767 439 de
1790 407 1954 441 omnibus
1977 407 2217 442 tribunalibus
2261 407 2341 442 Hae

1247 449 1340 484 enim
1365 459 1498 485 causae
1520 448 1671 491 faciunt,
1704 453 1745 484 ut
1768 450 1907 495 integra
1941 452 2203 487 existimatione
2226 453 2340 487 tutela

1252 497 1263 528 1
1313 494 1369 529 vel
1393 505 1482 529 cura
1505 494 1583 539 quis
1608 495 1725 529 abeat.
1763 494 1917 530 Decreto
1938 496 2044 540 igitur
2065 497 2208 532 debebit
2229 508 2341 533 causa

1245 539 1449 574 removendi
1481 539 1690 584 significari,
1722 543 1763 574 ut
1793 546 1967 585 appareat
1998 541 2041 576 de
2066 542 2337 578 existimatione.

1246 587 1266 619 2
1314 584 1406 629 Quid
1431 595 1513 629 ergo
1539 585 1569 619 si
1593 596 1665 620 non
1690 584 1938 629 significaverit
1963 597 2107 622 causam
2132 588 2338 623 remotionis

1246 629 1390 665 decreto
1415 630 1508 665 suo?
1531 629 1752 675 Papinianus
1774 630 1825 664 ait
1844 630 2009 666 debuisse
2033 632 2104 667 dici
2127 633 2223 668 hunc
2247 634 2337 668 inte-

1245 677 1265 710 3
1312 685 1397 719 grae
1420 685 1499 711 esse
1522 675 1656 717 famae,
1693 679 1729 710 et
1764 678 1819 710 est
1849 686 1981 711 verum.
2029 676 2067 712 Si
2090 682 2235 722 praetor
2258 688 2338 714 sen-

1244 720 1357 754 tentia
1381 730 1448 755 sua
1467 730 1540 755 non
1555 720 1745 755 removerit
1767 721 1892 763 tutela,
1911 721 1974 756 sed
1997 732 2119 766 gerere
2143 724 2338 775 prohibuit,

1244 764 1433 800 dicendum
1468 769 1524 800 est
1557 766 1669 810 magis
1705 776 1804 808 esse,
1839 769 1880 800 ut
1915 770 1950 801 et
1984 767 2043 802 hic
2078 767 2218 803 desinat
2240 772 2339 804 tutor

1243 813 1265 844 4
1312 820 1401 846 esse.
1450 809 1520 854 Qui
1551 811 1638 846 nihil
1670 814 1875 856 gesserunt,
1908 822 1980 847 non
2003 817 2157 856 possunt
2180 814 2339 859 suspecti

1242 855 1428 936 postulari,
1464 866 1587 891 verum
1619 857 1664 891 ob
1697 856 1873 901 ignaviam
1907 857 1963 892 vel
1996 858 2251 909 neglegentiam
2283 860 2338 894 vel

1268 900 1377 943 olum,
1402 900 1433 936 si
1457 900 1538 936 dolo
1563 901 1738 944 fecerunt,
1764 905 1917 947 possunt
1939 913 2123 938 removen.

1289 944 1314 983 5
1331 946 1345 967 ⁸
1379 945 1488 981 IDEM
1514 946 1606 982 libro
1643 947 1748 982 tertio
1785 947 2071 993 disputationum
2142 947 2338 993 Suspectus

1241 990 1319 1026 fieri
1341 991 1372 1027 is
1397 1002 1550 1036 quoque,
1588 992 1649 1037 qui
1684 992 1771 1027 satis
1808 992 1944 1028 dederit
1977 993 2032 1028 vel
2068 1004 2165 1028 nunc
2199 993 2338 1037 offerat,

1240 1040 1379 1081 potest:
1414 1047 1457 1072 ex
1484 1036 1557 1072 edit
1581 1037 1674 1072 enim
1698 1037 1834 1082 pupillo
1859 1048 1934 1073 rem
1966 1048 2068 1074 suam
2091 1038 2225 1073 salvam
2248 1039 2337 1082 fore,

1266 1092 1349 1116 uam
1373 1082 1435 1117 tab
1477 1092 1518 1117 as
1542 1092 1617 1118 rem
1641 1083 1776 1118 salvam
1799 1082 1877 1118 fore
1894 1084 2071 1119 cautionis
2095 1084 2247 1119 haberet
2272 1095 2338 1120 nec

1257 1126 1410 1162 erendus
1435 1130 1490 1163 est
1515 1131 1692 1169 contutor‚
1729 1128 1790 1173 qui
1820 1128 1901 1164 ideo
1934 1129 2106 1173 collegam
2131 1139 2235 1164 suum
2259 1139 2333 1165 sus-

1240 1175 1386 1218 pectum
1410 1183 1482 1208 non
1505 1171 1602 1216 fecit,
1627 1173 1796 1218 quoniam
1820 1177 1966 1209 cautum
1991 1178 2067 1209 erat
2090 1174 2239 1219 pupillo,

1288 1215 1313 1254 6
1329 1218 1343 1239 ⁸
1369 1217 1659 1254 Gauzsmaws
1693 1218 1784 1254 libro
1821 1222 1952 1264 quarto
1990 1220 2035 1254 de
2070 1220 2338 1266 coynitionibus

1241 1263 1326 1308 quia
1362 1262 1551 1298 satisdatio
1587 1264 1812 1309 propositum
1846 1264 1977 1300 tutoris
2019 1264 2231 1300 malevolum
2266 1275 2339 1301 non

1239 1311 1367 1352 mutat,
1391 1308 1455 1344 sed
1478 1308 1612 1345 diutius
1634 1309 1822 1354 grassandi
1851 1309 1890 1345 in
1919 1320 1959 1345 re
1993 1310 2161 1345 familiari
2183 1309 2337 1346 faculta-

1239 1357 1312 1390 tem
1361 1357 1508 1389 raestat.

1287 1397 1310 1436 7
1323 1364 1358 1420 ⁹p
1369 1398 1566 1435 Uzpmws
1587 1399 1679 1436 libro
1696 1400 1821 1447 primo
1847 1400 1891 1435 de
1907 1401 2073 1436 omnibus
2096 1400 2337 1436 tribunalibus

1239 1444 1488 1490 Impuberibus
1513 1444 1656 1490 quidem
1668 1455 1742 1480 non
1764 1445 1982 1491 permittitur
1994 1449 2183 1491 suspectos
2195 1445 2336 1481 facere:

1240 1490 1529 1525 adulescentibus
1552 1491 1660 1535 plane
1682 1490 1883 1526 volentibus
1907 1495 2096 1536 suspectos
2129 1490 2250 1527 facere
2274 1502 2337 1526 cu-

1239 1539 1378 1571 ratores
1403 1545 1488 1571 suos
1512 1535 1741 1587 permittitur,
1767 1535 1958 1571 dummodo
1984 1546 2027 1572 ex
2044 1537 2193 1572 consilio
2210 1546 2336 1572 neces·

1243 1584 1258 1615 1
1308 1580 1484 1616 sariorum
1519 1580 1557 1615 1d
1589 1580 1738 1616 faciant.
1798 1581 1836 1616 Si
1869 1581 1970 1617 fraus
2002 1592 2075 1617 non
2099 1582 2146 1617 sit
2170 1581 2336 1625 admissa,

1240 1625 1304 1662 sed
1326 1626 1403 1661 lata
1426 1626 1659 1671 neglegentia,
1685 1626 1769 1672 quia
1791 1627 1862 1662 ista
1892 1637 2007 1672 prope
2036 1627 2201 1663 fraudem
2233 1637 2335 1663 acce-

1239 1673 1259 1706 2
1285 1671 1348 1714 dit,
1371 1672 1545 1707 removeri
1568 1672 1665 1707 hunc
1690 1672 1793 1717 quasi
1816 1676 2024 1717 suspectum
2036 1676 2188 1718 oportet.
2225 1672 2335 1708 Prae-

1238 1721 1338 1752 terea
1361 1720 1593 1752 accesserunt
1617 1717 1793 1762 quaedam
1817 1718 1955 1763 species
1981 1728 2025 1753 ex
2049 1729 2068 1753 e
2094 1718 2202 1753 istula
2225 1718 2335 1763 impe-

1238 1762 1368 1798 ratoris
1392 1762 1507 1797 nostri
1532 1766 1567 1797 et
1591 1761 1661 1798 divi
1685 1762 1805 1798 Severi
1828 1763 1875 1798 ad
1885 1763 2027 1798 Atrium
2044 1762 2071 1798 C
2087 1763 2227 1799 onium:
2252 1773 2336 1798 nam

1239 1807 1408 1843 adversus
1434 1817 1506 1850 eos,
1531 1807 1604 1853 qui,
1623 1817 1668 1842 ne
1681 1808 1850 1843 alimenta
1862 1808 2113 1851 decernantur,
2127 1809 2183 1844 sui
2196 1808 2335 1854 copiam

1238 1856 1468 1898 perseverant
1491 1863 1564 1888 non
1587 1852 1720 1896 facere,
1745 1857 1787 1888 ut
1810 1853 1885 1889 suis
1908 1854 2017 1889 rebus
2050 1858 2199 1889 careant
2230 1864 2334 1899 prae-

1239 1898 1370 1943 cipitur
1392 1898 1515 1943 reique
1538 1898 1734 1934 servandae
1759 1909 1870 1934 causa
1893 1899 2050 1944 pupillus
2074 1899 2111 1934 in
2135 1899 2334 1944 possessio·

1238 1954 1320 1979 nem
1338 1943 1502 1978 mittatur
1526 1943 1613 1986 eius,
1639 1943 1700 1988 qui
1723 1948 1911 1989 suspectus
1925 1944 2103 1980 sententia
2116 1946 2143 1965 ¹⁰
2167 1955 2234 1981 sua
2257 1944 2334 1980 fac-

1238 1992 1297 2024 tus
1322 1992 1387 2031 est,
1436 1998 1575 2034 uaeque
1598 1999 1700 2024 mora
1725 1989 1903 2025 deteriora
1925 1989 2050 2025 futura
2065 1994 2150 2025 sunt
2168 1993 2335 2025 curatore

1239 2037 1259 2069 3
1307 2033 1392 2069 dato
1413 2000 1569 2069 ‘distrahi
1591 2034 1770 2070 iubentur.
1818 2035 1909 2070 Item
1941 2035 1971 2070 si
2003 2035 2081 2080 quis
2106 2039 2205 2071 tutor
2229 2035 2334 2071 datus

1238 2090 1311 2115 non
1336 2083 1552 2125 compareat,
1578 2079 1670 2115 solet
1693 2079 1818 2115 edictis
1843 2080 1996 2122 evocari,
2021 2080 2282 2126 novissimeque
2305 2081 2335 2116 si

1238 2124 1379 2170 copiam
1403 2124 1460 2160 sui
1495 2135 1569 2160 non
1603 2124 1740 2167 fecerit,
1777 2129 1819 2161 ut
1853 2129 2042 2171 suspectus
2077 2126 2252 2162 removeri
2287 2126 2333 2162 ob

1237 2170 1307 2206 hoc
1330 2170 1460 2215 ipsum,
1485 2170 1582 2215 quod
1607 2171 1747 2223 copiam
1772 2171 1828 2206 sui
1850 2182 1924 2207 non
1947 2170 2043 2206 fecit.
2071 2171 2168 2217 quod
2193 2175 2228 2206 et
2251 2182 2332 2217 per-

1236 2225 1318 2250 raro
1344 2219 1380 2250 et
1403 2214 1560 2259 diligenti
1583 2216 1708 2251 habita
1730 2215 1960 2261 inquisitione
1983 2215 2189 2252 faciendum
2212 2220 2279 2252 est.

1283 2257 1308 2299 8
1323 2261 1349 2281 ¹¹
1384 2259 1493 2295 IDEM
1530 2260 1622 2297 libro
1664 2262 1894 2308 sexaqesimo
1920 2263 2048 2308 primo
2095 2262 2145 2297 ad
2178 2261 2333 2297 edictum

1237 2305 1452 2351 Suspectum
1483 2309 1640 2342 tutorem
1672 2317 1753 2342 eum
1776 2310 1956 2352 putamus,
1981 2306 2043 2352 qui
2066 2307 2226 2342 moribus
2252 2307 2333 2342 talis

1237 2354 1302 2394 est,
1326 2354 1368 2386 ut
1392 2354 1582 2396 suspectus
1606 2351 1670 2387 sit:
1704 2352 1880 2387 enimvero
1895 2355 1994 2387 tutor
2010 2352 2169 2397 quamvis
2193 2362 2333 2398 pauper

1236 2399 1301 2439 est,
1326 2395 1441 2431 fidelis
1477 2399 1600 2432 tamen
1634 2400 1670 2432 et
1704 2396 1869 2442 diligens,
1901 2398 2135 2432 removendus
2168 2407 2242 2433 non
2278 2400 2332 2433 est

1235 2441 1338 2487 quasi
1362 2445 1561 2487 suspectus.

1282 2485 1307 2524 9
1332 2486 1589 2523 Moorsmws
1609 2487 1700 2523 libro
1729 2487 1915 2534 singulari
1936 2488 1980 2522 de
2003 2486 2259 2524 lieurematicis
2293 2487 2331 2525 Si

1234 2535 1333 2567 tutor
1357 2532 1476 2577 aliquo
1501 2532 1643 2568 vinculo
1669 2532 1942 2568 necessitudinis
1965 2532 2020 2568 vel
2044 2533 2240 2569 adfinitatis
2263 2544 2330 2579 pu-

1233 2577 1319 2623 pillo
1345 2577 1558 2613 coniunctus
1583 2578 1630 2613 sit
1651 2579 1707 2614 vel
1731 2578 1761 2613 si
1784 2581 1959 2623 patronus
1983 2578 2109 2623 pupilli
2132 2578 2250 2614 liberti
2272 2582 2330 2615 tu-

1234 2623 1343 2658 telam
1365 2623 1456 2667 gerit
1481 2626 1515 2657 et
1538 2623 1617 2668 quis
1642 2634 1765 2659 eorum
1789 2633 1811 2657 a
1834 2623 1947 2658 tutela
1960 2624 2195 2659 removendus
2210 2624 2330 2659 videa-

1233 2671 1304 2710 tur,
1330 2668 1503 2712 optimum
1525 2667 1663 2704 factum
1688 2672 1742 2704 est
1766 2671 1968 2703 curatorem
1993 2668 2024 2703 ei
2047 2669 2168 2713 potius
2184 2668 2330 2715 adiungi

1235 2724 1342 2758 quam
1358 2713 1516 2766 ‘eundem
1542 2724 1623 2749 cum
1646 2714 1804 2749 notata¹²
1827 2712 1898 2748 fide
1923 2717 1958 2748 et
1981 2713 2242 2750 existimatione
2273 2725 2328 2751 re-

1233 2769 1379 2794 moveri.

1284 2802 1334 2841 10
1360 2803 1610 2839 mmmm
1630 2803 1720 2839 libro
1745 2803 1955 2839 duodecimo
1969 2805 2220 2850 quaestionum
2256 2804 2328 2840 De-

1235 2852 1333 2884 creto
1357 2848 1532 2894 praetoris
1556 2851 1598 2883 ut
1620 2851 1809 2893 suspectus
1822 2852 1979 2885 remotus
1991 2849 2192 2895 periculum
2214 2849 2329 2885 futuri

1232 2897 1305 2929 tem
1332 2894 1404 2929 oris
1428 2904 1501 2929 non
1525 2894 1643 2929 timet:
1684 2893 1844 2938 iniquum
1869 2894 1961 2929 enim
1992 2894 2133 2930 videtur
2155 2895 2328 2931 removeri

1234 2939 1295 2984 qui
1322 2949 1377 2974 em
1412 2949 1434 2974 a
1468 2939 1583 2974 tutela
1618 2939 1673 2974 vel
1709 2949 1818 2982 cura,
1853 2939 1892 2975 in
1924 2939 2086 2975 futurum
2110 2944 2231 2975 autem
2254 2951 2326 2976 non

1234 2994 1313 3019 esse
1336 2994 1513 3019 securum.

1283 3027 1330 3066 11
1359 3028 1469 3064 IDEM
1487 3028 1579 3064 libro
1603 3029 1729 3074 quinto
1752 3039 2011 3075 responsorum
2069 3031 2157 3066 Post
2188 3031 2326 3065 finitam

1233 3074 1384 3110 tutelam
1405 3073 1564 3154 fognitio
1589 3074 1748 3119 suspecti
1770 3074 1899 3110 tutoris
1924 3076 2084 3121 quamvis
2109 3076 2245 3121 pridem
2268 3086 2324 3111 re-

1234 3129 1275 3155 ce
1302 3123 1340 3154 ta
1363 3129 1403 3154 so
1419 3119 1524 3154 vitur.

1309 3162 1334 3200 2
1359 3164 1386 3199 I
1388 3173 1502 3200 omes
1520 3164 1675 3203 Aemi
1699 3164 1791 3201 libro
1814 3175 2073 3211 responsorum
2119 3165 2217 3200 Nihil
2240 3174 2323 3217 pro-

1232 3210 1337 3255 poni,
1376 3220 1441 3244 cur
1470 3209 1716 3254 praescribere
1752 3215 1896 3246 curator
1918 3211 2034 3256 possit
2062 3211 2100 3245 in
2125 3210 2324 3255 cognitmne

1232 3255 1403 3300 suspecti,
1427 3265 1496 3300 quo
1517 3254 1634 3290 minus
1656 3255 1778 3299 religio
1790 3256 1968 3301 praetoris
1989 3266 2011 3291 a
2030 3255 2197 3301 pupillari
2221 3264 2322 3290 servo

1233 3300 1421 3345 detegente
1443 3299 1590 3336 fraudes
1612 3300 1820 3337 instruatur.

1724 3462 1767 3501 (s)
1791 3476 1838 3489 =
1849 3461 1931 3494 Inst.
1947 3461 1977 3501 1,
1991 3465 2083 3499 26,12
2200 3457 2244 3497 (9)
2269 3465 2319 3498 pr.

1799 3507 1857 3546 (10)
1884 3504 2065 3544 sententia]
2079 3501 2233 3535 absentia
2245 3513 2272 3534 v.
2288 3502 2318 3534 d.

2101 3549 2157 3588 (12)
2183 3544 2325 3580 notatF

1235 3463 1372 3501 praetor
1383 3459 1531 3501 aliquem
1544 3472 1590 3494 sc»

1237 3509 1292 3544 §1-
1308 3512 1324 3538 2
1338 3521 1383 3533 =
1394 3505 1475 3538 Inst.
1492 3506 1522 3546 1,
1536 3511 1585 3548 26,
1599 3512 1625 3539 4.
1641 3512 1658 3539 9

1233 3550 1326 3592 apud
1336 3549 1577 3594 Schultinyium
1648 3553 1702 3592 (11)
1726 3567 1772 3579 =
1783 3551 1864 3584 Inst.
1884 3552 1911 3591 1,
1924 3556 1973 3590 26,
1987 3555 2019 3582 13
