2528 3918
182 118 303 160 1114
1272 112 1328 161 28

182 239 392 276 sententiam
425 238 629 274 decurrunt.
679 237 768 274 adeo
793 241 912 274 autem
937 238 1180 274 conventionis
1205 249 1268 273 no-

181 295 263 321 men
292 283 457 329 generale
489 286 561 326 est,
594 286 635 318 ut
658 283 711 318 ele
758 286 838 319 nter
860 283 957 319 dicat
978 283 1109 318 Pedius
1133 283 1270 318 nullum

181 339 261 366 esse
284 332 519 371 contractum,
543 328 679 380 nullam
702 338 722 364 c
748 328 971 382 ligationem,
996 338 1088 374 quae
1110 338 1182 363 non
1204 328 1269 363 ha-

181 375 268 410 beat
296 374 335 409 in
365 383 404 409 se
434 376 720 417 conventionem,
755 383 829 409 sive
858 384 899 410 re
929 373 1002 409 sive
1035 373 1152 408 verbis
1187 372 1268 408 fiat:

181 430 265 456 nam
298 423 335 454 et
364 417 548 463 stipulatio
580 428 674 464 quae
694 418 811 455 verbis
834 418 894 462 fit,
926 418 996 454 nisi
1025 418 1160 454 habeat
1184 428 1269 453 con-

181 468 202 500 4
249 474 412 506 sensum,
437 463 537 498 nulla
560 467 625 499 est.
674 463 744 499 Sed
776 464 1048 501 conventionum
1079 463 1272 508 pleraeque

179 510 218 545 in
242 508 340 544 aliud
363 519 492 544 nomen
521 511 729 545 transeunt:
760 509 869 545 veluti
899 509 937 544 in
969 508 1202 553 emptionem,
1233 508 1271 543 in

180 554 406 596 locationem,
430 554 468 588 in
515 553 618 599 ignus
640 554 697 590 vel
719 555 757 589 in
780 554 1056 599 stipulationem.

227 597 252 636 2
277 598 438 634 Pavum
457 599 486 634 le·
526 610 548 634 o
571 600 675 635 tertio
699 600 750 635 ad
772 599 924 635 edictum
970 598 1093 634 Labeo
1114 598 1166 634 ait
1184 608 1270 634 con·

180 644 299 680 venire
320 645 452 689 posse¹
475 644 531 680 vel
553 655 612 680 re:
636 645 691 681 vel
714 655 778 690 per
801 644 989 689 epistulam
1011 643 1068 679 vel
1089 654 1155 689 per
1178 654 1269 679 nun-

179 690 270 725 tium
291 689 386 725 inter
409 690 575 725 absentes
599 700 740 735 quoque
763 699 880 735 posse.
928 689 992 724 sed
1024 689 1131 724 etiam
1161 689 1272 724 tacite

184 738 198 770 1
250 744 429 771 consensu
453 735 641 771 convenire
664 735 896 779 intellegitur:
931 737 967 769 et
994 733 1075 769 ideo
1107 733 1138 769 si
1171 734 1269 769 debi-

180 780 252 815 tori
270 789 349 815 meo
367 779 578 816 reddiderim
600 781 812 815 cautionem.
829 779 968 814 videtur
986 779 1079 814 inter
1097 789 1164 815 nos
1185 789 1269 814 con-

179 825 319 861 venisse
347 835 395 860 ne
424 828 601 871 peterem,
636 829 932 871 prolutul'amque
963 824 995 860 ei
1027 824 1270 860 conventionis

181 869 426 916 exceptionem
449 870 595 915 placuit.

226 913 251 953 3
276 914 533 951 Mooasmws
553 915 645 951 libro
679 915 782 950 tertio
815 914 1026 961 reqularum
1072 914 1270 959 Postquam

179 961 308 1041 ffissnus
331 970 414 996 vero
439 959 590 996 debitori
612 960 801 1001 reddatur,
826 959 856 994 si
878 958 1031 1004 pecunia
1055 959 1174 995 soluta
1197 969 1270 994 non

222 1005 300 1049 erit,
325 1004 483 1041 debitum
505 1006 577 1050 peti
600 1015 707 1050 posse
731 1004 878 1039 dubium
901 1015 975 1039 non
998 1007 1071 1047 est,
1096 1004 1164 1040 nisi
1188 1014 1269 1049 spe-

181 1050 318 1087 cialiter
342 1051 561 1086 contrarium
585 1053 706 1085 actum
731 1060 808 1085 esse
832 1049 1015 1094 probetur.

226 1095 253 1132 4
276 1095 437 1131 Pan-ms
456 1095 548 1131 libro
573 1096 677 1130 tertio
701 1095 751 1130 ad
773 1094 926 1130 edictum
968 1095 1058 1129 Item
1078 1094 1162 1140 quia
1184 1105 1268 1130 con-

179 1141 362 1176 ventiones
383 1140 489 1175 etiam
508 1140 642 1175 tacite²
660 1140 788 1182 valent,
813 1139 932 1184 placet
950 1139 988 1174 in
1009 1139 1155 1175 urbanis
1166 1139 1269 1174 habi·

178 1185 377 1221 tationibus
410 1185 570 1221 locandis
604 1185 746 1220 invecta
775 1185 876 1220 illata
906 1185 1047 1230 pignori
1070 1195 1148 1220 esse
1170 1184 1268 1220 loca-

182 1233 198 1266 1
248 1230 331 1273 tori,
356 1230 495 1265 etiamsi
519 1230 606 1265 nihil
629 1229 838 1266 nominatim
870 1229 1086 1266 convenerit.
1135 1229 1269 1265 Secun-

179 1278 201 1311 2
249 1275 334 1311 dum
356 1275 446 1310 haec
471 1279 506 1310 et
529 1279 649 1310 mutus
673 1275 809 1327 pacisci
828 1278 958 1320 potest.
1005 1275 1122 1310 Huius
1141 1275 1193 1310 rei
1211 1285 1269 1310 ar-

179 1324 386 1366 gumentum
407 1320 513 1355 etiam
525 1320 707 1365 stipulatio
729 1320 823 1355 dotis
844 1330 955 1355 causa
973 1319 1073 1356 facta
1093 1322 1165 1355 est:
1186 1330 1270 1355 nam

180 1369 265 1401 ante
288 1366 432 1410 nuptias
455 1366 548 1400 male
570 1366 722 1411 petitur,
756 1365 860 1411 quasi
892 1365 923 1401 si
944 1365 1041 1401 hoc³
1065 1375 1271 1410 expressum

178 1410 317 1453 fuisset,
343 1413 379 1445 et
402 1422 450 1445 nu
477 1410 535 1445 tiis
559 1421 631 1445 non
655 1411 787 1446 secutis
811 1410 889 1455 ipso
909 1411 988 1446 iure
1009 1410 1187 1445 evanescit
1207 1410 1269 1446 sti-

180 1458 201 1491 3
246 1456 395 1501 pulatic.
431 1455 444 1490 i
471 1465 525 1490 em
548 1455 686 1492 Iuliano
706 1456 835 1501 placet.
883 1455 943 1490 Ex
953 1454 1052 1491 facto
1065 1455 1172 1490 etiam
1186 1466 1270 1491 con-

179 1500 307 1544 sultus,
333 1511 415 1536 cum
436 1501 670 1544 convenisset,
694 1504 736 1536 ut
759 1500 873 1536 donec
895 1510 1028 1536 usurae
1052 1501 1272 1536 solverentur

179 1556 258 1582 sors
292 1555 365 1581 non
399 1548 583 1590 peteretur
592 1547 617 1588 ⁴,
655 1547 715 1581 et⁵
750 1545 935 1591 stipulatio
970 1556 1061 1591 pure
1096 1556 1207 1581 conce
1232 1549 1271 1582 ta

178 1591 316 1633 fuisset,
342 1590 586 1626 condicionem
609 1591 727 1626 inesse
750 1590 991 1636 stipulationi,
1016 1594 1125 1636 atque
1148 1591 1179 1626 si
1228 1601 1271 1626 oc

180 1646 222 1671 ex
248 1646 387 1671 ressum
409 1635 547 1671 fuisset.

282 1679 479 1716 ULPJANUS
505 1680 596 1716 libro
629 1683 761 1726 quarto
785 1680 836 1716 ad
857 1680 1010 1716 edictum
1058 1679 1270 1716 Conventio-

178 1737 264 1761 num
288 1729 408 1761 autem
429 1728 503 1761 tres
528 1729 612 1761 sunt
643 1725 792 1770 species.
831 1730 895 1761 aut
928 1725 1021 1760 enim
1053 1735 1097 1760 ex
1126 1725 1271 1771 publica

178 1780 290 1807 causa
313 1769 407 1805 fiunt
429 1774 493 1806 aut
517 1781 561 1806 ex
609 1770 741 1806 rivata:
772 1770 912 1815 privata
942 1774 1006 1805 aut
1029 1770 1184 1815 legitima
1208 1773 1271 1805 aut

177 1816 265 1851 iuris
295 1815 466 1861 gentium.
503 1816 576 1861 pub
591 1816 649 1851 ica
681 1816 867 1851 conventio
901 1818 975 1858 est,
1009 1825 1101 1861 quae
1132 1815 1175 1850 fit
1204 1826 1271 1861 per

177 1871 303 1906 pacem
312 1861 338 1903 ⁶,
362 1860 526 1906 quotiens
550 1861 643 1896 inter
666 1871 705 1896 se
726 1860 834 1896 duces
855 1860 938 1896 belli
958 1860 1132 1906 quaedam
1151 1861 1268 1906 pacis-

178 1909 320 1941 cuntur.

224 1948 249 1988 6
274 1949 436 1986 Pano-s
463 1950 554 1986 libro
580 1951 684 1986 tertio
709 1950 758 1985 ad
780 1951 934 1986 edictum
981 1950 1157 1995 Legitima
1182 1961 1267 1987 con-

177 1995 297 2032 ventio
322 1999 377 2031 est
400 2005 492 2041 quae
515 1995 592 2040 lege
615 1995 736 2041 aliqua
760 1995 1002 2031 confirmatur.
1051 1999 1087 2031 et
1109 1996 1189 2031 ideo
1213 1996 1267 2031 in-

177 2040 318 2077 terdum
343 2051 386 2076 ex
409 2044 517 2085 pacto
542 2040 636 2076 actio
661 2040 823 2076 nascitur
845 2040 902 2075 vel
924 2041 1080 2084 tollitur,
1105 2041 1269 2086 quotiens

177 2086 254 2131 lege
277 2086 333 2121 vel
356 2088 501 2121 senatus
527 2086 691 2121 consulto
716 2085 915 2121 adiuvatur.

228 2129 251 2168 7
284 2130 482 2167 Ulmum
509 2130 600 2166 libro
634 2134 765 2177 quarto
789 2130 839 2165 ad
861 2130 1015 2166 edictum
1060 2130 1152 2166 Iuris
1183 2141 1268 2176 gen-

176 2176 268 2212 tium
291 2175 544 2211 conventiones
570 2175 745 2220 quaedam
769 2175 928 2210 actiones
959 2175 1125 2220 pariunt,
1159 2186 1267 2221 quae-

183 2224 196 2256 1
246 2221 329 2256 dam
353 2220 592 2265 exceptiones.
641 2220 740 2265 Quae
762 2220 909 2265 pariunt
932 2220 1109 2262 actiones,
1141 2220 1179 2255 in
1202 2231 1267 2256 suo

177 2267 320 2302 nomine
343 2275 416 2300 non
440 2268 548 2308 stant,
574 2265 637 2300 sed
660 2268 849 2300 transeunt
871 2265 910 2299 in
932 2265 1115 2310 proprium
1138 2275 1268 2301 nomen

178 2313 406 2347 contractus:
441 2313 483 2345 ut
514 2311 644 2355 emptio
676 2309 852 2352 venditio,
883 2309 1040 2345 locatio⁷
1065 2310 1267 2354 conductio,

177 2356 351 2398 societas,
384 2354 665 2398 commodatum,
699 2355 899 2400 depositum
932 2358 967 2390 et
998 2355 1106 2390 ceteri
1137 2355 1268 2391 similes

178 2404 198 2436 2
247 2403 465 2437 contractus.
514 2399 585 2435 Sed
616 2403 651 2436 et
675 2399 706 2435 si
727 2400 790 2435 in⁸
813 2400 922 2435 alium
954 2403 1179 2435 contractum
1209 2411 1267 2436 res

177 2457 250 2482 non
272 2449 453 2488 transeat,
486 2445 602 2481 subsit
623 2449 744 2480 tamen
776 2455 907 2488 causa,
942 2445 1122 2490 eleganter
1143 2445 1265 2481 Aristo

178 2491 280 2527 Celso
304 2490 490 2543 respondit
513 2500 593 2526 esse
616 2490 876 2535 obligationem.
924 2493 966 2525 ut
984 2493 1076 2542 puta
1099 2490 1180 2525 dedi
1202 2490 1267 2525 tibi

176 2547 250 2572 rem
274 2539 315 2572 ιιι
336 2535 423 2571 mihi
446 2535 553 2571 aliam
576 2535 692 2578 dares,
717 2535 798 2570 dedi
821 2539 862 2570 ut
884 2534 1019 2580 aliqmd
1038 2534 1171 2570 facias:
1196 2535 1267 2571 hoc

178 2579 433 2629 συνάλλαγμαθ
456 2590 535 2616 esse
559 2584 594 2615 et
616 2581 700 2616 hinc
723 2580 824 2616 nasci
848 2580 984 2615 civilem
1003 2580 1265 2625 obligationem.

177 2630 214 2662 et
235 2626 315 2661 ideo
364 2628 427 2661 uto
451 2629 548 2661 recte
571 2625 748 2660 Iulianum
772 2635 795 2661 a
816 2625 1042 2660 Mauriciano
1073 2625 1265 2671 reprehen-

177 2682 257 2706 sum
280 2671 317 2706 in
367 2681 428 2707 oc:
454 2670 535 2705 dedi
558 2670 622 2705 tibi
646 2670 807 2706 Stichum
830 2674 871 2705 ut
889 2670 978 2705 Pam
1005 2670 1116 2705 hilum
1139 2680 1265 2706 manu·

177 2716 317 2751 mittas:
358 2715 610 2751 manumisisti:
653 2715 787 2751 evictus
819 2719 873 2751 est
904 2714 979 2750 Stic
1005 2726 1059 2750 us.
1107 2715 1266 2751 Iulianus

177 2760 302 2796 scribit
324 2760 361 2795 in
384 2760 521 2795 factum
545 2761 720 2796 actionem
751 2771 774 2795 a
830 2764 970 2796 raetore
1001 2759 1174 2795 dandam:
1207 2761 1267 2796 ille

177 2806 228 2841 ait
252 2805 388 2841 civilem
410 2805 538 2840 incerti
561 2806 756 2848 actionem,
788 2805 801 2840 i
857 2809 911 2841 est
933 2805 1091 2850 praescri
1117 2806 1164 2841 tis
1187 2816 1265 2841 ver-

176 2851 233 2886 bis
269 2850 453 2886 sufficere:
490 2860 568 2885 esse
603 2851 696 2886 enim
731 2854 974 2893 contractum,
1011 2861 1081 2896 quo
1143 2851 1264 2886 Aristo

178 2899 198 2931 3
247 2892 473 2942 συνάλλαγμα
508 2894 611 2938 dicit,
643 2895 738 2931 unde
767 2895 858 2931 haec
890 2895 1050 2931 nascitur
1073 2895 1178 2931 actio.
1227 2895 1266 2931 Si

178 2941 225 2977 ob
248 2939 463 2975 maleficium
486 2950 531 2974 ne
554 2940 619 2974 fiat
641 2940 855 2985 promissum
878 2941 943 2983 sit,
976 2940 1075 2976 nulla
1098 2944 1153 2976 est
1175 2940 1264 2976 obli-

177 2989 199 3020 4
244 2985 341 3030 gatio
366 2995 410 3021 ex
433 2985 502 3020 hac
527 2986 771 3021 conventione.
820 2985 891 3021 Sed
915 2996 996 3021 cum
1019 2986 1118 3021 nulla
1141 2986 1266 3021 subest

178 3040 311 3072 causa,
337 3040 407 3082 pro
434 3033 489 3064 ter
520 3031 791 3066 conventionem
813 3031 873 3066 hic
897 3033 1040 3066 constat
1062 3041 1135 3066 non
1158 3040 1264 3076 posse

177 3075 348 3111 constitui
379 3085 399 3110 0
426 3074 645 3119 ligationem:
678 3075 783 3120 igitur
815 3075 912 3111 nuda
934 3076 1054 3121 pactio
1079 3075 1263 3128 obligatio-

178 3123 198 3155 5
245 3130 327 3155 nem
345 3131 418 3155 non
437 3119 543 3165 parit,
568 3120 631 3155 sed
647 3121 741 3165 parit
759 3121 1013 3166 exceptionem.
1047 3120 1140 3164 Quin
1158 3131 1263 3157 immo

175 3165 353 3200 interdum
375 3164 509 3199 format
530 3164 644 3209 ipsam
669 3166 856 3208 actionem,
880 3169 921 3200 ut
943 3165 980 3200 in
1003 3166 1119 3201 bonae
1139 3165 1223 3201 fidei
1237 3167 1265 3187 ¹⁰

175 3209 338 3246 iudiciis:
370 3210 523 3245 solemus
555 3209 647 3244 enim
680 3210 797 3245 dicere
818 3214 928 3255 pacta
951 3214 1126 3246 conventa
1148 3210 1265 3246 inesse

176 3255 294 3291 bonae
316 3254 400 3290 fidei
423 3253 573 3289 iudiciis.
610 3254 673 3290 sed
696 3255 764 3290 hoc
789 3255 841 3291 sic
865 3255 1111 3300 accipiendum
1135 3259 1199 3298 est,
1223 3259 1265 3291 ut

177 3300 208 3335 si
231 3299 372 3345 quidem
396 3309 441 3335 ex
464 3299 659 3334 continenti
682 3303 790 3344 pacta
813 3300 1008 3336 subsecuta
1031 3303 1132 3343 sunt,
1157 3300 1264 3336 etiam

178 3355 222 3380 ex
233 3348 337 3390 parte
348 3343 481 3380 actoris
493 3344 619 3379 insint:
642 3343 673 3379 si
688 3345 713 3365 ¹¹
735 3355 778 3379 ex
797 3345 994 3388 intervallo,
1015 3355 1088 3381 non
1108 3345 1263 3388 inerunt,

177 3400 243 3425 nec
274 3389 462 3432 valebunt,
494 3388 525 3424 si
556 3391 657 3433 agat,
689 3399 735 3424 ne
766 3399 807 3424 ex
832 3393 938 3434 pacto
963 3390 1058 3426 actio
1081 3394 1261 3426 nascatur.

177 3439 218 3470 ut
240 3438 330 3479 puta
351 3437 436 3480 post
457 3433 645 3469 divortium
669 3434 851 3477 convenit,
877 3445 922 3470 ne
944 3438 1104 3480 tempore
1127 3438 1262 3471 statuto

505 3549 549 3589 (2)
573 3548 621 3580 εἰσ
634 3547 670 3590 S,
685 3547 907 3580 conventione
920 3549 1121 3581 sententiam
1133 3548 1221 3582 acite
1232 3549 1268 3582 F

178 3595 222 3634 (3)
247 3602 309 3625 noc
323 3593 358 3626 F
453 3594 497 3635 (4)
521 3592 651 3635 petitur
663 3593 697 3625 F
805 3593 848 3634 (5)
873 3593 937 3625 etsi
949 3606 1011 3626 scr.

178 3647 261 3680 paee
272 3650 334 3671 scr.
418 3638 462 3679 (τ)
486 3636 601 3671 locato
610 3637 645 3670 F
718 3638 762 3679 (8)
788 3637 842 3669 sin
853 3637 889 3670 F
964 3639 1008 3679 (9)
1035 3634 1261 3683 συνάλλαγμα

179 3689 363 3715 contractus
374 3689 430 3724 est,
444 3679 698 3715 συναλλάσσειν
705 3683 841 3725 proprie
850 3689 1036 3726 permutare
1112 3684 1172 3724 (10)
1196 3682 1261 3716 fide

187 3726 217 3758 F
303 3728 361 3764 (11)
387 3727 416 3759 si
431 3739 488 3760 om.
504 3727 553 3759 F'
646 3729 704 3768 (12)
729 3727 793 3759 fide
806 3728 840 3760 F
921 3727 979 3767 (13)
1004 3729 1052 3761 sic
1063 3728 1122 3761 FS
1131 3740 1200 3760 cum
1214 3728 1259 3770 B,

178 3550 218 3589 (1)
242 3558 339 3591 posse
353 3548 414 3582 del.

1328 3549 1502 3592 pactiones
1517 3549 1593 3582 dett.

1128 3595 1173 3635 (6)
1198 3603 1260 3636 pro
1328 3593 1373 3633 B,
1388 3593 1522 3626 decreta
1535 3606 1594 3626 om.
1607 3593 1643 3626 F

1328 3638 1447 3716 gordius
1460 3639 1509 3670 ait
1520 3637 1583 3679 F’,
1596 3640 1636 3670 ιιι
1647 3640 1682 3671 et
1693 3638 1729 3671 F'
1736 3637 1758 3677 ²,
1770 3639 1810 3669 ut
1818 3639 1852 3669 et
1863 3636 1983 3677 podius
1995 3636 2046 3669 ait
2060 3635 2095 3669 P
2158 3637 2218 3677 (18)
2243 3637 2292 3670 εἰσ
2303 3635 2334 3670 S
2341 3648 2409 3670 cm

2368 133 2429 166 m:
2489 0 2521 178 ¹2..

1343 238 1520 274 dilationis
1543 238 1608 275 dos
1632 238 1823 283 reddatur,
1847 239 1911 276 sed
1933 240 2072 276 statim:
2097 240 2166 276 hoc
2189 251 2263 276 non
2285 241 2429 287 valebit,

1341 293 1386 319 ne
1410 294 1453 318 ex
1476 286 1583 329 pacto
1608 283 1702 319 actio
1726 288 1917 320 nascaturz
1950 284 2045 320 idem
2066 285 2262 322 Marcellus
2292 286 2428 324 scribit.

1342 331 1379 364 et
1401 329 1432 364 si
1454 328 1493 364 in
1515 328 1649 365 tutelae
1678 330 1820 365 actione
1851 330 2034 373 convenit,
2065 333 2108 365 ut
2138 329 2290 367 maiores
2323 342 2428 377 quam

1341 376 1499 409 statutae
1521 376 1607 409 sunt
1627 384 1759 410 usurae
1775 378 2013 421 praestentur,
2037 375 2158 410 locum
2176 386 2250 411 non
2267 376 2426 420 habebit,

1341 428 1387 454 ne
1410 429 1453 454 ex
1476 421 1583 464 pacto
1607 422 1777 455 nascatur
1808 420 1924 456 actio:
1958 430 2002 456 ea
2033 420 2127 456 enim
2156 423 2267 466 pacta
2295 421 2429 467 insunt,

1341 474 1433 510 quae
1454 463 1568 508 legem
1592 465 1792 500 contractui
1815 464 1922 508 dant,
1954 465 1992 501 id
2015 468 2070 501 est
2092 475 2185 511 quae
2206 465 2246 501 in
2266 465 2429 512 ingressu

1341 511 1548 544 contractus
1571 508 1670 545 facta
1699 513 1794 545 sunt.
1828 510 1922 546 idem
1944 520 2155 563 responsum
2177 510 2252 546 scio
2277 520 2300 546 a
2321 511 2429 557 Papi-

1338 553 1458 596 niano,
1483 557 1519 589 et
1541 554 1572 589 si
1594 557 1678 600 post
1701 555 1915 601 emptionem
1939 565 1983 591 ex
2004 555 2191 591 mtervallo
2214 555 2349 602 aliquid
2368 566 2429 592 ex-

1339 602 1397 634 tra
1419 602 1585 634 naturam
1609 602 1815 636 contractus
1839 600 2046 643 conveniat,
2079 600 2126 636 cb
2157 600 2252 636 hanc
2283 611 2430 637 causam

1340 644 1398 690 agi
1421 654 1465 680 ex
1489 647 1606 690 empto
1630 655 1703 680 non
1725 655 1833 690 posse
1855 649 2002 691 propter
2026 645 2174 680 eandem
2192 646 2360 691 regulam,
2385 657 2430 682 ne

1341 700 1385 725 ex
1407 693 1515 742 pacto
1539 689 1633 725 actio
1665 694 1847 726 nascatur.
1884 690 1979 736 quod
2009 693 2046 725 et
2067 690 2105 725 in
2127 690 2290 726 omnibus
2314 691 2431 728 bonae

1339 734 1423 770 fidei
1435 735 1464 755 ¹²
1485 734 1626 770 iudiciis
1651 735 1718 770 erit
1741 735 1939 771 dicendum.
1976 735 2040 771 sed
2057 745 2103 771 ex
2121 738 2226 780 parte
2242 735 2295 771 rei
2313 736 2430 772 locum

1339 779 1488 815 habebit
1510 784 1666 825 pactum,
1692 781 1776 825 quia
1795 781 1911 816 solent
1931 783 1966 815 et
1987 790 2029 815 ea
2048 784 2167 825 pacta,
2192 791 2284 826 quae
2302 786 2429 827 postea

1341 828 1361 859 6
1407 824 1480 860 inte
1525 828 1700 867 onuntur,
1733 835 1861 871 parere
1891 825 2130 871 exceptiones.
2178 825 2279 861 Adeo
2312 831 2430 862 autem

1340 870 1458 905 bonae
1508 869 1564 905 dei
1585 869 1725 905 iudiciis
1747 870 1973 916 exceptiones
1987 870 2014 892 ¹³
2037 873 2165 916 postea
2182 870 2314 914 factae,
2339 882 2431 924 quae

1340 925 1385 950 ex
1397 914 1520 950 eodem
1533 918 1618 951 sunt
1629 919 1830 957 contractu,
1842 916 1977 958 insunt,
1997 918 2038 950 ut
2051 918 2191 951 constet
2201 915 2239 951 in
2252 919 2430 962 emptlonc

1341 960 1468 995 ceteris
1493 969 1540 995 ue
1551 960 1667 996 bonae
1679 960 1761 996 fidei
1779 960 1920 996 iudiciis
1939 971 1979 996 re
1998 960 2158 996 nondum
2179 965 2304 996 secuta
2323 971 2430 1006 posse

1340 1005 1431 1040 abiri
1455 1015 1476 1040 a
1525 1005 1712 1050 emptione.
1750 1005 1780 1040 si
1802 1006 1909 1051 igitur
1925 1005 1966 1040 in
1983 1008 2099 1042 totum
2118 1009 2247 1051 potest,
2273 1017 2338 1042 cur
2356 1017 2430 1043 non

1340 1054 1375 1085 et
1409 1061 1495 1095 pars
1531 1050 1607 1085 eius
1640 1050 1808 1095 pactione
1838 1051 1969 1086 mutari
2000 1051 2150 1096 potest?
2185 1054 2221 1086 et
2255 1051 2345 1087 haec
2379 1051 2431 1087 ita

1338 1095 1559 1141 Pomponius
1582 1095 1673 1131 libro
1698 1099 1798 1131 sexto
1823 1096 1870 1131 ad
1889 1095 2044 1131 edictum
2064 1095 2198 1132 scribit.

1339 1231 1447 1266 tione.
1484 1240 1568 1266 nam
1591 1240 1622 1266 sl
1670 1233 1764 1266 otest
1785 1233 1864 1266 tota
1886 1241 1943 1266 res
1966 1231 2054 1274 tolli,
2080 1241 2144 1266 cur
2167 1241 2240 1266 non
2264 1234 2300 1266 et
2315 1230 2428 1267 refor-

1339 1276 1454 1311 mari?
1487 1279 1528 1310 ut
1564 1286 1633 1321 quo
1661 1275 1823 1311 ammodo
1859 1276 1961 1321 quasi
1994 1279 2185 1312 renovatus
2221 1279 2428 1312 contractus

1338 1320 1511 1356 videatur.
1559 1320 1655 1366 quod
1688 1331 1763 1356 non
1796 1321 2013 1366 insuptiliter
2046 1320 2117 1356 dici
2152 1324 2284 1373 potest.
2330 1321 2427 1357 unde
2496 1324 2497 1327 ’

1338 1366 1427 1401 illud
1451 1376 1564 1411 aeque
1587 1375 1660 1401 non
1682 1366 1847 1411 reprobo,
1874 1365 1969 1411 quod
1990 1365 2080 1401 Pom
2107 1376 2209 1402 omus
2233 1366 2332 1402 libris
2355 1367 2427 1402 lec-

1339 1411 1473 1447 tionum
1495 1411 1646 1456 probat,
1670 1421 1778 1456 posse
1800 1411 1838 1446 in
1857 1414 1964 1463 parte
1985 1421 2068 1447 rece
2096 1411 2103 1419 ⁶
2127 1415 2235 1457 pacto
2259 1411 2305 1447 ab
2330 1421 2427 1457 emp-

1339 1456 1448 1499 tione,
1473 1456 1576 1501 quasi
1598 1456 1751 1501 repetita
1773 1459 1885 1501 partis
1910 1456 2098 1501 emptione.
2146 1456 2211 1492 sed
2242 1467 2324 1493 cum
2356 1456 2427 1492 duo

1341 1501 1491 1537 heredes
1527 1501 1678 1546 emptori
1713 1501 1975 1544 exstiterunt¹⁴‚
2011 1500 2173 1537 venditor
2203 1512 2285 1537 cum
2315 1501 2428 1537 altero

1339 1549 1469 1592 pactus
1494 1551 1558 1589 est,
1582 1549 1623 1581 ut
1646 1546 1692 1581 ab
1717 1546 1894 1591 emptione
1915 1546 2159 1582 recederetur:
2194 1547 2245 1582 ait
2267 1547 2429 1582 Iulianus

1339 1592 1457 1627 valere
1488 1591 1692 1636 pactionem
1727 1594 1763 1626 et
1793 1591 1937 1627 dissolvi
1966 1602 2032 1636 pro
2063 1594 2166 1637 parte
2196 1592 2426 1637 emptionem:

1340 1636 1508 1681 quoniam
1543 1639 1578 1671 et
1613 1646 1658 1672 ex
1692 1636 1761 1672 alio
1795 1640 1983 1671 contractu
2013 1636 2227 1681 paciscendo
2263 1637 2354 1673 alter
2385 1646 2428 1672 ex

1339 1681 1529 1717 heredibus
1554 1681 1742 1727 adquirere
1765 1681 1834 1717 sibi
1856 1682 1974 1727 potuit
1997 1692 2084 1717 exce
2109 1682 2252 1717 tionem.
2288 1685 2427 1717 utrum·
2491 1676 2502 1719 ,ἕ

1340 1737 1409 1772 que
1437 1727 1560 1772 itaque
1589 1729 1688 1762 recte
1717 1726 1854 1779 placet,
1889 1729 1925 1761 et
1980 1726 2053 1762 uod
2093 1727 2234 1762 ulianus
2266 1730 2302 1762 et
2331 1726 2428 1772 quod

1341 1775 1359 1805 7
1405 1771 1495 1807 Pom
1522 1771 1637 1807 onius.
1684 1771 1747 1806 Αιι
1769 1774 1931 1817 praetor:
1957 1774 1966 1791 ‘
1999 1774 2082 1807 acta
2105 1775 2299 1814 conventa,

1340 1819 1468 1862 ‘neque
1518 1816 1576 1852 olo
1600 1816 1714 1859 malo,
1747 1827 1863 1861 neque
1887 1816 2060 1852 adversus
2083 1817 2177 1861 leges
2200 1817 2314 1862 plebis
2338 1817 2427 1852 scita

1340 1865 1498 1897 ‘senatus
1523 1861 1686 1897 consulta
1710 1861 1852 1897 decreta
1865 1862 1893 1883 ¹⁵
1916 1861 2034 1897 edicta
2055 1861 2275 1907 principum,
2306 1872 2352 1897 ne
2377 1871 2424 1897 ue

1340 1910 1421 1952 ‘quo
1455 1906 1556 1942 fraus
1593 1906 1651 1942 cui
1685 1916 1809 1942 eorum
1843 1906 1927 1949 fiat,
1962 1905 2062 1942 facta
2093 1910 2216 1949 erunt,
2252 1917 2354 1943 serva
2380 1905 2424 1942 c.'

1339 1954 1359 1986 8
1404 1951 1599 1987 Paetorum
1623 1951 1798 1997 quaedam
1819 1951 1858 1987 in
1880 1961 1954 1987 rem
1973 1955 2068 1995 sunt,

1338 2006 1474 2032 sonam.
1510 1997 1548 2031 in
1570 2006 1645 2032 rem
1662 2000 1757 2040 sunt,
1783 1996 1947 2042 quotiens
1966 2007 2097 2042 genera
2123 2000 2179 2032 ter
2196 1996 2363 2042 paciscor
2381 2002 2427 2032 ne

1337 2046 1478 2086 petam:
1511 2042 1548 2076 in
1607 2052 1790 2085 ersonam,
1816 2041 1981 2087 quotiens
2003 2052 2050 2078 ne
2073 2052 2095 2077 a
2117 2051 2272 2087 persona
2293 2045 2425 2095 petam,

1337 2086 1374 2121 id
1397 2090 1452 2122 est
1474 2097 1520 2122 ne
1544 2096 1566 2121 a
1621 2087 1703 2122 ucio
1724 2087 1820 2122 Titio
1843 2090 1975 2132 petam.
2007 2090 2128 2122 utrum
2151 2090 2270 2122 autem
2291 2098 2330 2122 ιιι
2351 2097 2426 2123 rem

1337 2142 1385 2166 an
1407 2131 1446 2167 in
1467 2141 1659 2177 personam
1681 2135 1828 2177 pactum
1850 2131 1988 2167 factum
2012 2135 2077 2175 est,
2101 2142 2175 2168 non
2189 2133 2217 2154 ¹⁶
2239 2132 2357 2168 minus
2381 2142 2425 2168 ex

1336 2177 1453 2212 verbis
1484 2186 1591 2222 quam
1623 2187 1667 2212 ex
1696 2180 1814 2212 mente
1847 2177 2131 2212 convenientium
2168 2177 2426 2213 aestimandum
2494 2211 2500 2217 ,

1337 2225 1410 2257 est:
1433 2221 1645 2275 plerumque
1667 2222 1771 2264 enim,
1795 2225 1837 2257 ut
1858 2221 1990 2258 Pedius
2013 2222 2065 2257 ait
2077 2223 2116 2265 ¹⁷,
2139 2232 2294 2268 persona
2316 2225 2424 2267 pacto
2491 2223 2493 2235 ²

1335 2267 1522 2308 inseritur,
1546 2277 1620 2302 non
1642 2270 1683 2301 ut
1704 2267 1894 2311 personale
1915 2270 2063 2312 pactum
2085 2266 2171 2309 fiat,
2204 2266 2268 2302 sed
2299 2271 2341 2303 ut
2363 2267 2424 2302 de-

1336 2314 1357 2346 9
1403 2315 1639 2353 monstretur,
1676 2321 1757 2346 cum
1791 2322 1860 2356 quo
1891 2314 2038 2356 pactum
2059 2310 2196 2347 factum
2219 2315 2284 2347 est.
2331 2312 2425 2348 Dolo

1336 2356 1431 2392 malo
1462 2356 1514 2391 ait
1542 2359 1686 2401 praetor
1716 2359 1863 2400 pactum
1894 2366 1933 2391 se
1955 2366 2028 2391 non
2051 2360 2286 2392 servaturum.
2321 2357 2424 2393 dolus

1337 2401 1451 2436 malus
1475 2400 1517 2436 fit
1541 2400 1733 2436 calliditate
1753 2404 1789 2436 et
1806 2400 1970 2436 fallacia:
1996 2404 2032 2436 et
2050 2404 2092 2436 ut
2111 2401 2163 2436 ait
2172 2401 2315 2444 Pedius,
2341 2402 2422 2438 dolo

1337 2446 1430 2482 malo
1462 2449 1609 2491 pactum
1638 2445 1698 2488 fit,
1730 2445 1895 2491 quotiens
1930 2445 2244 2482 circumscribendi
2277 2446 2423 2483 alterius
2490 2448 2493 2451 ’

1339 2494 1380 2526 10
1428 2501 1539 2526 causa
1562 2490 1659 2526 aliud
1682 2490 1799 2536 agitur
1822 2494 1859 2526 et
1888 2490 1986 2526 aliud
2017 2491 2075 2536 agi
2105 2491 2303 2527 simulatur.
2352 2491 2423 2527 Sed

1336 2536 1368 2571 si
1378 2535 1573 2571 fraudandi
1585 2546 1697 2571 causa
1707 2540 1854 2581 pactum
1864 2535 2002 2572 factum
2014 2536 2165 2579 dicatur,
2178 2536 2265 2572 nihil
2276 2540 2421 2582 praetor

1336 2581 1466 2616 adicit:
1511 2580 1576 2617 sed
1610 2581 1791 2626 eleganter
1822 2580 1946 2617 Labeo
1981 2581 2033 2616 ait
2065 2581 2135 2617 hcc
2165 2585 2230 2617 aut
2262 2582 2312 2616 ini
2337 2592 2422 2617 uum

1337 2636 1432 2668 esse,
1457 2629 1521 2661 aut
1543 2636 1814 2671 supervacuum.
1849 2626 2029 2672 iniquum,
2060 2626 2092 2661 si
2115 2626 2210 2671 quod
2233 2636 2329 2662 seme
2365 2637 2420 2662 re-

1335 2671 1431 2707 misit
1465 2670 1619 2707 creditor
1653 2670 1804 2707 debitori
1838 2681 1904 2707 suo
1936 2671 2034 2707 bona
2065 2670 2154 2714 fide,
2189 2671 2319 2707 iterum
2352 2672 2422 2707 hoc
2488 2692 2490 2694 v

1336 2720 1486 2752 conetur
1509 2716 1707 2752 destruere:
1733 2726 2002 2761 supervacuum,
2026 2715 2057 2751 si
2080 2715 2252 2761 deceptus
2275 2716 2344 2752 hoc
2366 2716 2420 2752 fe·

1338 2764 1376 2796 11
1427 2761 1526 2803 cerit,
1549 2762 1644 2796 inest
1667 2761 1759 2796 enim
1782 2760 1864 2796 dolo
1889 2764 1926 2796 et
1954 2760 2065 2796 fraus.
2114 2760 2194 2796 Sive
2224 2765 2344 2797 autem
2373 2762 2419 2797 ab

1334 2806 1435 2842 initio
1461 2806 1542 2842 dolo
1566 2806 1658 2842 malo
1708 2809 1828 2842 actum
1849 2805 1986 2841 factum
2006 2808 2062 2841 est
2080 2805 2154 2841 sive
2171 2810 2256 2851 post
2274 2810 2420 2852 pactum

1335 2851 1417 2887 dolo
1441 2852 1535 2887 malo
1560 2817 1705 2897 aliquit?

1337 2899 1378 2931 12
1424 2900 1480 2932 ter
1513 2897 1603 2932 haec
1636 2896 1744 2931 verba
1778 2895 1884 2931 edicti
1915 2898 2041 2941 ‘neque
2074 2895 2160 2931 fiat'.

1335 2941 1527 2977 novissima
1559 2944 1663 2987 parte
1695 2944 1883 2986 pactorum
1916 2940 1968 2975 ita
2003 2941 2094 2976 solet
2125 2941 2235 2977 insen
2269 2941 2418 2987 ‘rogavit

1336 2987 1490 3039 ‘Titiusa
1507 2985 1698 3032 spopondit
1719 2985 1904 3038 Maevius’,
1936 2986 2027 3021 haec
2050 2986 2159 3038 rerba
2181 2996 2254 3038 non
2276 2990 2418 3039 tantum
2482 2990 2488 3036 ξ

1334 3031 2417 3121 ἣξῗῗιῖἧέοὲἔμῗιίἳῗᾚὲἓῖιίιέῑῖιῑῗἛεῗἪὲῗὲἒξῖζ
2482 3099 2484 3102 ,

1333 3088 1346 3112 ¹
1415 3086 1438 3128 q
1833 3121 1930 3166 quod
1940 3121 1968 3142 ¹⁸
1991 3102 2066 3155 non’
2092 3121 2210 3156 animo
2242 3121 2414 3166 stipulan-

1334 3120 1537 3167 specialiter
1559 3120 1605 3156 ad
1630 3120 1779 3155 robetur
1787 3147 1797 3164 ‚

1336 3168 1376 3201 13
1424 3166 1513 3200 tium
1524 3165 1594 3201 hoc
1621 3168 1742 3201 actum
1752 3169 1817 3208 est,
1838 3165 1901 3201 sed
1919 3169 2057 3201 tantum
2076 3165 2345 3211 paciscentium.
2378 3165 2416 3201 Si
2480 3182 2487 3202 :-

1332 3210 1517 3257 paciscar,
1549 3221 1595 3246 ne
1627 3221 1692 3256 pro
1724 3210 1871 3246 iudicati
1883 3211 1912 3232 ¹⁹
1933 3210 1988 3246 vel
2018 3210 2244 3245 incensarum
2275 3210 2416 3246 aedium

1336 3258 1377 3291 14
1404 3259 1560 3308 agatur,
1584 3256 1654 3291 hoc
1673 3259 1819 3301 pactum
1839 3255 1942 3291 valet.
1978 3254 2016 3290 Si
2034 3255 2208 3300 paciscar,
2232 3265 2278 3291 ne
2296 3255 2414 3301 operis
2479 3291 2484 3301 ,

1332 3311 1414 3336 novi
1436 3300 1693 3336 nuntiationem
1716 3310 1909 3346 exsequar,
1941 3299 2083 3346 quidam
2106 3303 2235 3345 putant
2257 3310 2329 3336 non
2352 3310 2413 3336 va-

1331 3346 1404 3381 lere
1433 3345 1653 3390 pactionem,
1689 3345 1792 3391 quasi
1820 3345 1858 3380 in
1889 3355 1931 3380 ea
1960 3354 2000 3379 re
2030 3345 2205 3390 praetoris
2228 3345 2413 3391 imperium

1331 3394 1510 3426 versetur:
1535 3390 1659 3426 Labeo
1684 3394 1803 3426 autem
1826 3389 2028 3434 distinguit,
2051 3392 2103 3431 ut,
2127 3390 2159 3424 si
2182 3399 2226 3425 ex
2247 3400 2288 3425 re
2308 3389 2412 3424 fami-

1332 3434 1411 3471 liari
1434 3435 1552 3481 operis
1576 3435 1659 3471 novi
1681 3434 1856 3470 nuntiatio
1880 3434 1928 3470 sit
1948 3433 2058 3476 facta,
2082 3434 2190 3470 liceat
2211 3434 2357 3480 pacisci,
2382 3434 2411 3470 si

1697 3549 1756 3589 (14)
1780 3546 1956 3580 extiterint
1967 3545 2051 3580 F³S

1726 3594 1786 3635 (16)
1810 3601 1877 3624 non
1891 3591 1952 3624 del.
1966 3592 2137 3625 secundum
2149 3592 2187 3625 B

2160 3547 2218 3589 (¹5)
2242 3548 2292 3581 sic
2302 3546 2333 3580 S
2343 3559 2411 3580 cum

2289 3593 2348 3634 (17)
2372 3594 2411 3624 ut

1379 3683 1476 3722 αεσίε,
1503 3693 1569 3724 quo
1582 3683 1614 3715 F
1700 3685 1760 3719 (19)
1784 3682 1833 3715 εἰσ
1845 3681 1904 3715 FS
1926 3694 1994 3715 cum
2007 3682 2072 3721 B.,·
2096 3681 2249 3725 olimsuit
2259 3681 2409 3724 forta-sec

1329 3737 1371 3759 ne
1383 3727 1525 3759 iudicati
1538 3736 1639 3769 prove
1651 3725 1802 3759 iudicato

1340 1144 1405 1183 est,
1430 1140 1536 1176 etiam
1560 1150 1604 1176 ex
1626 1143 1728 1186 parte
1751 1140 1887 1185 agentis
1909 1141 2030 1186 pactio
2051 1140 2170 1176 locum
2187 1140 2236 1176 ha
2255 1095 2430 1184 ἓῖᾱιξιαῗι

1339 1185 1387 1221 ad
1410 1185 1588 1221 actionem
1611 1185 1776 1238 proficiat
1799 1185 1956 1221 nondum
1977 1196 2017 1221 re
2040 1189 2182 1228 secuta,
2216 1186 2339 1222 eadem
2370 1197 2428 1222 ra-
2498 1187 2501 1193 “

2334 1780 2427 1817 quae
2491 1774 2498 1791 ³

2116 1951 2268 1987 uaedam
2287 1952 2326 1987 in
2344 1962 2425 1997 per·
2488 1971 2499 1996 5

1713 2851 1850 2886 factum
1873 2854 1939 2892 est,
1963 2850 2107 2886 nocebit
2130 2861 2217 2886 exce
2241 2851 2418 2932 tiodpikop·
2483 2867 2490 2909 -4

2264 2906 2286 2932 ο
2361 2906 2420 2932 ere
2492 2913 2493 2916 =
