2528 3918
197 104 342 149 XXVI
371 107 451 148 2.3

244 224 298 264 26
323 226 568 261 Pimmiws
597 226 688 261 libro
720 230 852 271 quarto
888 234 1144 271 responsorum
1201 223 1285 260 Iure

199 276 322 308 nostro
346 270 460 306 tutela
484 269 725 306 communium
748 270 941 306 liberorum
952 268 1058 304 matri
1069 271 1283 305 testamento

197 317 311 370 patris
334 315 469 350 frustra
500 314 710 357 mandatur,
742 325 827 357 nec,
860 315 891 350 si
913 313 1118 359 provinciae
1139 323 1284 359 praeses

198 360 374 407 imperitia
397 360 521 406 lapsus
545 359 658 412 patris
680 360 898 395 voluntatem
922 358 1137 403 sequendam
1161 358 1284 394 decre-

198 406 297 448 verit,
322 415 510 440 successor
533 415 609 440 eius
632 404 856 446 sententiam,
889 413 996 449 quam
1019 403 1114 448 leges
1138 406 1285 439 nostrae

203 454 216 486 1
265 460 338 486 11011
369 449 581 492 admittunt,
613 453 712 485 recte
746 453 925 495 sequetur.
982 447 1139 484 Honoris
1174 457 1286 484 causa

197 499 296 531 tutor
318 494 425 530 datus
448 505 521 530 non
543 493 691 534 videtur.
715 504 820 540 quem
850 498 954 539 pater
983 502 1006 528 a
1037 492 1164 529 ceteris
1187 496 1284 529 tuto·

197 541 309 582 ribus,
333 540 462 585 quibus
486 539 628 584 negotia
648 539 803 584 gerenda
826 537 1018 580 mandavit,
1041 537 1199 573 rationes
1222 547 1284 573 ac·

198 588 218 620 2
265 585 384 630 cipere
407 584 528 620 voluit.
575 584 726 630 Propter
749 584 847 619 litem
869 581 1061 619 inofficiosi
1083 582 1286 618 testamenti

197 629 432 666 ordinandam
455 629 671 665 exheredato
695 628 780 671 filio,
794 628 852 663 cui
875 631 1028 663 tutorem
1051 631 1156 673 pater
1175 626 1285 670 dedit,

198 674 349 710 eundem
374 684 396 709 a
418 678 586 720 praetore
609 673 812 710 confirmari
835 676 994 718 oportet:
1041 673 1207 709 ¹eventus
1230 672 1284 708 iu-

197 720 339 755 dicatae
369 719 420 755 rei
453 719 672 761 declarabit,
705 722 826 754 utrum
857 728 901 753 ex
935 720 1149 753 testamento
1172 717 1285 763 patris

197 775 243 800 an
269 775 313 800 ex
338 764 481 800 decreto
506 764 682 810 praetoris
705 762 957 799 auctoritatem
980 762 1170 808 acceperit.

243 807 296 846 27
312 809 592 845 Tarpaomm
601 809 692 845 libro
706 812 837 854 quarto
850 807 987 844 decimo
999 807 1285 855 disputationum

197 853 296 890 ldem
328 853 409 896 fiet,
446 854 477 890 si
510 854 719 889 intestatum
757 852 954 888 decessisse
987 856 1127 898 patrem
1160 852 1287 898 pupilli

197 899 339 935 nomine
381 898 593 935 defendatur
635 897 814 933 falsumve
856 900 1109 933 testamentum
1145 897 1287 933 nomine

222 944 322 990 upilli
353 943 495 980 dicatur
525 948 561 979 et
592 943 623 978 si
652 947 803 988 patruus
835 946 952 978 exstet
980 942 1158 988 legitimus
1188 945 1287 977 tutor

213 994 341 1025 uturus
365 989 411 1024 ab
435 989 616 1030 intestato,
642 988 726 1033 quia
748 991 904 1023 tutorem
915 987 1064 1023 habenti
1087 990 1186 1022 tutor
1209 986 1287 1022 dari

196 1045 270 1070 non
292 1038 420 1080 potest.
454 1044 537 1069 nam
561 1032 780 1069 commodius
803 1033 892 1078 ipse,
917 1032 978 1078 qui
1001 1032 1072 1068 scri
1097 1036 1180 1067 tura
1200 1042 1286 1067 con-

197 1079 340 1122 tinetur,
373 1090 396 1114 a
430 1083 595 1124 praetore
626 1077 786 1120 dabitur,
818 1081 860 1113 ut
890 1077 967 1112 sine
989 1077 1062 1112 ullo
1101 1077 1158 1112 ’tis
1182 1086 1286 1122 prae·

196 1124 326 1160 iudicio
350 1124 466 1159 iustus
490 1127 589 1159 tutor
613 1127 740 1158 auctor
754 1122 889 1168 pupillo
914 1121 962 1157 ad
985 1131 1065 1157 eam
1086 1121 1186 1157 litem
1209 1121 1284 1157 fiat.

200 1172 214 1204 1
267 1169 355 1205 Cum
379 1173 498 1204 autem
520 1168 533 1203 i
559 1178 598 1203 se
621 1173 782 1213 patruus,
803 1177 906 1218 quem
917 1170 1072 1202 tutorem
1094 1166 1287 1212 legitimum

195 1214 265 1250 sibi
287 1214 430 1249 dicebat
452 1225 501 1259 pu
566 1223 608 1247 us
633 1222 722 1255 esse,
747 1212 948 1247 subiectum
978 1210 1090 1247 filium
1121 1211 1286 1247 crimina·

195 1263 295 1295 retur
319 1263 355 1294 et
378 1258 425 1294 ad
448 1269 488 1294 se
524 1257 700 1303 egitimam
733 1257 967 1292 hereditatem
996 1258 1176 1302 pertinere
1200 1267 1286 1293 con-

196 1304 367 1346 tenderet,
391 1303 500 1338 alium
522 1306 677 1338 tutorem
696 1301 889 1347 petendum
907 1301 926 1336 I
966 1301 974 1309 ’
1024 1311 1068 1337 118
1090 1301 1285 1348 respondit.

243 1346 297 1386 28
322 1348 570 1384 Pipnmiros
607 1347 699 1382 libro
732 1349 863 1393 quarto
901 1356 1159 1393 responsorum
1217 1346 1287 1391 Qui

197 1394 344 1429 tutelam
367 1396 580 1428 testamento
605 1391 811 1427 mandatam
835 1391 1075 1428 excusationis
1105 1391 1184 1427 iure
1205 1402 1286 1427 sus-

197 1438 316 1484 cipere
339 1438 463 1479 noluit‚
500 1438 546 1473 ab
582 1437 637 1472 his
674 1447 816 1482 quoque
849 1437 976 1482 legatis
1011 1436 1285 1472 summovendus

197 1485 275 1526 erit,
299 1493 392 1529 quae
415 1483 496 1518 filiis
521 1482 596 1518 eius
620 1482 747 1518 relicta
770 1485 866 1525 sunt,
890 1481 996 1518 modo
1020 1481 1052 1518 si
1074 1481 1193 1535 legata
1223 1481 1287 1517 filii

197 1540 268 1564 non
293 1528 481 1564 affectione
504 1527 662 1580 propria,
687 1526 751 1563 sed
774 1527 812 1562 in
834 1527 1008 1562 honorem
1030 1530 1144 1572 patris
1168 1536 1286 1562 meru·

201 1578 214 1609 l
265 1577 378 1610 erunt.
416 1573 543 1608 Verbis
565 1572 828 1608 fideicommissi
851 1571 1091 1607 manumissus
1114 1582 1187 1608 non
1209 1572 1287 1607 iure

712 1620 796 1663 post
825 1617 1028 1652 libertatem
1059 1617 1181 1663 itaque
1203 1616 1286 1652 red-

197 1664 308 1699 ditam
343 1674 389 1699 ex
421 1663 605 1699 voluntate
638 1662 823 1698 testatoris
858 1661 906 1697 ad
938 1661 1090 1697 tutelam
1124 1666 1285 1698 vocatur.

197 1712 216 1743 2
264 1709 317 1744 Im
343 1708 446 1743 uberi
474 1708 602 1743 liberto
633 1711 807 1753 patronus
836 1706 973 1742 frustra
995 1710 1151 1743 tutorem
1175 1707 1285 1750 dabit,

197 1753 259 1789 sed
284 1765 326 1789 vo
342 1757 502 1789 untatem
535 1752 631 1795 eius,
663 1753 695 1788 si
724 1752 814 1788 fides
836 1752 1076 1798 inquisitionis
1101 1755 1286 1798 congruat,

197 1802 342 1845 praetor
365 1802 543 1844 sequetur.

242 1841 296 1881 29
320 1843 428 1879 IDEM
454 1843 546 1879 libro
578 1842 704 1888 quinto
736 1842 873 1878 decimo
911 1852 1170 1889 responsorum
1227 1840 1287 1877 Ex

197 1889 374 1924 sententia
403 1892 551 1924 senatus
581 1887 736 1923 consulti
766 1886 959 1923 Liboniani
988 1889 1088 1922 tutor
1111 1897 1184 1922 non
1208 1886 1285 1929 erit,

196 1934 258 1980 qui
291 1944 331 1970 se
364 1937 577 1969 testamento
619 1943 669 1978 pu
694 1932 755 1968 illo
795 1935 952 1968 tutorem
997 1931 1158 1977 scripsit:
1204 1942 1286 1967 cum

198 1983 317 2015 autem
340 1979 453 2023 patris
477 1978 641 2014 voluntas
691 1988 735 2014 oc
757 1977 876 2023 ipsum
887 1987 996 2012 manu
1008 1987 1076 2012 sua
1099 1976 1285 2012 declaran-

199 2025 242 2060 tis
266 2024 432 2069 ambigua
466 2034 539 2059 non
573 2026 685 2065 esset,
722 2032 822 2065 eum,
859 2022 1019 2068 quamvis
1055 2021 1115 2057 alii
1147 2025 1285 2057 tutores

197 2073 334 2111 essent,
368 2072 568 2104 curatorem
599 2067 756 2103 dandum
786 2067 974 2113 respondi,
1005 2077 1073 2103 nec
1096 2066 1285 2102 admitten-

197 2114 279 2149 dam
303 2113 581 2156 excusationem,
629 2122 713 2148 uam
735 2113 813 2148 iure
832 2112 978 2158 publico
1002 2112 1171 2154 habebat,
1195 2122 1284 2157 quo-

196 2161 292 2195 niam
317 2158 533 2212 ‚promisisse
565 2158 599 2193 vi
625 2158 775 2200 ebatur,
811 2168 879 2193 nec
912 2161 955 2192 ut
988 2161 1195 2203 suspectum
1228 2166 1284 2192 re-

195 2214 338 2240 moveri.

245 2247 326 2287 30²
349 2248 406 2285 ΡΛ
414 2258 509 2285 vsvs
529 2248 620 2284 libro
643 2251 750 2283 sexto
774 2247 1050 2294 quaestionum⁸
1095 2246 1177 2282 Duo
1202 2250 1287 2282 sunt

198 2294 294 2337 Titii,
318 2298 423 2340 pater
445 2297 482 2329 et
504 2293 617 2328 filius:
650 2292 756 2328 datus
781 2296 837 2328 est
858 2295 958 2328 tutor
981 2291 1098 2327 Titius
1129 2302 1197 2327 nec
1220 2302 1285 2343 ap-

197 2343 311 2385 paret,
336 2338 381 2374 de
403 2348 473 2385 quo
498 2338 610 2374 sensit
632 2341 802 2374 testator:
859 2347 969 2373 uaero
1001 2336 1087 2382 quid
1117 2337 1163 2372 sit
1185 2337 1283 2372 iuris.

198 2383 398 2430 respondit:
429 2384 460 2419 is
485 2382 591 2419 datus
615 2386 681 2426 est,
706 2393 811 2428 quem
859 2392 921 2418 are
951 2391 991 2418 se
1021 2385 1173 2417 testator
1204 2391 1284 2417 sen-

197 2430 260 2465 sit:
294 2429 325 2465 si
347 2429 385 2465 id
407 2439 480 2464 non
503 2431 665 2473 apparet,
689 2438 763 2463 non
785 2428 842 2463 ius
867 2426 999 2470 deficit,
1023 2426 1086 2462 sed
1108 2426 1285 2472 probatio,

197 2474 328 2519 igitur⁴
351 2478 478 2510 neuter
500 2477 556 2509 est
578 2477 677 2508 tutor
686 2474 711 2508 ⁵.

242 2517 293 2557 31
321 2518 525 2555 Sermoni
549 2518 640 2554 libro
664 2520 796 2563 quarto
821 2517 1071 2570 quaestionum
1117 2515 1157 2551 Si
1185 2519 1289 2562 pater

198 2563 434 2616 exheredatae
455 2563 551 2599 filiae
569 2566 707 2599 tutores
720 2562 855 2598 dederit
879 2565 915 2597 et
936 2564 1188 2614 testamentum
1212 2561 1288 2596 elus

198 2614 341 2734 {3333}
358 2609 508 2734 ἕῶἱξζ
535 2606 1289 2699 ἓῗιΐωέἓεὲἶῗῑοᾈᾱᾝᾛὲἒέῗᾞὲἒεὲἳξ

223 2710 281 2734 ere
335 2709 356 2734 a
394 2710 439 2734 m.

244 2742 298 2781 32
323 2744 379 2779 ΡΛ
387 2753 481 2779 vsvs
509 2743 600 2779 libro
633 2753 729 2778 nono
759 2752 1016 2789 responsorum
1063 2740 1216 2786 Quaero,
1241 2750 1288 2775 an

198 2800 270 2824 non
293 2789 451 2824 eiusdem
482 2787 635 2824 civitatis
669 2787 763 2823 cives
794 2790 1008 2822 testamento
1041 2787 1119 2832 quis
1150 2789 1288 2821 tutores

203 2837 215 2869 1
266 2833 376 2869 dare⁶
419 2834 559 2878 possit?
602 2832 738 2868 Paulus
778 2832 966 2878 respondit
1001 2841 1118 2877 posse.
1188 2830 1288 2866 Idem

197 2878 332 2914 Paulus
366 2878 551 2923 respoudit
586 2888 667 2914 eum
702 2887 863 2923 quoque,
900 2877 959 2930 qui
993 2880 1142 2929 propter
1171 2886 1289 2912 rerum

198 2924 360 2959 notitiam
382 2927 480 2958 tutor
502 2922 607 2959 datus
639 2927 712 2965 est,
736 2922 884 2968 perinde
915 2934 952 2957 111
977 2922 1141 2957 omnibus
1166 2925 1202 2956 et
1225 2920 1287 2956 ad-

197 2968 465 3004 ministrationis
501 2972 537 3003 et
570 2968 810 3004 accessionis⁷
851 2968 930 3004 iure
968 2966 1150 3003 conveniri
1183 2976 1289 3012 posse

196 1623 294 1654 tutor
317 1622 530 1654 testamento
556 1617 680 1652 datur:

198 3085 236 3123 (1)
262 3084 297 3115 et
309 3082 369 3115 ἰηε.
496 3082 538 3119 (2)
565 3098 609 3110 =
629 3081 704 3113 Vat.
728 3086 744 3121 5
767 3088 821 3116 227
950 3082 992 3123 (3)
1018 3079 1079 3113 sub
1093 3079 1230 3112 rubrica
1241 3079 1282 3112 de

198 3125 361 3169 legitimis
374 3125 503 3159 tutelis.
517 3126 726 3167 Apollinaris
738 3125 844 3158 Paulo
858 3127 919 3159 ins.
941 3126 1015 3159 Vat.
1135 3128 1178 3166 (4)
1203 3135 1282 3167 ergo

206 3173 279 3206 Vae.
396 3171 439 3213 (5)
462 3170 527 3203 hoo
540 3172 743 3213 rescriptum
763 3175 815 3204 est
834 3171 871 3203 in
885 3171 1003 3203 Sticho
1024 3171 1239 3210 manumisso,
1253 3170 1283 3202 si

198 3218 265 3250 duo
277 3217 349 3250 sint
361 3216 473 3249 Stichi
486 3219 520 3249 et
531 3216 698 3248 incertum
711 3216 752 3249 de
765 3227 831 3259 quo
844 3219 985 3248 testator
997 3215 1160 3256 senserit,
1181 3214 1235 3248 vel
1253 3215 1283 3247 si

198 3263 337 3295 Erotem
348 3260 514 3305 legaverit
526 3261 585 3303 qui
599 3261 712 3304 plures
733 3262 849 3294 eodem
870 3261 1006 3293 nomine
1025 3260 1147 3293 habuit
1160 3270 1282 3293 servos.

199 3307 288 3350 quod
309 3307 343 3339 in
366 3305 513 3339 nummis
534 3305 658 3347 legatis
678 3316 747 3338 non
768 3307 819 3338 ita
838 3305 988 3349 placuit:
1013 3306 1043 3338 si
1063 3316 1131 3338 non
1144 3305 1284 3347 adparet

199 3352 374 3390 voluntas,
407 3350 444 3385 id
467 3354 643 3393 acceptum
675 3355 726 3383 est
757 3351 845 3392 quod
877 3351 990 3384 minus
1022 3354 1073 3383 est
1097 3351 1174 3384 add.
1213 3351 1283 3383 Vae.

201 3401 244 3439 (6)
269 3397 344 3430 dari
357 3397 392 3431 F
482 3402 526 3438 (τ)
549 3399 584 3429 et
595 3396 795 3428 cessationis
807 3408 870 3429 scr.
965 3398 1010 3439 (8)
1034 3396 1163 3429 Lucius
1177 3396 1239 3429 del.

246 3446 290 3483 (8)
316 3442 382 3475 Ed.
404 3450 438 3482 ις
463 3441 545 3475 Sab-
567 3448 658 3480 2...4;
692 3441 776 3484 Pap.
799 3449 905 3480 ⁵...103
941 3442 1029 3485 App.
1043 3448 1083 3475 ii.
1121 3459 1160 3464 —
1197 3440 1284 3474 Bas.

199 3489 256 3529 37,
269 3494 296 3521 s.
310 3505 356 3511 —
371 3487 423 3531 Cf.
441 3487 520 3521 Cod.
534 3488 554 3520 5
579 3493 617 3520 ⁴29
671 3486 732 3527 (10)
746 3486 995 3518 excusationem
1007 3486 1042 3519 F
1094 3487 1149 3527 (11)
1160 3482 1288 3518 τόπων

198 3545 260 3566 ner.
362 3534 419 3573 (12)
445 3528 537 3564 κατὰ
550 3510 731 3584 διαθήκας
744 3530 804 3563 del.
888 3533 945 3571 (13)
970 3527 1128 3577 ἐγγόνοις
1140 3530 1288 3564 Hercher

200 3580 258 3619 (u)
285 3570 358 3624 ᾇλῖ
372 3577 434 3611 del.
566 3579 625 3617 (15)
651 3588 669 3616 η
685 3571 889 3628 κουρᾶτορα
902 3576 963 3609 del.
1090 3578 1149 3617 (16)
1175 3576 1211 3609 id
1221 3582 1287 3609 est.-

203 3622 247 3655 Ut
259 3633 328 3655 non
340 3622 535 3655 omittamus
559 3631 601 3654 ne
623 3621 686 3653 hoo
708 3619 852 3663 quidem,
875 3620 934 3662 qui
956 3623 1084 3653 tutores
1097 3620 1286 3653 confirmari

207 3669 218 3701 1
247 3667 389 3708 possint,
403 3667 550 3699 breviter
561 3666 602 3698 de
617 3666 660 3698 iis
673 3676 805 3708 quoque
818 3664 998 3698 videamus.
1026 3666 1114 3698 Sunt
1125 3666 1186 3707 qui
1198 3670 1287 3698 recte

202 3713 429 3752 [testamento]
451 3715 579 3744 tutores
596 3709 730 3750 dantur,
760 3709 892 3742 scilicet
916 3713 951 3742 et
970 3719 990 3742 8
1010 3709 1134 3751 quibus
1154 3715 1288 3752 oportet

1273 99 1362 148 336

1488 151 1490 160 κ
1566 115 1628 147 ns
1642 115 1969 148 coiis-mimum
1983 117 2161 149 rorone
2174 117 2263 149 VEL
2276 117 2434 152 cunr.
2463 108 2498 164 72:

1521 168 1557 191 x

1353 227 1463 270 atque
1496 228 1634 264 ceteros
1667 229 1828 268 tutores,
1888 225 1926 261 ui
1960 225 2084 262 eodem
2116 229 2330 263 testamento
2363 227 2438 265 dati

1353 271 1374 304 2
1420 273 1516 322 sunt:
1570 267 1707 323 Lucius
1737 269 1852 323 Titius

1353 314 1556 395 ffifflffis
1572 317 1717 395 {3322
1744 324 1863 395 2¹53ae
1887 315 2438 397 &ffira'lffiulessiffitssffli

1354 403 1484 446 ‘Eros’,
1508 403 1568 440 cui
1597 403 1703 439 Eroti
1730 403 1931 440 libertatem
1960 415 2034 440 non
2065 404 2180 440 dedit:
2219 404 2290 441 fuit
2319 408 2439 442 autem

1354 447 1448 484 Eros
1470 448 1567 484 intra
1588 448 1711 494 viginti
1733 449 1889 501 quinque
1912 459 2026 485 annos
2050 450 2201 485 aetatis:
2234 460 2368 495 quaero
2391 461 2439 486 an

1354 493 1468 546 possit
1497 493 1698 529 libertatem
1728 493 1797 529 sibi
1826 494 2017 546 vindicare.
2038 538 2046 546 ⁸
2075 494 2209 530 Paulus
2244 494 2438 540 respondit,

1355 538 1930 635 flssssmffloemssffssssguffifflsz
1955 539 2096 626 effi?
2122 538 2440 629 {ffi‘ss‘ffluiffi

1355 638 1425 680 qu9
1449 631 1692 680 quaeritur-in
1716 627 1839 664 eadem
1864 638 1974 664 causa
1995 628 2199 664 habendum
2222 634 2259 664 et
2289 629 2315 664 li
2342 639 2440 665 erum

1355 672 1497 725 quidem
1520 673 1566 708 ab
1590 671 1688 708 adita
1710 673 1907 709 hereditate
1939 683 2034 716 esse,
2065 673 2179 709 tutela
2208 677 2328 709 autem
2357 678 2441 719 post

1354 717 1546 762 legitimam
1569 720 1723 753 aetatem
1745 718 1895 754 onerari.

1401 760 1454 801 33
1479 762 1526 798 ΙΔ
1537 771 1706 798 VOLENUS
1725 762 1817 799 libro
1852 766 1978 798 octavo
2002 773 2053 798 ex
2075 762 2347 808 posterioribus
2368 762 2440 799 La·

1355 807 1477 843 beom‘s
1522 806 1718 843 Tutoribus
1741 807 1793 842 ita
1817 807 1927 842 datis:
1954 806 2117 842 ‘Lucium
2129 806 2264 842 Titium
2285 811 2440 844 tutorem

1356 851 1426 888 ι(10.
1473 851 1505 888 si
1535 852 1566 888 is
1597 862 1669 888 11011
1699 852 1803 895 vivit,
1833 856 1911 887 tum
1934 851 2064 887 Gaium
2085 851 2265 887 Plautium
2287 856 2442 889 tutorem

1356 897 1426 933 ‘do'
1451 896 1568 933 Titius
1590 897 1728 933 vixerat
1750 901 1785 932 et
1808 897 1956 932 tutelam
1984 900 2162 941 gesserat,
2196 896 2324 933 deinde
2346 907 2440 933 mor-

1356 946 1439 978 tuus
1470 946 1559 978 erat.
1618 941 1810 978 Trebatius
1840 953 1866 977 n
1909 945 1948 977 at
1978 941 2025 977 ad
2053 941 2235 977 Plautium
2265 942 2442 987 pertinere

1355 986 1521 1030 tutelam,
1551 986 1674 1022 Labeo
1707 991 1852 1029 contra,
1906 986 2052 1022 roculus
2076 985 2172 1031 quod
2194 985 2328 1022 Labeo.
2375 996 2441 1039 ego

1356 1032 1516 1067 Trebatii
1539 1032 1752 1068 sententiam
1775 1031 1901 1077 probo,
1925 1031 2010 1077 quia
2031 1031 2093 1066 illa
2115 1031 2224 1067 verba
2247 1031 2294 1067 ad
2317 1036 2440 1068 mortis

1355 1076 1800 1175 ἢέῗῗῖδῇθῖοιῖἱυῖἷῠνο
1824 1120 1961 1157 decimo
1985 1121 2206 1174 digestorum
2261 1120 2349 1156 Cum
2374 1130 2441 1173 ‘co-

1357 1166 1482 1203 dicillis
1504 1165 1584 1203 ideo
1608 1166 1697 1203 81108
1729 1169 1867 1202 tutores
1899 1165 1985 1201 dare
2007 1164 2252 1211 sigmficasset,
2276 1175 2443 1211 quomam

1357 1215 1571 1248 testamento
1595 1211 1699 1247 datos
1711 1210 1886 1257 quosdam
1898 1210 2086 1246 defunctos
2099 1215 2163 1245 aut
2175 1210 2442 1247 excusationem

1355 1257 1488 1293 habere
1510 1267 1618 1303 posse
1641 1256 1882 1301 comperisset,
1907 1265 1954 1290 an
1965 1255 2074 1291 nihilo
2098 1255 2214 1290 minus
2237 1255 2299 1301 qui
2321 1265 2443 1292 eorum

1355 1303 1513 1338 viverent
1541 1311 1609 1337 nec
1641 1301 1802 1337 excusati
1833 1304 1971 1344 essent,
2001 1304 2138 1336 tutores
2168 1300 2445 1346 permanerent?

1356 1346 1542 1393 respondit
1563 1346 1652 1382 nihil
1675 1345 1838 1392 proponi,
1864 1356 1928 1381 cur
1951 1355 2024 1381 non
2046 1348 2305 1391 permanerent.

1847 1481 1942 1521 111⁹.

1389 1549 1451 1583 DE
1477 1547 1808 1582 CONFIRMANDO
1832 1547 2013 1580 TUTORE
2037 1547 2130 1580 VEL
2156 1546 2407 1581 CURATORE.

1405 1614 1425 1653 1
1452 1614 1708 1651 Monsmrvs
1727 1614 1828 1652 ⁴libro
1858 1617 1965 1650 sexto
1995 1614 2270 1650 excusationum
2287 1614 2316 1635 ¹⁰
2360 1608 2443 1648 'ln

1355 1658 1447 1706 μηδὲ
1478 1663 1562 1706 περὶ
1594 1661 1672 1694 τῶν
1703 1659 1965 1703 βεβαιωθῆναι
2000 1656 2210 1703 δυναμόνων
2231 1657 2445 1712 ἐπιτρόπων

1355 1703 1810 1787 ταρὲἑῑέϊτῇῖιὲρὲἕὲε
1823 1700 2191 1795 tersisse&
2205 1703 2445 1791 §senff-{2

1356 1799 1558 1842 ἐπίτροποι,
1583 1790 1679 1829 τοῦτ’
1705 1797 1783 1829 ἔστι
1803 1764 1868 1828 :tal
1888 1788 1948 1840 ὑφ’
1974 1786 2028 1827 οἷν
2050 1794 2155 1839 ἐχρῆν
2177 1795 2239 1826 καὶ
2263 1791 2316 1828 οἷς
2339 1795 2444 1840 ἐχρῆν

1357 1843 1417 1875 καὶ
1452 1838 1495 1875 ὃν
1527 1837 1668 1885 τρόπον
1704 1841 1809 1885 ἐχρῆν
1842 1841 1903 1872 καὶ
1938 1834 2030 1873 ὅπου
2063 1839 2178 1884 ἐχρῆν.
2222 1837 2342 1883 πατὴρ
2372 1837 2444 1885 γὰρ

1355 1885 1444 1922 υἱοῖς
1465 1883 1488 1928 ἢ
1511 1881 1668 1932 ἐκγόνοις
1681 1885 1718 1926 ¹³,
1745 1882 1803 1920 οὓς
1826 1885 1897 1926 ἔχει
1920 1882 1959 1918 ἐν
1978 1882 2131 1926 ἐξουσίᾳ,
2147 1877 2272 1926 ὀρθῶς
2291 1881 2446 1918 δίδωσιν

1355 1933 1556 1976 ἐπίτροπον
1592 1924 1664 1963 ἀλλ’
1679 1930 1707 1951 ¹⁴
1742 1931 1782 1963 ἐν
1816 1927 1988 1975 διαθήκῃ.
2025 1927 2090 1962 ἐὰν
2121 1929 2163 1962 δὲ
2195 1921 2444 1974 ᾖπρόσωπον

1354 1978 1524 2010 ’τοιοῦτον
1547 1972 1566 2009 ὃ
1588 1974 1639 2019 μὴ
1663 1972 1815 2009 δύναται
1839 1971 1974 2014 δοῦναι,
2002 1972 2084 2007 οἷον
2105 1971 2223 2018 μήτηρ
2246 1971 2269 2015 ἢ
2292 1971 2446 2019 πάτρων

1355 2019 1378 2064 ἢ
1402 2017 1585 2066 ἅλλότριός
1606 2032 1668 2060 τις,
1695 2017 1718 2062 ἢ
1739 2016 1943 2066 πρόσωπον
1973 2010 2005 2062 ᾧ
2039 2017 2090 2062 μὴ
2122 2015 2272 2052 δύναται
2303 2015 2441 2057 δοῦναι,

1356 2065 1438 2100 οἷον
1459 2064 1581 2110 πατὴρ
1612 2063 1682 2108 υἱῷ
1713 2066 1769 2108 τῷ
1799 2063 1849 2109 μὴ
1885 2061 1964 2097 ὄντι
1994 2065 2035 2097 ἐν
2063 2061 2204 2105 ἐξουσίᾳ
2227 2060 2250 2104 ἢ
2274 2062 2440 2110 θυγατρί,

1355 2109 1377 2153 ἢ
1401 2110 1466 2145 ἐὰν
1489 2110 1570 2152 εἴπη
1592 2106 1806 2155 “παρακαλῶ
1829 2106 2066 2153 ἐπιμέλεσθαι
2086 2109 2164 2141 τῶν
2194 2102 2440 2155 πραγμάτων’,

1355 2155 1378 2200 ἣ
1411 2158 1452 2190 ἐν
1485 2143 1708 2190 κωδικίλλοις
1741 2154 1791 2199 μὴ
1823 2153 2067 2199 βεβαιωθεῖσι
2102 2150 2157 2196 δῷ
2192 2154 2392 2199 ἐπίτροπον
2420 2150 2444 2194 ἢ

1355 2199 1559 2247 κσυράτορα
1571 2201 1608 2240 ¹⁵,
1621 2197 1706 2233 τότε
1727 2199 1771 2235 τὸ
1794 2196 1918 2233 ἐνδέον
1937 2193 2239 2243 ἀναπληροῦσθαι
2257 2199 2297 2232 ἐκ
2307 2199 2368 2240 τῆς
2379 2198 2445 2231 τοῦ

1355 2243 1532 2281 ὑπατικοῦ
1554 2243 1717 2283 ἐξουσίας
1740 2243 1780 2279 αἱ
1803 2241 1982 2282 διατάξεις
1994 2242 2244 2288 συνεχώρησαν
2266 2244 2328 2276 καὶ
2351 2243 2442 2276 κατὰ

1356 2293 1376 2326 2
1421 2289 1490 2333 τὴν
1521 2287 1670 2337 γνώμην
1701 2288 1947 2334 βεβαιοῦσθαι
1979 2288 2061 2323 τοὺς
2093 2283 2317 2332 ἐπιτρόπους.
2373 2289 2444 2320 Καὶ

1355 2335 1420 2369 ἐὰν
1452 2336 1521 2380 μὲν
1552 2333 1672 2380 πατὴρ
1707 2329 1730 2380 ᾖ
1766 2331 1785 2368 ὁ
1822 2330 1997 2373 δεδωκώς,
2033 2334 2235 2378 περαιτέρω
2269 2327 2374 2366 οὐδὲν
2397 2327 2444 2367 ὥς

1355 2382 1415 2415 ἐπὶ
1446 2379 1490 2415 τὸ
1524 2377 1696 2415 πλεῖστον
1728 2377 1894 2423 πολυπρα
1917 2381 2024 2421 μσνεῒ
2058 2374 2078 2411 ὁ
2113 2374 2315 2423 ἡγούμενος,
2354 2372 2442 2410 ἀλλὰ

1357 2422 1479 2460 ἁπλῶς
1503 2420 1616 2459 αὐτὸν
1636 2427 1792 2469 βεβαιοῖ
1818 2423 1883 2457 ἐὰν
1918 2421 2049 2458 etii-ios
2059 2434 2123 2462 τις,
2138 2421 2222 2456 τότε
2233 2420 2400 2478 πολυπρα
2423 2441 2443 2448 -

1356 2474 1376 2506 3
1422 2473 1535 2515 μονεῖ,
1570 2467 1614 2503 τὸ
1648 2467 1850 2516 πρόσωπον
1884 2468 1915 2502 εἰ
1949 2469 2049 2502 ἔστιν
2082 2465 2298 2509 ἐπιτήδειον.
2431 2479 2445 2499 ι

1358 2513 1490 2549 εἰδέναι
1523 2513 1579 2549 δεῖ
1610 2509 1668 2548 ὅτι
1698 2512 1887 2560 κσυράτωρ
1925 2511 2018 2547 κατὰ
2050 2510 2232 2556 διαθήκας
2263 2507 2345 2546 οὗδέ
2373 2508 2444 2546 ὑπὸ

1356 2559 1493 2606 πατρὸς
1526 2556 1649 2605 ὀρθῶς
1666 2557 1819 2600 δίδοται,
1836 2554 1923 2593 ἀλλὰ
1938 2555 2062 2593 δοθεὶς
2075 2557 2189 2591 εἴωθε
2198 2555 2445 2602 βεβαιοῦσθαι

1355 2602 1425 2640 ὑπὸ
1448 2606 1514 2639 τοῦ
1535 2603 1777 2651 7‘77‘0i›,u‹s²vov.¹⁶

1403 2647 1429 2687 2
1453 2649 1661 2686 Nssmrws
1680 2649 1771 2685 libro
1796 2649 1900 2685 tertio
1923 2648 2133 2695 reqularum
2170 2646 2301 2683 Mulier
2322 2645 2444 2682 liberis

1357 2706 1430 2731 non
1459 2699 1558 2731 recte
1589 2698 1803 2730 testamento
1834 2697 1989 2729 tutorem
2021 2693 2101 2728 dat:
2142 2691 2205 2728 sed
2235 2692 2266 2727 si
2297 2690 2442 2734 dederit,

1357 2740 1500 2776 decreto
1523 2740 1700 2786 praetoris
1723 2739 1778 2774 vel
1800 2738 2023 2785 proconsulis
2041 2748 2085 2773 ex
2107 2737 2334 2783 inquisitione
2357 2746 2442 2771 con·

1356 2785 1558 2821 firmabitur
1586 2795 1654 2821 nec
1685 2784 1873 2820 satisdabit
1907 2783 2041 2829 pupillo
2078 2792 2153 2818 rem
2183 2782 2318 2818 salvam
2351 2780 2441 2833 fore.

1361 2833 1375 2865 1
1425 2829 1496 2866 Sed
1527 2834 1564 2866 et
1594 2830 1625 2866 si
1656 2833 1801 2865 curator
1834 2839 1857 2864 a
1887 2832 2000 2864 matre
2031 2831 2244 2863 testamento
2269 2826 2374 2862 datus
2397 2829 2444 2861 sit

1356 2875 1437 2911 filiis
1461 2875 1549 2918 eius,
1575 2875 1717 2911 decreto
1742 2874 1973 2910 confirmatur
1996 2884 2040 2909 ex
2062 2872 2298 2919 inquisitione.

1403 2917 1428 2958 3
1453 2920 1648 2956 IULIANUS
1667 2919 1758 2956 libro
1781 2920 1946 2955 vicesimo
1964 2919 2087 2964 primo
2112 2917 2332 2964 diqestorum
2375 2914 2443 2959 Qui

1358 2975 1380 3000 a
1402 2969 1506 3011 patre
1527 2969 1627 3000 tutor
1650 2964 1806 3010 scriptus
1831 2969 1885 2999 est
1917 2969 1979 2998 aut
2010 2974 2083 2998 non
2112 2962 2206 2997 iusto
2229 2963 2442 2997 testamento

1352 3082 1385 3111 et
1409 3078 1531 3122 quibus
1555 3081 1689 3120 oportet
1713 3080 1746 3110 et
1770 3087 1837 3120 quo
1858 3077 1956 3110 modo
1989 3079 2123 3119 oportet
2154 3079 2190 3108 et
2212 3075 2273 3108 ubi
2296 3077 2440 3118 oportet.

1353 3128 1449 3167 pater
1479 3124 1568 3156 enim
1595 3122 1677 3155 filiis
1707 3122 1948 3166 nepotibusve,
1973 3132 2055 3164 quos
2080 3122 2116 3154 in
2140 3123 2306 3164 potestate
2329 3119 2440 3159 habet,

1353 3172 1442 3202 recte
1462 3172 1609 3201 tutorem
1629 3167 1688 3200 dat
1707 3171 1919 3200 testamento.
1956 3167 2013 3199 sed
2037 3167 2067 3199 si
2087 3170 2147 3199 aut
2166 3176 2205 3199 ea
2226 3175 2368 3208 persona
2380 3168 2440 3206 est,

1353 3225 1439 3257 quae
1451 3214 1530 3247 dare
1542 3223 1610 3246 11011
1623 3216 1746 3255 potest,
1762 3217 1799 3245 ut
1810 3216 1917 3245 mater
1939 3212 1990 3244 vel
2009 3215 2172 3254 patronus
2191 3210 2244 3243 vel
2264 3213 2440 3243 extraneus

1354 3259 1449 3302 quis:
1470 3262 1529 3291 aut
1541 3268 1685 3300 persona
1697 3262 1757 3299 est,
1770 3258 1825 3290 cui
1839 3258 1914 3291 dari
1925 3267 1993 3290 non
2013 3259 2135 3299 potest,
2155 3259 2195 3288 ut
2213 3254 2285 3288 filio
2311 3254 2440 3287 filiaeve

1354 3305 1414 3347 qui
1436 3314 1505 3336 11011
1525 3307 1576 3336 est
1595 3303 1631 3335 in
1652 3306 1837 3345 potestate:
1864 3306 1924 3335 aut
1941 3303 1972 3334 si
1984 3301 2144 3334 dixerim:
2166 3303 2258 3343 ‘rogo
2278 3303 2311 3332 te
2331 3309 2440 3332 rerum

1355 3359 1468 3382 curam
1481 3348 1590 3390 agas':
1615 3348 1724 3381 autin
1738 3346 1905 3381 codicillis
1918 3357 1986 3379 11011
1999 3345 2205 3380 confirmatis
2219 3348 2363 3378 tutorem
2376 3342 2440 3386 [vel

1354 3395 1554 3435 curatorem]
1569 3393 1653 3432 dem,
1668 3397 1739 3426 tum
1760 3392 1849 3436 quod
1861 3392 1956 3425 deest
1978 3394 2018 3424 ut
2040 3390 2239 3433 suppleatur
2251 3388 2440 3423 0011811111τί8

1355 3442 1521 3482 potestate
1542 3438 1804 3471 constitutiones
1827 3437 2054 3481 permiserunt
2073 3439 2107 3469 et
2129 3434 2311 3468 secundum
2324 3433 2438 3466 volun·

1356 3486 1376 3518 2
1401 3487 1503 3517 tatem
1516 3487 1556 3516 ut
1567 3483 1806 3516 confirmentur
1815 3486 1953 3516 tutores.
1966 3482 2050 3515 Etsi
2060 3481 2193 3523 quidem
2208 3483 2305 3522 pater
2316 3482 2367 3512 est
2380 3477 2438 3520 qui

1356 3529 1497 3569 dederit,
1518 3528 1715 3572 plerumque
1735 3538 1869 3571 praeses
1889 3538 1957 3559 non
1977 3526 2134 3570 inquirit,
2155 3524 2214 3558 sed
2234 3524 2347 3557 datum
2359 3523 2438 3556 nim·

1356 3574 1493 3617 pliciter
1506 3574 1699 3606 confirmat:
1720 3574 1750 3606 si
1769 3583 1847 3605 vero
1859 3572 1947 3605 alius
1960 3572 2063 3611 dedit,
2084 3571 2257 3614 inquirere
2278 3568 2372 3610 solet,
2394 3576 2437 3600 an

1357 3621 1376 3654 3
1403 3619 1543 3652 idoneus
1552 3619 1609 3652 sit.
1622 3620 1798 3651 Praeterea
1806 3617 1977 3650 sciendum
1986 3621 2036 3649 est
2044 3620 2231 3649 curatorem
2240 3614 2439 3646 testamento

1358 3675 1399 3697 118
1412 3675 1431 3697 a
1443 3668 1539 3707 patre
1562 3663 1698 3705 quidem
1711 3667 1799 3695 recte
1813 3662 1905 3702 dari3
1926 3662 1984 3695 sed
1996 3663 2025 3695 si
2037 3662 2146 3701 datur,
2155 3659 2241 3693 solet
2249 3654 2438 3692 confimari

1358 3721 1377 3741 a
1389 3709 1552 3751 praeside.

1911 270 2030 306 eredes
2061 270 2216 307 instituit
2237 270 2330 308 filios
2352 281 2438 309 81108
2497 299 2500 302 «
