2528 3918
111 173 167 203 ΕΤ
194 171 441 203 NOMINIBUS
471 170 626 201 EORUM

111 283 218 318 etiam
241 292 422 318 servorum
446 280 613 316 dicimus:
640 278 702 314 sed
721 278 767 313 ad
784 279 878 323 leges
897 278 1041 314 serviles
1063 287 1193 322 cogna-

111 332 132 364 6
178 328 292 364 tiones
324 338 397 363 non
426 325 613 372 pertinent.
667 323 896 369 Cognationis
933 324 1030 369 origo
1065 327 1100 359 et
1130 333 1194 368 per

111 373 259 409 feminas
291 372 387 409 solas
420 370 607 415 contingit:
639 369 752 405 frater
783 369 876 404 enim
906 372 962 406 est
992 373 1028 404 et
1059 369 1120 413 qui
1151 378 1194 402 ex

110 419 233 454 eadem
267 422 380 453 matre
408 420 547 451 tantum
577 418 683 450 natus
719 418 791 450 est:
829 425 911 449 nam
946 414 1007 468 qui
1045 413 1193 449 eundem

111 469 247 510 patrem
271 464 422 504 habent,
450 460 534 496 licet
557 460 714 495 diversas
741 463 889 502 matres,
919 462 1025 495 etiam
1049 458 1195 504 adgnati

113 513 129 543 Ἰ
178 513 272 544 sunt.
307 508 478 542 Parentes
501 516 616 558 usque
640 505 686 540 ad
709 505 876 540 tritavum
896 505 992 550 apud
1011 505 1193 541 Romanos

112 554 255 599 proprio
279 551 451 588 vocabulo
475 554 721 586 nominantur:
747 550 934 586 ulteriores
958 549 1019 596 qui
1036 560 1110 585 non
1128 550 1193 584 ha-

112 602 195 635 bent
218 597 371 644 speciale
394 606 524 632 nomen
548 596 700 631 maiores
721 595 963 641 appellantur:
985 595 1072 631 item
1090 594 1195 630 liberi

111 654 222 689 usque
245 642 292 678 ad
313 642 565 687 trinepotem¹:
590 641 686 676 ultra
709 641 775 676 hos
798 641 1039 686 posteriores²
1062 650 1193 676 vocan-

111 693 129 723 S
176 693 246 724 tur.
293 687 384 723 Sunt
422 690 459 722 et
496 697 541 722 ex
579 686 752 722 lateribus
790 686 951 731 cognati,
991 688 1034 721 ut
1061 684 1193 720 fratres

109 742 319 778 sororesque
351 736 387 768 et
415 742 459 768 ex
491 732 546 767 his
575 731 758 778 prognati:
797 731 882 766 item
914 731 1035 776 patrui
1063 730 1194 766 amitae

109 783 128 814 9
175 780 234 814 et³
258 777 425 813 avunculi
444 781 480 813 et
498 780 721 813 materterae.
757 776 872 812 Nam⁴
897 777 1061 822 quotiens
1085 786 1194 821 quae-

109 825 207 866 ritur,
233 825 392 868 quanto⁵
413 822 528 868 gradu
552 832 713 868 quaeque
736 833 891 874 persona
915 822 977 865 sit,
1003 822 1049 857 ab
1073 831 1115 857 eo
1139 821 1193 855 in-

110 869 310 914 cipiendum
335 872 389 904 est
414 868 516 903 cuius
541 868 585 903 de
610 871 821 913 cognatione
845 868 1066 912 quaerimus:
1100 870 1136 902 et
1164 866 1195 901 si

107 926 151 951 ex
179 914 408 949 inferioribus
441 917 504 948 aut
528 914 773 958 superioribus
796 913 966 958 gradibus
991 916 1064 955 est,
1094 915 1195 947 recta

107 960 200 995 linea
231 970 354 994 susum
384 969 526 994 versum
555 959 609 994 vel
642 958 806 994 deorsum
838 958 1060 994 tendentium
1089 956 1194 992 facile

107 1005 322 1040 inveniemus
342 1004 486 1049 gradus,
511 1004 542 1039 si
565 1014 630 1049 per
654 1004 813 1048 singulos
838 1003 970 1048 gradus
994 1002 1195 1048 proximum

108 1060 281 1096 quemque
300 1060 547 1085 numeramus:
573 1060 656 1084 nam
673 1049 733 1095 qui
753 1049 787 1084 ei
797 1051 820 1093 ⁶,
847 1049 909 1094 qui
926 1049 1012 1083 mihi
1031 1047 1194 1094 proximo

105 1095 219 1140 gradu
251 1099 323 1138 est,
355 1095 539 1140 proximus
573 1099 642 1138 cst,
676 1094 834 1130 secundo
865 1095 980 1139 gradu
1010 1097 1067 1129 est
1090 1093 1193 1128 mihi:

107 1140 267 1176 similiter
284 1140 401 1176 enim⁷
426 1140 680 1175 accedentibus
699 1140 848 1185 singulis
868 1140 997 1175 crescit
1013 1149 1193 1174 numerus.

107 1186 198 1221 idem
229 1185 431 1220 faciendum
463 1185 500 1220 in
531 1185 743 1221 transversis
774 1185 964 1231 gradibus:
998 1185 1050 1220 sic
1082 1183 1195 1219 frater

107 1231 264 1267 secundo
280 1231 394 1276 gradu
413 1234 478 1273 est,
505 1231 672 1276 quoniam
690 1231 804 1284 patris
820 1231 874 1266 vel
888 1230 1011 1265 matris
1028 1239 1193 1275 persona,

113 1281 149 1311 10
197 1287 261 1322 per
279 1287 368 1321 quos
390 1276 627 1320 coniungitur,
651 1287 751 1321 prior
770 1279 980 1311 numeratur
990 1277 1014 1310 ⁸.
1052 1275 1195 1310 Gradus

107 1326 225 1357 autem
250 1321 336 1356 dicti
362 1322 470 1357 sunt⁹
494 1332 516 1356 a
540 1321 769 1357 similitudine
793 1321 971 1357 scalarum
990 1321 1195 1356 locorumve

106 1367 333 1413 proclivium,
368 1377 460 1446 gnos
492 1367 543 1401 ita
573 1366 810 1411 ingredimur,
843 1371 884 1401 ut
913 1376 935 1401 a
965 1366 1127 1412 proximo
1158 1366 1195 1400 in

106 1413 322 1457 proximum,
353 1412 364 1446 i
413 1415 468 1447 est
491 1411 528 1446 in
553 1422 649 1454 eum,
676 1412 736 1456 qui
761 1413 864 1457 quasi
886 1422 931 1447 ex
955 1422 997 1447 eo
1021 1411 1193 1453 nascitur,

112 1462 146 1492 ll
196 1461 433 1492 transeamus.
480 1457 585 1492 Nunc
616 1457 773 1502 singulos
795 1457 929 1502 gradus
953 1466 1193 1492 numeramus.

110 1506 149 1538 12
194 1502 315 1537 Primo
338 1502 452 1547 gradu
473 1503 695 1547 cognationis
715 1506 800 1538 sunt
820 1513 943 1538 susum
960 1513 1102 1538 versum
1124 1501 1195 1536 duo

106 1552 209 1593 pater
240 1551 275 1582 et
298 1552 423 1583 mater.
471 1547 639 1583 deorsum
662 1558 804 1583 versum
828 1548 898 1584 duo
924 1548 1018 1583 filius
1043 1551 1080 1583 et
1101 1546 1193 1582 filia:

110 1597 148 1628 13
197 1593 258 1638 qui
277 1597 397 1628 tamen
414 1596 450 1628 et
467 1592 589 1638 plures
608 1604 687 1629 esse
703 1599 866 1639 possunt.
899 1593 1065 1629 Secundo
1082 1592 1197 1638 gradu

107 1639 294 1674 duodecim
323 1648 498 1684 personae
524 1639 751 1674 continentur
773 1640 853 1675 hae.
902 1649 1008 1681 avus,
1040 1639 1110 1674 1100
1143 1642 1197 1673 est

105 1684 217 1730 patris
243 1688 279 1719 et
300 1684 424 1719 matris
448 1687 564 1728 pater.
611 1685 696 1719 item
719 1685 817 1728 avia,
849 1684 1010 1719 similiter
1032 1687 1108 1719 tam
1131 1693 1195 1729 pa-

106 1734 208 1765 terna
238 1739 345 1774 quam
374 1734 547 1765 materna.
594 1729 707 1765 frater
738 1741 880 1775 quoque
910 1740 976 1775 per
1005 1733 1195 1774 utrumque

107 1778 290 1820 parentem
315 1774 510 1819 accipitur,
542 1774 580 1809 id
610 1779 665 1811 est
696 1779 760 1810 aut
788 1786 852 1820 per
881 1778 1032 1810 matrem
1055 1778 1196 1809 tantum

107 1826 169 1855 aut
192 1831 257 1865 per
279 1824 418 1865 patrem
442 1824 504 1854 aut
527 1830 592 1865 per
613 1824 815 1865 utrumque,
840 1820 877 1855 id
902 1824 956 1856 est
979 1831 1024 1856 ex
1042 1824 1196 1865 utroque

108 1870 256 1911 parente
280 1865 415 1900 eodem.
464 1865 526 1901 sed
549 1865 608 1901 hic
631 1876 819 1902 numerum
844 1876 917 1901 non
942 1870 1067 1911 auget,
1101 1865 1197 1909 quod

108 1911 195 1945 nihil
227 1910 346 1946 differt
376 1910 435 1945 hic
467 1911 512 1945 ab
546 1921 605 1954 eo,
644 1912 705 1955 qui
736 1911 887 1947 eundem
917 1916 1057 1956 patrem
1087 1911 1198 1946 habet

108 1960 265 1998 tantum,
298 1955 367 1991 nisi
392 1956 487 2001 quod
510 1956 540 1990 is
565 1955 708 1992 eosdem
733 1961 902 2001 cognatos
928 1960 1002 1991 tam
1025 1960 1196 2001 paternos

108 2012 215 2047 quam
238 2005 417 2036 maternos
442 2002 569 2036 habet:
600 2006 637 2037 et
664 2002 744 2038 ideo
777 2002 916 2038 evenire
947 2001 1039 2037 solet
1066 2002 1104 2036 in
1127 2001 1195 2043 his,

132 2047 169 2082 ui
193 2046 340 2082 diversis
363 2047 573 2092 parentibus
597 2047 674 2082 nati
698 2052 798 2090 sunt,
830 2052 871 2082 ut
903 2047 963 2092 qui
990 2057 1068 2082 meo
1093 2046 1197 2081 fratri

122 2096 219 2128 rater
241 2092 289 2127 sit
311 2102 411 2128 meus
437 2096 610 2136 cognatus
634 2103 707 2128 non
731 2093 789 2128 sit.
836 2103 930 2138 pone
959 2103 1016 2127 me
1047 2092 1197 2127 fratrem

107 2138 239 2173 habere
254 2148 298 2172 ex
313 2137 437 2172 eodem
450 2142 591 2172 tantum
606 2142 721 2183 patre,
746 2138 846 2173 illum
866 2138 1000 2173 habere
1015 2148 1060 2173 ex
1074 2137 1196 2172 eadem

108 2188 238 2218 matre:
263 2182 314 2217 illi
337 2183 431 2218 inter
454 2193 492 2218 se
516 2182 645 2219 fratres
671 2187 770 2222 sunt,
799 2183 886 2218 mihi
909 2184 999 2219 alter
1024 2186 1195 2228 cognatus

108 2239 179 2264 non
204 2231 269 2263 est.
317 2238 420 2263 soror
443 2228 603 2264 similiter
625 2233 834 2264 numeratur
857 2234 896 2264 ut
919 2229 1041 2263 frater.
1083 2238 1196 2273 nepos

108 2284 249 2319 quoque
273 2273 463 2318 dupliciter
485 2273 702 2319 intellegitur
732 2285 777 2310 ex
804 2274 877 2310 filio
902 2274 957 2309 vel
980 2274 1054 2309 filia
1077 2278 1195 2309 natus.

111 2322 151 2353 14
198 2319 291 2353 idem
330 2323 385 2354 est
421 2323 459 2354 et
488 2319 526 2353 in
557 2323 675 2364 nepte.
723 2320 846 2355 Tertio
877 2319 990 2364 gradu
1047 2329 1196 2354 ersonae

109 2365 336 2399 continentur
351 2364 496 2409 triginta
516 2364 586 2399 duo
601 2366 638 2399 ¹⁰.
672 2375 842 2409 proavus,
864 2365 924 2410 qui
943 2375 1013 2410 qua
1058 2364 1196 2400 ifariter

108 2409 341 2454 intellegitur:
373 2414 427 2444 est
456 2409 549 2444 enim
576 2411 632 2445 avi
654 2411 796 2455 paterni
820 2415 883 2445 aut
904 2410 1058 2446 materni
1081 2414 1194 2455 pater,

108 2456 192 2490 item
215 2455 314 2490 aviae
337 2458 510 2500 paternae
533 2460 597 2490 aut
620 2456 720 2491 aviae
743 2459 926 2491 maternae
949 2460 1063 2501 pater.
1111 2466 1195 2500 pro-

110 2501 187 2535 avia
206 2511 346 2545 quoque
365 2504 534 2544 quattuor
550 2511 723 2546 personas
742 2501 1006 2546 complectitur:
1032 2505 1087 2536 est
1103 2500 1196 2536 enim

109 2550 172 2580 aut
194 2546 250 2580 avi
273 2545 413 2590 paterni
437 2550 500 2581 aut
523 2546 623 2581 aviae
646 2550 818 2591 paternae
841 2550 965 2589 mater,
989 2547 1075 2582 item
1099 2546 1156 2581 avi
1169 2548 1195 2567 ²²

108 2591 259 2626 materni
279 2594 315 2625 et
332 2591 491 2626 similiter
509 2591 610 2626 aviae
627 2596 810 2627 maternae
822 2593 850 2613 ¹²
873 2596 996 2628 mater.
1031 2596 1195 2636 patruus,

108 2637 138 2671 is
162 2640 282 2671 autem
305 2641 360 2671 est
383 2637 497 2680 patris
521 2637 636 2672 frater
650 2637 676 2658 ¹³
700 2641 736 2672 et
752 2637 830 2682 ipse
849 2637 1039 2682 dupliciter
1056 2637 1195 2672 intelle-

109 2681 244 2726 gendus
275 2685 331 2717 est
360 2691 404 2716 ex
435 2685 538 2727 patre
566 2682 622 2717 vel
652 2686 776 2717 matre.
825 2682 905 2717 avia
936 2687 1087 2727 paterna
1117 2692 1197 2717 mea

110 2727 232 2771 nupsit
263 2727 358 2772 patri
387 2730 467 2769 tuo,
501 2727 638 2771 peperit
667 2731 719 2771 te,
750 2731 814 2762 aut
843 2728 922 2762 avia
953 2732 1104 2772 paterna
1133 2731 1197 2762 tua

110 2771 230 2816 nupsit
262 2772 357 2816 patri
387 2782 485 2814 meo,
525 2773 662 2817 peperit
696 2783 753 2807 me
766 2774 811 2808 ¹⁴:
851 2783 915 2817 ego
947 2773 1015 2808 tibi
1044 2777 1196 2817 patruus

110 2828 188 2851 sum
212 2820 249 2852 et
271 2821 311 2851 tu
335 2817 431 2852 mihi.
468 2817 505 2852 id
528 2817 654 2860 evenit,
680 2818 711 2853 si
729 2818 894 2854 mulieres
916 2818 1029 2853 altera
1049 2818 1196 2853 alterius

112 2863 183 2897 filio
206 2862 387 2907 nupserit:
420 2873 502 2897 nam
532 2862 594 2907 qui
622 2873 666 2898 ex
694 2863 750 2898 1110
780 2864 929 2898 masculi
952 2863 1028 2898 nati
1050 2863 1195 2907 fuerint,

110 2907 259 2943 invicem
282 2908 402 2952 patrui
426 2912 528 2949 sunt,
561 2918 652 2952 quae
675 2908 844 2951 feminae,
873 2909 1025 2944 invicem
1054 2909 1195 2951 amitae,

110 2953 194 2988 item
223 2953 372 2988 masculi
400 2952 540 2989 feminis
575 2953 738 2988 similiter
767 2954 905 2999 patrui,
945 2953 1098 2990 feminae
1127 2954 1196 2989 illis

111 2998 251 3033 amitae.
299 2998 330 3033 si
352 2999 405 3033 vir
427 3002 464 3034 et
487 2998 614 3034 mulier
635 2999 696 3035 ille
718 2998 827 3034 filiam
850 3000 926 3035 eius
952 2999 1112 3041 duxerit,
1135 2999 1197 3033 illa

112 3043 183 3078 filio
213 3043 288 3079 eius
320 3043 499 3088 nupserit:
539 3044 600 3088 qui
637 3054 680 3079 ex
713 3048 817 3089 patre
852 3044 1090 3080 adulescentis
1121 3045 1197 3079 nati

112 3093 232 3130 erunt,
262 3099 307 3124 ex
335 3094 449 3124 matre
473 3089 612 3134 puellae
636 3093 740 3125 natos
764 3090 886 3125 fratris
910 3090 1019 3132 filios,
1051 3089 1104 3125 illi
1136 3099 1197 3125 eos

114 3137 261 3177 patruos
276 3138 311 3169 et
327 3134 454 3170 amitas
468 3137 496 3156 ¹⁵
514 3134 756 3180 appellabunt.
790 3135 986 3170 avunculus
1003 3139 1058 3171 est
1072 3135 1196 3170 matris

519 3224 640 3259 fratris
664 3224 787 3260 eodem
811 3228 913 3269 patre
936 3225 1014 3260 nati
1036 3236 1147 3271 nepos
1172 3236 1216 3261 ex
1239 3224 1311 3260 filio

518 3269 641 3305 fratris
665 3269 789 3305 eadem
812 3275 941 3313 matre,
975 3271 1045 3306 alio
1070 3275 1172 3316 patre
1194 3270 1270 3305 nati
1293 3279 1404 3315 nepos
1429 3280 1473 3304 ex
1496 3270 1570 3304 filio

520 3314 642 3350 fratris
667 3315 791 3351 eodem
812 3319 916 3360 patre
939 3316 1015 3351 nati
1038 3316 1155 3361 neptis
1180 3326 1224 3351 ex
1246 3315 1320 3351 filio

520 3359 642 3395 fratris
666 3360 737 3396 alio
766 3364 869 3406 patre
898 3360 1022 3396 eadem
1051 3365 1166 3397 matre
1190 3361 1265 3396 nati
1288 3360 1405 3405 neptis
1430 3370 1473 3394 ex
1496 3359 1570 3395 filio

1190 151 1269 198 581

2033 155 2265 198 XXXVIII
2299 159 2346 197 10

1263 276 1376 312 frater
1407 276 1531 312 eadem
1562 275 1836 321 significatione,
1873 289 1944 323 qua
1972 277 2009 312 in
2037 281 2167 323 patruo
2196 277 2349 313 diximus

1264 322 1412 368 contigit
1424 324 1462 358 ¹⁰.
1498 321 1528 358 si
1552 322 1624 356 duo
1642 321 1708 356 viri
1721 323 1747 343 ¹⁷
1772 323 1862 358 alter
1879 323 2025 358 alterius
2044 323 2153 358 filiam
2171 322 2349 365 duxerint,

1264 368 1324 412 qui
1355 379 1400 403 ex
1431 368 1487 403 his
1518 366 1670 402 masculi
1702 368 1776 402 nati
1807 368 1956 412 fuerint,
1991 369 2141 404 invicem
2171 369 2349 411 avunculi,

1264 424 1356 458 quae
1385 412 1553 456 feminae,
1584 412 1735 447 invicem
1767 416 1978 449 materterae
2008 418 2130 457 erunt,
2163 418 2200 449 et
2227 414 2349 450 eadem

1263 459 1402 494 ratione
1433 457 1585 494 masculi
1614 457 1744 502 puellis
1776 459 1942 493 avunculi
1976 462 2011 494 et
2039 459 2120 495 illae
2151 459 2219 495 illis
2245 464 2351 495 erunt

1264 507 1487 539 materterae.
1536 502 1647 538 amita
1679 506 1733 538 est
1762 504 1876 548 patris
1906 515 2009 539 soror
2037 505 2131 540 sicut
2155 516 2266 550 supra
2290 516 2349 540 ac-

1264 549 1470 593 cipiendi¹⁸.
1517 552 1711 584 matertera
1743 552 1798 584 est
1830 549 1953 584 matris
1986 560 2087 585 soror
2118 551 2281 586 similiter
2311 556 2349 586 ut

1263 605 1384 639 supra.
1432 594 1522 629 illud
1557 593 1755 629 notandum
1767 594 1796 615 ²⁹
1833 598 1888 629 est
1924 606 2014 637 non,
2055 596 2349 640 quemadmodum

1263 640 1377 684 patris
1415 640 1610 684 matrisque
1646 638 1778 674 fratres
1814 643 1850 674 et
1887 650 2027 674 sorores
2060 642 2180 684 patrui
2211 642 2350 682 amitae,

1263 685 1430 720 avunculi
1458 688 1674 720 materterae
1698 685 1882 726 dicuntur,
1915 685 1966 719 ita
1994 684 2115 720 fratris
2149 687 2352 731 sororisque

1263 730 1356 766 filios
1388 730 1480 765 filias
1509 730 1638 765 nomen
1668 730 1825 775 speciale
1855 730 2077 775 cognationis
2107 731 2256 775 habere,
2290 732 2352 766 sed

1262 775 1314 810 ita
1344 774 1584 810 demonstrari
1616 774 1737 810 fratris
1771 776 1976 820 sororisque
2000 774 2091 810 filios
2115 776 2225 811 filias:
2258 778 2353 822 quod

1264 820 1409 866 quidem
1433 824 1469 856 et
1491 821 1530 855 in
1554 820 1632 855 aliis
1657 820 1821 856 accidere
1853 831 1897 856 ex
1920 822 2177 866 posterioribus
2203 833 2352 867 appare-

1263 867 1328 901 bit.
1375 876 1556 911 pronepos
1589 876 1732 918 quoque
1757 870 1791 901 et
1814 866 1999 911 proneptis
2026 866 2277 911 quadrifariter
2300 869 2352 902 in-

1263 912 1497 956 telleguntur:
1529 914 1592 946 aut
1621 921 1714 946 emm
1744 922 1787 947 ex
1817 915 1947 956 nepote
1971 921 2016 946 ex
2040 912 2112 946 filio
2137 917 2200 946 aut
2225 924 2268 947 ex
2292 924 2351 947 ne-

1264 960 1348 1002 pote
1373 967 1416 991 ex
1438 956 1513 991 filia
1537 956 1775 999 descendunt,
1807 961 1871 992 aut
1900 967 1945 992 ex
1973 960 2079 1001 nepte
2111 968 2155 992 ex
2186 958 2258 992 filio
2292 964 2353 992 aut

1267 1006 1306 1037 15
1354 1012 1399 1037 ex
1419 1006 1526 1047 nepte
1544 1012 1589 1037 ex
1606 1002 1681 1037 filia
1697 1006 1954 1047 propagantur.
1988 1002 2124 1046 Quarto
2142 1003 2255 1047 gradu
2274 1015 2353 1048 per-

1264 1058 1374 1083 sonae
1400 1048 1628 1083 continentur
1653 1048 1844 1092 octoginta.
1893 1049 2039 1089 abavus,
2070 1048 2171 1083 cuius
2196 1048 2353 1083 intellec-

1263 1097 1322 1128 tus
1346 1094 1383 1127 in
1408 1097 1489 1129 octo
1513 1103 1687 1138 personas
1710 1093 1923 1139 porrigitur:
1950 1099 2004 1128 est
2028 1094 2122 1128 enim
2144 1094 2268 1137 proavi
2291 1105 2355 1138 pa-

1263 1139 1356 1173 terni
1380 1142 1443 1173 aut
1465 1138 1620 1174 materni
1642 1141 1762 1183 pater,
1793 1149 1882 1182 quos
1907 1138 2067 1183 singulos
2093 1138 2227 1183 duplici
2250 1140 2354 1174 modo

1263 1183 1530 1229 intellegendos
1543 1183 1707 1226 diximus,
1733 1188 1797 1218 aut
1815 1184 1985 1229 proaviae
2004 1188 2179 1229 paternae
2199 1188 2262 1218 aut
2282 1195 2355 1218 ma-

1263 1234 1387 1265 ternae
1411 1233 1530 1274 pater‚
1562 1239 1655 1274 quae
1679 1233 1715 1264 et
1737 1229 1839 1274 ipsae
1863 1229 2024 1274 singulae
2049 1229 2238 1273 dupliciter
2262 1230 2355 1264 acci-

1263 1276 1421 1320 piuntur.
1456 1274 1600 1310 abavia:
1627 1278 1663 1310 et
1685 1275 1776 1310 haec
1800 1275 1911 1310 octies
1936 1280 2164 1310 numeratur:
2191 1279 2245 1310 est
2264 1276 2356 1309 enim

1263 1321 1389 1365 proavi
1417 1320 1559 1365 paterni
1583 1324 1646 1355 aut
1669 1321 1839 1363 materni,
1870 1321 1956 1356 item
1986 1320 2154 1365 proaviae
2186 1325 2357 1365 paternae

1265 1370 1328 1400 aut
1350 1369 1533 1401 maternae
1556 1369 1680 1401 mater.
1719 1370 1871 1410 patruus
1895 1376 2046 1410 magnus
2071 1369 2126 1400 est
2150 1365 2263 1401 frater
2282 1367 2356 1400 avi:

1265 1411 1325 1456 qui
1355 1422 1443 1446 avus
1454 1412 1495 1454 ²⁰,
1529 1411 1615 1446 item
1646 1410 1759 1446 frater
1789 1422 1870 1446 cum
1900 1411 2040 1446 duobus
2073 1410 2187 1446 modis
2218 1411 2356 1446 intelle-

1263 1460 1415 1501 guntur,
1454 1460 1626 1501 quattuor
1655 1467 1828 1501 personas
1859 1457 1928 1492 hoc
1958 1466 2088 1492 nomen
2120 1457 2356 1501 amplectitur.

1265 1506 1305 1537 ut
1329 1502 1375 1537 sit
1399 1501 1455 1537 avi
1477 1502 1619 1547 paterni
1644 1502 1698 1537 vel
1721 1503 1873 1537 materni
1901 1502 2032 1544 frater,
2063 1501 2122 1546 qui
2151 1503 2206 1536 vel
2235 1502 2357 1537 eodem

1265 1551 1380 1593 patre,
1404 1547 1442 1582 id
1466 1551 1522 1582 est
1544 1558 1690 1592 proavo,
1716 1548 1772 1583 vel
1789 1551 1930 1582 tantum
1949 1551 2063 1587 matre
2083 1547 2218 1591 eadem,
2243 1547 2279 1582 id
2304 1553 2359 1583 est

1264 1593 1413 1638 proavia
1437 1596 1544 1627 natus
1569 1596 1640 1628 est:
1675 1593 1735 1638 qui
1765 1596 1883 1628 autem
1916 1593 2003 1627 mihi
2031 1596 2184 1637 patruus
2207 1604 2358 1637 magnus

1266 1642 1331 1681 est,
1355 1638 1388 1673 is
1412 1638 1509 1683 patri
1533 1649 1610 1673 meo
1636 1638 1692 1673 vel
1716 1639 1820 1673 matri
1844 1649 1943 1673 meae
1966 1642 2120 1683 patruus
2146 1641 2210 1673 est.
2249 1639 2359 1673 amita

1265 1693 1395 1728 magna
1427 1688 1482 1718 est
1512 1683 1567 1718 avi
1600 1694 1721 1719 soror:
1761 1694 1848 1719 avus
1880 1688 2016 1725 autem,
2051 1683 2135 1718 item
2168 1694 2286 1726 soror,
2320 1688 2359 1719 ut

1265 1739 1376 1774 supra
1409 1728 1578 1772 diximus,
1614 1729 1805 1774 dupliciter
1837 1729 2092 1774 intelleguntur
2123 1732 2159 1764 et
2189 1729 2268 1764 ideo
2300 1730 2358 1764 hic

1267 1784 1407 1820 quoque
1426 1778 1597 1819 quattuor
1615 1784 1788 1819 personas
1806 1774 2061 1819 intellegimus:
2088 1774 2250 1809 similiter
2268 1786 2359 1819 quae

1265 1820 1379 1865 patris
1399 1819 1469 1855 mei
1489 1819 1545 1855 vel
1565 1819 1691 1855 matris
1711 1830 1811 1855 meae
1830 1819 1940 1854 amita
1957 1824 2022 1863 est,
2048 1820 2134 1854 mihi
2157 1820 2225 1854 erit
2248 1820 2359 1855 amita

1265 1875 1404 1910 magna.
1443 1866 1640 1900 avunculus
1663 1876 1813 1910 magnus
1839 1869 1895 1900 est
1914 1865 2015 1900 aviae
2033 1864 2161 1900 frater:
2188 1869 2359 1910 quattuor

1264 1920 1441 1956 personae
1472 1910 1557 1945 huic
1587 1910 1722 1945 nomini
1751 1911 1876 1945 eadem
1904 1911 2043 1945 ratione
2068 1910 2251 1946 subiectae
2275 1916 2359 1946 sunt

1264 1956 1420 2001 mihique
1443 1955 1474 1991 is
1499 1959 1555 1991 est
1578 1956 1776 1991 avunculus
1800 1966 1966 2000 magnus,
1998 1956 2059 2001 qui
2083 1956 2178 2000 patri
2202 1967 2278 1991 meo
2304 1957 2357 1991 vel

1266 2002 1372 2036 matri
1394 2011 1495 2036 meae
1518 2002 1715 2036 avunculus
1738 2006 1801 2037 est.
1839 2005 2031 2036 matertera
2044 2011 2174 2046 magna
2190 2005 2245 2037 est
2258 2002 2358 2037 aviae

1267 2057 1387 2082 soror:
1419 2050 1591 2092 quattuor
1621 2046 1736 2082 modis
1767 2051 1803 2082 et
1832 2046 1921 2082 haec
1955 2047 2001 2082 ob
2033 2047 2183 2082 eandem
2212 2057 2357 2082 causam

1265 2092 1500 2137 intellegitur:
1537 2092 1631 2135 ea2¹‚
1672 2102 1764 2137 quae
1798 2092 1894 2136 patri
1925 2102 2004 2127 meo
2034 2092 2090 2127 vel
2121 2092 2229 2127 matri
2259 2103 2358 2128 meae

1266 2141 1460 2173 matertera
1479 2142 1543 2180 est,
1569 2138 1655 2172 mihi
1678 2142 1873 2173 matertera
1891 2148 2020 2182 magna
2038 2142 2197 2173 vocatur.
2234 2138 2358 2173 eodem

1265 2183 1378 2228 gradu
1403 2186 1486 2218 sunt
1511 2187 1547 2218 et
1565 2182 1617 2217 illi
1635 2183 1695 2228 qui
1715 2187 1890 2218 vocantur
1907 2183 2039 2218 fratres
2058 2183 2250 2228 patrueles,
2274 2183 2358 2219 item

1267 2238 1408 2264 sorores
1430 2229 1623 2273 patrueles,
1648 2229 1784 2263 amitini
1803 2229 1971 2264 amitinae
1981 2230 2022 2271 2²,
2049 2228 2254 2264 consobrini
2273 2240 2357 2264 con-

1266 2274 1451 2309 sobrinae:
1476 2274 1514 2308 hi
1538 2278 1658 2309 autem
1682 2278 1785 2316 sunt,
1817 2275 1878 2319 qui
1909 2285 1953 2309 ex
1982 2274 2153 2309 fratribus
2179 2274 2234 2309 vel
2257 2285 2356 2309 soro-

1265 2319 1364 2354 ribus
1395 2323 1602 2355 nascuntur.
1652 2330 1741 2365 quos
1773 2320 1917 2364 quidam
1947 2320 1999 2354 ita
2031 2319 2284 2362 distinxerunt,
2319 2325 2357 2355 ut

1266 2374 1326 2400 eos
1352 2364 1511 2409 quidem,
1542 2365 1602 2410 qui
1631 2375 1676 2400 ex
1707 2365 1879 2400 fratribus
1904 2366 1980 2400 nati
2004 2369 2106 2407 sunt,
2139 2364 2269 2400 fratres
2292 2375 2356 2410 pa-

1264 2411 1397 2446 trueles
1407 2411 1448 2452 ²³,
1486 2410 1571 2446 item
1603 2421 1684 2453 eas,
1744 2420 1812 2445 uae
1845 2421 1888 2445 ex
1919 2410 2092 2445 fratribus
2125 2414 2231 2445 natae
2262 2415 2357 2454 sunt,

1265 2466 1406 2491 sorores
1431 2456 1632 2501 patrueles:
1658 2466 1703 2491 ex
1742 2460 1836 2490 ratre
1855 2460 1974 2490 autem
1994 2460 2029 2491 et
2047 2466 2170 2491 sorore
2191 2455 2357 2492 amitinos

1266 2501 1448 2537 amitinas:
1483 2511 1543 2537 eos
1575 2512 1658 2537 vero
1690 2506 1725 2537 et
1748 2511 1829 2543 eas,
1863 2501 1923 2546 qui
1947 2511 2081 2546 quaeve
2105 2511 2149 2536 ex
2173 2502 2357 2536 sororibus

1265 2547 1340 2580 nati
1356 2551 1505 2582 nataeve
1523 2551 1617 2589 sunt,
1645 2547 1879 2582 consobrinos
1898 2546 2131 2582 consobrinas
2151 2547 2253 2590 quasi
2271 2557 2356 2581 con-

1265 2592 1466 2628 sororinos:
1500 2592 1564 2627 sed
1593 2592 1754 2637 'plerique
1785 2592 1851 2627 hos
1883 2602 2004 2627 omnes
2038 2592 2273 2627 consobrinos
2296 2603 2356 2627 vo-

1267 2641 1361 2679 cant,
1386 2637 1480 2673 sicut
1495 2637 1699 2672 Trebatius.
1737 2638 1804 2672 sub
1830 2637 1897 2671 hac
1916 2637 2157 2681 appellatione
2175 2637 2356 2672 nominum

1264 2693 1441 2727 personae
1466 2683 1599 2718 cadunt
1618 2683 1773 2718 sedecim
1793 2683 1871 2717 hae.
1907 2683 2030 2727 patrui
2046 2681 2152 2726 filius,
2177 2683 2263 2716 item
2283 2682 2357 2718 filia.

1267 2728 1430 2763 bifariam
1460 2728 1554 2763 sicut
1589 2738 1700 2774 supra
1735 2731 1970 2762 numerantur
2005 2730 2101 2769 (nam
2163 2727 2249 2762 atris
2287 2728 2356 2763 mei

1264 2773 1377 2808 frater
1406 2784 1484 2809 esse
1515 2777 1635 2818 potest
1666 2773 1722 2821 vel
1753 2784 1797 2808 ex
1827 2778 1931 2825 patre
1961 2773 2038 2808 solo
2050 2773 2079 2793 ²⁴
2102 2783 2144 2807 ve
2181 2772 2289 2808 etiam
2314 2785 2356 2808 ex

1264 2822 1379 2854 matre
1402 2819 1510 2862 sola):
1537 2818 1667 2853 amitae
1690 2818 1802 2860 filius,
1826 2822 1912 2853 item
1933 2817 2027 2853 filia:
2058 2819 2226 2853 avunculi
2250 2818 2354 2860 filius,

1264 2864 1348 2898 item
1370 2863 1462 2899 filia:
1495 2868 1709 2899 materterae
1733 2864 1846 2906 filius,
1877 2863 1963 2899 item
1986 2863 2078 2906 filia,
2111 2864 2220 2898 amita
2245 2874 2354 2898 avun-

1265 2910 1345 2944 culo
1375 2913 1568 2944 matertera
1598 2909 1757 2954 acceptis
1789 2908 1923 2954 duplici
1950 2909 2135 2944 intellectu
2159 2909 2354 2944 secundum

1265 2954 1414 2989 eandem
1435 2955 1622 2990 rationem.
1657 2954 1779 2992 fratris
1803 2955 2010 2999 sororisque
2033 2965 2145 2999 nepos
2169 2965 2212 2990 ac
2237 2956 2352 2999 neptis

1264 3000 1388 3034 eodem
1410 2999 1526 3045 gradu
1558 3000 1697 3034 sunt2⁵:
1732 3000 1794 3034 sed
1827 3003 1862 3034 et
1885 2999 2006 3043 frater,
2031 3000 2116 3035 item
2140 3011 2259 3042 soror,
2292 3011 2352 3035 ne-

1264 3055 1373 3089 posve
1402 3050 1438 3080 et
1466 3045 1584 3089 neptis
1615 3044 1802 3089 dupliciter
1834 3045 1974 3090 accepti
2008 3045 2241 3080 continebunt
2272 3056 2350 3089 per-

1265 3100 1372 3125 sonas
1396 3089 1550 3125 sedecim
1574 3090 1638 3126 sic.

1664 3235 1776 3271 nepos
1804 3236 1847 3261 ex
1870 3226 1945 3260 filia

1663 3280 1774 3315 nepos
1802 3281 1847 3307 ex
1869 3271 1944 3306 filia

1662 3316 1777 3361 neptis
1801 3326 1846 3351 ex
1868 3316 1943 3351 filia

1663 3362 1779 3407 neptis
1804 3372 1848 3397 ex
1871 3361 1944 3396 filia

114 3475 152 3513 (1)
178 3471 357 3514 trineptem
372 3473 406 3505 F
507 3475 550 3514 (2)
574 3474 700 3516 posteri
713 3474 888 3508 d'Arnaud
1003 3478 1045 3516 (3)
1070 3478 1103 3509 et
1115 3476 1197 3508 ami·

115 3521 167 3550 tae
179 3530 238 3550 scr.
322 3517 365 3558 (4)
391 3517 457 3549 iam
468 3530 531 3550 scr.
615 3520 657 3559 (5)
683 3521 785 3561 quoto
798 3521 869 3552 edd.
957 3521 1000 3562 (6)
1026 3521 1197 3562 queeiF¹‚

115 3562 193 3603 quei
213 3561 263 3594 F2
401 3564 442 3601 (7)
469 3563 568 3605 enim]
589 3563 667 3596 dein
687 3577 747 3597 scr.
888 3566 932 3605 (8)
958 3568 1153 3598 numeretur
1171 3567 1206 3599 F

115 3608 161 3648 (9)
184 3607 299 3639 sintF
395 3609 452 3648 (ιο)
478 3607 603 3640 duaeS
708 3611 762 3652 (11)
787 3610 907 3642 aviaF·
1011 3613 1069 3652 (12)
1094 3613 1197 3644 mate-

115 3662 177 3684 nae
197 3652 230 3684 F
381 3659 436 3691 (13)
461 3654 601 3694 patruus
622 3657 669 3686 est
689 3655 794 3697 patris
811 3654 930 3687 frater:
955 3655 984 3687 is
1003 3658 1112 3689 autem
1134 3669 1196 3689 scr.

116 3700 173 3735 (14)
198 3697 273 3729 avia
283 3699 422 3739 paterna
433 3708 506 3729 mea
519 3722 526 3729 .
538 3722 545 3729 .
555 3721 564 3730 .
577 3700 707 3740 peperit
719 3710 770 3732 me
785 3701 846 3733 del.
957 3704 1014 3740 (15)
1040 3711 1079 3733 ex
1093 3704 1198 3734 matre

115 3741 246 3783 puellae
261 3744 354 3774 natas
371 3741 597 3784 appellabunt.
622 3743 701 3775 item
721 3745 781 3786 qui
798 3755 837 3777 ex
855 3747 959 3777 matre
975 3745 1107 3787 puellae
1126 3746 1197 3778 nati

117 3789 232 3827 erunt,
257 3798 295 3819 cx
319 3791 413 3829 patre
437 3786 654 3819 adulescentis
678 3792 772 3821 natos
795 3791 917 3822 sororis
939 3789 1042 3831 filios,
1066 3790 1119 3823 illi
1144 3801 1197 3823 cos

1266 3474 1466 3516 avunculos,
1491 3477 1525 3507 et
1548 3485 1588 3507 ex
1610 3478 1705 3518 patre
1729 3475 1948 3508 adulescentis
1969 3479 2062 3507 natas
2077 3478 2267 3507 materteras
2289 3477 2347 3508 ins.

1267 3521 1426 3557 (similiter
1451 3521 1615 3561 Cuiacius)
1763 3523 1821 3562 (16)
1846 3522 1959 3563 supple
1980 3523 2046 3553 sic:
2070 3531 2136 3561 qua
2160 3521 2195 3551 in
2217 3523 2348 3562 patruo.

1266 3565 1334 3608 [hic
1354 3575 1486 3607 quoque
1505 3565 1660 3598 similiter
1683 3569 1783 3607 atque
1806 3566 1843 3597 in
1865 3565 1996 3608 patruo]
2023 3565 2165 3597 diximus
2184 3565 2349 3607 contingit

1267 3611 1326 3653 (17)
1351 3609 1490 3644 viriliF
1593 3618 1651 3649 (18)
1677 3610 1870 3653 accipienda
1881 3623 1942 3642 scr.
2049 3614 2107 3648 (19)
2133 3613 2309 3642 notantum
2323 3612 2353 3642 F

1267 3657 1330 3697 (20)
1355 3656 1415 3697 qui
1426 3655 1517 3698 avus]
1531 3666 1677 3698 avusque
1690 3669 1750 3689 scr.
1833 3656 1890 3695 (21)
1917 3665 2019 3695 eaque
2032 3667 2091 3686 scr.

1265 3701 1331 3732 tini
1343 3700 1502 3734 amitinae
1513 3714 1570 3733 om.
1585 3702 1619 3734 F
1699 3703 1759 3742 (23)
1785 3699 1953 3742 appellent
1966 3701 2025 3732 ins.

1266 3745 1360 3778 odem
1370 3758 1432 3787 pro
1445 3746 1558 3779 eodem
1572 3746 1622 3779 F2
1660 3747 1730 3779 solo
1745 3747 1805 3779 del.
1901 3750 1961 3785 (25)
1986 3745 2053 3776 sint
2067 3745 2097 3779 F

2180 3661 2241 3694 (22)
2266 3655 2344 3687 ami-

2113 3704 2172 3738 (24)
2198 3710 2273 3732 soro
2286 3701 2346 3737 F1.
