2528 3918
173 101 364 144 xxvm
392 102 432 144 2.
453 103 479 143 3

173 223 266 258 tilius
290 232 362 258 non
385 222 443 264 sit,
476 230 598 257 verum
622 228 659 258 et
679 223 712 258 si
732 222 811 259 vivo
834 229 939 268 patre
962 228 1151 258 nascatur:
1183 222 1269 268 quid

173 268 266 304 enim
289 276 435 302 necesse
458 271 516 302 est
544 270 686 312 tempus
708 268 912 304 testamenti
941 267 1097 303 faciendi
1127 267 1268 313 respici,

174 323 255 348 cum
278 311 366 347 satis
389 310 437 346 sit
458 310 644 347 observari
664 311 703 348 id
723 317 866 358 tempus
889 323 960 358 quo
978 312 1162 347 nascitur?
1185 321 1269 348 nam

174 357 240 393 etsi
262 356 314 391 ita
336 356 446 391 verba
467 360 574 391 sunt:
599 356 674 402 ‘qui
688 361 943 394 testamentum
962 357 1082 398 faciet,
1105 356 1137 392 is
1154 357 1268 393 omnis

173 401 292 437 ‘virilis
308 410 426 443 sexus,
451 400 514 447 qui
538 401 571 437 ei
585 411 673 438 suus
687 402 792 439 heres
806 402 952 438 futurus
969 402 1046 437 erit'
1062 405 1099 437 et
1113 406 1233 437 cetera
1244 404 1266 437 ¹.

176 450 215 482 13
262 445 384 480 Etiam
407 446 439 481 si
468 447 645 482 vovente³
701 452 825 483 arente
846 447 925 483 vivo
956 448 1186 489 nascentia-³,
1211 456 1268 482 se-

172 490 295 537 quenti
310 495 414 536 parte
428 490 665 528 succedentes
680 503 719 528 in
735 492 855 528 locum
873 492 1066 527 liberorum
1082 501 1154 527 non
1169 491 1268 528 vult⁴

171 545 337 581 rumpere
360 540 633 572 testamentum:
657 542 694 573 et
714 538 767 572 ita
789 536 1094 582 interpretandum
1117 542 1183 579 est,
1216 540 1268 577 ut,

171 581 203 617 si
227 586 263 616 et
277 580 390 616 filium
405 585 442 617 et
457 585 625 628 nepotem
645 585 681 617 et
695 586 928 627 pronepotem
948 581 1095 624 habeas,
1118 581 1268 617 mortuis

171 626 333 672 utrisque
355 636 536 672 pronepos
562 627 751 663 institutus
775 626 971 663 succedens
993 626 1032 661 in
1055 626 1112 662 sui
1126 626 1268 662 heredis

170 671 290 707 locum
313 681 386 707 non
409 676 562 718 rumpat.
611 675 651 707 et
673 672 764 708 bene
779 672 887 707 verba
909 682 949 707 se
971 671 1107 707 habent
1130 671 1173 707 ‘si
1188 671 1268 717 quis

171 720 229 752 ‘ex
251 716 327 752 suis
351 716 544 752 heredibus
566 727 655 753 suus
672 717 773 752 heres
798 726 875 752 esse
895 716 1050 752 desierit’
1074 716 1122 752 ad
1145 726 1267 752 omnes

171 771 278 797 casus
308 761 543 813 pertinentia,
579 772 671 807 quos
705 761 923 807 supplendos
954 762 991 797 in
1024 761 1118 797 Galli
1147 761 1269 807 Aquili

170 810 349 843 sententia
371 805 542 842 diximus:
568 817 634 842 nec
651 806 779 849 solum,
803 806 834 841 si
849 816 961 852 nepos
984 806 1063 842 vivo
1086 810 1191 852 patre
1206 806 1267 842 de-

172 851 297 894 cedat,
328 861 396 888 nec
418 851 615 888 succedens
645 862 825 897 pronepos
857 861 922 887 avo
946 856 1087 888 mortuo
1111 857 1266 897 rumpat,

170 896 235 932 sed
258 901 295 932 et
317 896 347 932 si
370 896 566 942 supervixit
581 898 678 942 patri
699 907 745 932 ac
769 896 931 939 decedat,
956 896 1146 932 dummodo
1162 897 1268 932 heres

174 945 214 976 14
259 941 447 978 institutus
479 943 525 977 sit
560 948 623 976 aut
648 941 896 977 exheredatus.
945 941 1157 986 Videndum,
1181 952 1267 977 num

169 986 239 1022 hac
280 987 480 1032 posteriore
521 992 626 1032 parte
668 988 710 1022 ‘si
778 987 834 1022 uis
878 997 924 1022 ex
965 987 1039 1022 suis
1074 986 1266 1022 heredibus

169 1035 270 1068 ‘suus
299 1032 403 1067 heres
435 1041 514 1067 esse
545 1032 707 1075 desierit,
742 1032 770 1068 li
796 1032 846 1067 eri
878 1032 965 1067 eius’
997 1036 1034 1067 et
1065 1036 1187 1067 cetera
1218 1032 1267 1067 ‘in

170 1077 301 1113 ‘locum
326 1087 473 1113 suorum
497 1077 553 1112 sui
576 1077 726 1113 heredes
745 1076 994 1119 succedunt’⁵,
1017 1076 1133 1122 possit
1154 1076 1265 1112 inter·

167 1122 371 1168 pretatione
393 1122 534 1163 induci,
566 1126 618 1163 ut,
651 1122 682 1157 si
704 1122 818 1157 filium
848 1121 945 1167 apud
974 1121 1098 1158 hostes
1127 1122 1266 1158 habens

168 1172 335 1212 nepotem
359 1177 403 1203 ex
426 1177 468 1202 eo
492 1166 657 1202 heredem
675 1167 856 1209 instituas,
880 1177 953 1202 non
975 1170 1117 1202 tantum
1140 1167 1172 1202 si
1185 1167 1265 1203 vivo

168 1218 205 1248 te
229 1212 323 1248 filius
347 1212 508 1254 decedat,
541 1212 605 1247 sed
628 1212 735 1247 etiam
765 1215 850 1257 post
872 1215 1042 1254 mortem,
1074 1216 1267 1258 antequam

169 1257 215 1293 ab
239 1257 403 1293 hostibus
427 1266 589 1292 reversus
611 1257 730 1299 fuerit,
756 1256 980 1292 succedendo
1005 1267 1079 1292 non
1101 1261 1263 1303 rumpet:

168 1302 256 1338 nihil
272 1302 365 1337 enim
381 1301 527 1344 addidit,
546 1312 616 1347 quo
630 1302 846 1382 significaret
860 1306 1021 1347 tempus:
1048 1302 1141 1338 “nisi
1158 1302 1264 1348 quod,

167 1348 252 1383 licet
282 1347 474 1389 audenter,
506 1347 623 1392 possis
681 1347 774 1383 ‘cere
803 1347 882 1383 vivo
913 1351 1018 1392 patre
1040 1347 1137 1383 hunc
1160 1357 1265 1383 suum

167 1392 334 1428 heredem
359 1402 438 1427 esse
458 1391 603 1434 desisse,
627 1392 713 1428 licet
754 1396 812 1428 ost
826 1396 978 1428 mortem
994 1391 1156 1435 decedat,
1204 1392 1266 1428 uia

173 1441 210 1472 15
258 1447 325 1480 nec
349 1436 442 1472 redit
460 1447 528 1472 nec
550 1440 671 1482 potest
685 1447 724 1473 re
751 1437 758 1444 '
782 1447 812 1473 e.
859 1437 924 1473 Ille
940 1447 1049 1473 casus
1064 1437 1103 1473 iu
1152 1437 1160 1445 '
1206 1437 1266 1473 cili

168 1486 239 1524 est,
271 1482 303 1518 si
325 1482 437 1517 filium
459 1482 594 1517 habeas
619 1487 655 1517 et
684 1487 850 1528 nepotem
879 1481 1040 1518 nondum
1062 1487 1187 1518 natum
1209 1482 1264 1518 in-

167 1527 295 1563 stituas
319 1527 420 1573 isque
443 1531 615 1563 nascatur
645 1527 723 1563 vivo
754 1533 858 1573 patre
888 1538 954 1563 suo
979 1537 1024 1563 ac
1053 1538 1138 1563 mox
1159 1532 1265 1574 pater

167 1571 337 1608 decedat:
370 1578 442 1608 non
466 1572 559 1608 enim
583 1582 671 1608 suus
693 1572 797 1608 heres
822 1577 877 1608 est
899 1578 1062 1618 tempore
1085 1583 1156 1624 quo
1179 1583 1263 1608 nas-

167 1618 296 1653 catur⁷
306 1627 373 1653 nec
385 1617 574 1663 posteriori
586 1618 646 1652 alii
656 1618 670 1638 ⁸
681 1617 909 1654 succedendo
925 1618 1107 1663 prohiberi
1122 1617 1265 1654 videtur

166 1672 331 1708 rumpere
362 1673 469 1708 quam
493 1663 554 1707 qui
584 1663 656 1698 iam
686 1667 793 1698 natus
824 1663 902 1699 erit.
959 1663 1112 1708 denique
1143 1667 1181 1698 et
1202 1673 1263 1699 su-

166 1708 306 1752 periore
329 1708 447 1753 capite
477 1712 519 1743 ut
548 1707 656 1743 liceat
685 1708 826 1744 institui
855 1708 1014 1743 nondum
1044 1711 1170 1751 natos,
1202 1708 1265 1761 qui

166 1763 248 1789 cum
271 1757 468 1788 nascentur
490 1752 548 1788 sui
564 1757 679 1796 erunt,
731 1754 863 1789 ermitti
871 1754 898 1795 ⁹,
921 1753 1121 1798 posteriore
1144 1758 1264 1799 capite

165 1808 239 1834 non
261 1798 436 1844 permittit
455 1797 614 1840 institui,
648 1808 687 1834 se
733 1803 833 1834 vetat
861 1809 941 1834 rum
967 1799 981 1833 i
1003 1808 1091 1835 neve
1113 1799 1160 1835 ob
1184 1808 1264 1834 eam

164 1853 241 1879 rem
263 1843 381 1879 minus
404 1846 524 1878 ratum
548 1847 661 1886 esset,
696 1843 793 1889 quod
823 1854 931 1879 succe
958 1843 994 1879 ·t.
1066 1853 1148 1879 orro
1179 1854 1262 1896 pro-

166 1888 293 1924 cedere
309 1887 426 1931 debet,
454 1893 495 1923 ut
518 1888 652 1923 utiliter
667 1889 714 1924 sit
727 1889 932 1925 institutus:
957 1899 1028 1934 quo
1070 1889 1168 1924 nullo
1184 1899 1263 1925 iure

164 1933 284 1980 potuit
331 1933 369 1968 ui
384 1933 542 1968 nondum
559 1938 666 1969 natus
690 1938 778 1970 erat.
825 1934 964 1970 Iuliano
981 1938 1103 1969 tamen
1125 1933 1262 1969 videre-

163 1982 225 2014 tur
256 1977 328 2014 duo
355 1988 397 2013 us
430 1978 533 2024 quasi
567 1979 744 2023 capitibus
775 1979 862 2025 legis
894 1979 1095 2015 commixtis
1124 1979 1162 2014 in
1192 1980 1262 2015 hoc

165 2033 307 2069 quoque
339 2022 510 2058 inducere
543 2023 674 2067 legem,
709 2034 755 2060 ne
788 2028 1003 2070 rumpantur
1034 2027 1260 2060 testamenta.

166 2072 208 2103 16
255 2067 474 2113 Quaeremus
497 2072 636 2111 tamen,
669 2079 751 2104 cum
780 2073 928 2114 recepta
951 2073 1006 2105 est
1027 2069 1158 2105 Iuliani
1180 2079 1261 2105 sen-

163 2113 298 2154 tentia,
329 2123 389 2156 an,
415 2113 447 2148 si
469 2117 640 2149 nascatur
662 2123 775 2159 nepos
797 2114 875 2150 vivo
897 2118 1002 2160 patre
1025 2124 1111 2157 suo,
1135 2113 1262 2150 deinde

165 2158 427 2203 emancipetur,
463 2163 591 2203 sponte
614 2158 714 2194 adire
735 2158 852 2205 possit
873 2158 1117 2195 hereditatem.
1165 2158 1262 2205 quod

163 2203 276 2248 magis
315 2203 540 2248 probandum
578 2207 651 2239 est:
694 2205 820 2239 nam²⁰
854 2204 1139 2249 emancipatione
1173 2214 1260 2240 suus

163 2249 268 2284 heres
291 2247 369 2283 fieri
392 2258 465 2283 non
489 2248 617 2293 potuit.

209 2291 263 2331 30
290 2293 416 2329 Galus
445 2293 538 2329 libro
569 2294 722 2340 septimo
756 2293 894 2330 decimo
918 2294 969 2329 ad
997 2294 1152 2330 edictum
1168 2305 1260 2341 pro·

164 2338 318 2374 vinciale
362 2337 462 2373 Inter
485 2341 616 2381 cetera,
640 2348 733 2384 quae
755 2338 804 2374 ad
826 2339 1024 2375 ordinanda
1046 2343 1260 2375 testamenta

164 2382 366 2419 necessario
392 2382 659 2426 desiderantur,
692 2383 890 2430 principale
912 2384 970 2420 ius
993 2389 1048 2419 est
1071 2383 1116 2419 de
1137 2384 1259 2419 liberis

163 2428 353 2464 heredibus
372 2428 600 2464 instituendis
622 2428 679 2464 vel
695 2428 964 2470 exheredandis,
988 2439 1034 2465 ne
1056 2429 1258 2474 praeteritis

162 2474 240 2509 istis
262 2477 451 2518 rumpatur
473 2477 743 2509 testamentum:
776 2484 931 2520 namque
951 2473 1025 2509 filio
1050 2474 1110 2519 qui
1132 2474 1170 2509 in
1193 2485 1257 2519 po-

163 2523 294 2553 testate
317 2522 373 2553 est
394 2518 587 2564 praeterito
610 2518 736 2554 inutile
759 2523 814 2555 est
836 2522 1101 2555 testamentum.

211 2561 260 2600 31
289 2562 450 2598 Psows
470 2563 561 2599 libro
584 2564 743 2600 secundo
758 2564 810 2599 ad
823 2563 998 2601 Sabinum
1044 2564 1140 2600 Dum
1162 2564 1260 2609 apud

164 2608 285 2644 hostes
301 2612 356 2643 est
371 2608 476 2650 filius,
494 2613 598 2653 pater
612 2609 691 2644 iure
700 2608 789 2645 fecit
802 2614 1052 2645 testamentum
1069 2613 1106 2645 et
1118 2613 1219 2645 recte
1231 2611 1257 2630 ¹¹

164 2663 244 2704 eum
268 2652 449 2698 praeterit,
475 2663 567 2695 cum,
592 2654 623 2689 si
645 2653 684 2689 in
705 2658 887 2700 potestate
908 2658 1005 2691 esset
1026 2654 1140 2697 filius,
1171 2654 1260 2690 nihil

163 2698 353 2732 valiturum
378 2701 473 2733 esset
495 2702 759 2735 testamentum.

210 2740 263 2778 32
289 2741 635 2793 Maaolniwslibro
666 2744 824 2780 secundo
854 2744 1066 2791 reqularum
1124 2744 1163 2780 Si
1185 2744 1258 2780 filio

164 2792 386 2832 emancipato
412 2787 625 2824 exheredato
658 2789 689 2824 is
713 2789 774 2835 qui
804 2789 842 2825 in
864 2793 1046 2835 potestate
1077 2794 1132 2826 est
1179 2799 1258 2825 rae—

163 2832 288 2867 teritus
313 2832 370 2883 sit,
394 2832 472 2876 ipse
487 2833 628 2877 quidem
653 2834 899 2879 emancipatus
922 2835 953 2870 si
967 2839 1094 2870 contra
1116 2839 1155 2870 ta
1181 2834 1260 2870 ulas

162 2882 275 2929 petat,
300 2876 493 2928 nihil-agit,
518 2878 563 2912 ab
579 2878 749 2915 intestato
766 2884 887 2915 autem
910 2884 947 2916 et
965 2890 1053 2916 suus
1077 2883 1114 2916 et
1137 2889 1259 2916 eman-

163 2926 305 2967 cipatus
328 2926 479 2956 venient.

1261 98 1351 147 376

1518 31 1587 92 Ἣ

1979 116 2040 148 DE
2067 117 2249 150 musmo
2278 117 2429 151 Burro

1330 167 1512 174 e——-

1895 272 1927 295 ia

1338 335 1399 368 DE
1423 336 1609 369 INIUSTO
1621 337 1770 371 RUP'ro
1785 273 1941 379 lig-{To
1954 338 2098 372 FAGTO
2116 338 2431 376 TESTAMENTO.

1387 399 1406 438 1
1433 400 1682 455 Panmusvs
1693 402 1785 440 libro
1794 405 1919 452 primo
1935 404 2184 450 definitionum
2221 404 2431 443 Testamen-

1337 450 1414 481 tum
1437 451 1502 482 aut
1523 457 1596 482 non
1618 458 1697 484 iure
1717 447 1856 485 factum
1878 449 2019 491 dicitur,
2052 449 2115 485 ubi
2136 450 2323 487 sollemnia
2344 450 2432 488 iuris

1338 490 1546 543 defuerunt:
1578 497 1642 528 aut
1664 492 1797 530 nullius
1828 504 1907 531 esse
1928 494 2117 538 momenti,
2149 505 2231 531 cum
2253 494 2348 532 filius
2370 497 2433 543 qui

1336 535 1407 571 fuit
1427 536 1466 571 in
1488 537 1603 582 patris
1615 538 1644 559 ¹³
1665 541 1844 584 potestate
1866 539 2081 585 praeteritus
2105 543 2178 576 est:
2210 543 2276 576 aut
2297 541 2431 587 rumpi—

1337 585 1398 616 tur
1419 580 1491 634 alio
1514 585 1741 635 testamento,
1766 593 1811 619 ex
1833 584 2020 630 quoheres
2033 584 2187 621 existere
2209 585 2353 631 poterit,
2376 586 2432 622 vel

1337 626 1552 671 adgnatione
1576 637 1632 663 sm
1654 627 1814 665 heredis:
1850 633 1915 665 aut
1936 630 1974 665 in
1996 630 2136 665 irritum
2151 631 2178 651 ¹⁴
2203 630 2433 666 constituitur

1336 681 1410 707 non
1433 671 1534 707 adita
1554 672 1762 709 hereditate.

1383 713 1410 753 2
1440 714 1635 753 mmm
1643 717 1736 754 libro
1746 718 1903 755 secundo
1919 718 1970 754 ad
1980 717 2155 755 Sabinum
2195 719 2298 755 Tunc
2311 724 2432 756 autem

1361 761 1436 797 rius
1458 764 1711 815 testamentum
1733 763 1922 810 rumpitur,
1954 774 2036 799 cum
2083 764 2236 801 osterius
2259 765 2328 801 rite
2343 775 2430 818 per-

1353 811 1471 842 ectum
1495 810 1561 849 est,
1596 817 1666 843 ms1
1694 807 1789 844 forte
1819 808 1998 854 posterius
2029 819 2072 844 ve
2107 809 2185 845 iure
2208 809 2354 846 militari
2385 810 2433 846 sit

1335 851 1473 887 factum
1497 851 1551 887 vel
1573 852 1611 887 in
1634 862 1676 889 eo
1700 853 1856 899 scriptus
1880 857 1936 888 est
1958 853 2018 899 qui
2041 853 2088 889 ab
2110 853 2280 890 intestato
2311 855 2432 891 venire

1335 900 1586 977 potestmtunc
1609 897 1703 933 enim
1720 902 1757 934 et
1778 898 1976 943 posteriore
1995 908 2068 934 non
2091 898 2249 943 perfecto
2266 900 2430 946 superius

1335 953 1454 987 rumpi
1516 969 1525 977 .

1382 983 1407 1025 3
1432 986 1541 1022 loru
1559 987 1651 1022 libro
1675 988 1780 1023 tertio
1803 987 1854 1023 ad
1875 986 2049 1023 Sabinum
2095 987 2258 1024 Postumi
2318 999 2357 1025 er
2378 990 2429 1025 vi-

1335 1031 1436 1067 rilem
1460 1042 1586 1068 sexum
1616 1032 1873 1068 descendentes
1907 1032 1955 1068 ad
1977 1032 2243 1069 similitudinem
2318 1034 2431 1070 'orum

1335 1076 1544 1113 nominatim
1567 1077 1806 1114 exheredandi
1822 1081 1918 1120 sunt,
1942 1087 1988 1113 ne
2009 1081 2263 1114 testamentum
2277 1078 2430 1124 adgnas-

1338 1125 1354 1157 1
1404 1121 1519 1158 cendo
1558 1127 1738 1168 rumpant.
1802 1122 1994 1158 Postumos
2028 1127 2150 1158 autem
2184 1122 2334 1160 dicimus
2369 1134 2432 1161 eos

1335 1166 1533 1209 dumtaxat,
1569 1167 1630 1213 qui
1651 1171 1735 1213 post
1757 1172 1907 1203 mortem
1930 1167 2088 1212 parentis
2111 1173 2319 1204 nascuntur.
2367 1168 2432 1206 sed

1335 1216 1372 1248 et
1393 1212 1442 1255 hi,
1467 1212 1526 1258 qui
1549 1218 1633 1258 post
1648 1217 1901 1248 testamentum
1915 1212 2053 1248 factum
2074 1212 2113 1248 in
2127 1213 2202 1248 vita
2219 1218 2430 1258 nascuntur,

1333 1257 1386 1293 ita
1409 1257 1550 1293 demum
1572 1268 1638 1303 per
1659 1258 1772 1310 legem
1787 1257 1969 1293 Vellaeam
1991 1267 2156 1303 rumpere
2178 1262 2431 1295 testamentum

1336 1305 1356 1338 2
1402 1302 1655 1348 prohibentur,
1687 1313 1718 1338 si
1739 1303 1948 1339 nominatim
1970 1302 2043 1338 sint
2065 1302 2281 1339 exheredati.
2327 1302 2432 1340 Unde

1335 1347 1441 1384 etiam
1464 1353 1548 1383 ante
1570 1347 1712 1384 heredis
1735 1348 1994 1384 institutionem
2017 1347 2072 1383 vel
2094 1347 2188 1384 inter
2210 1348 2344 1384 medias
2366 1349 2429 1385 he-

1332 1392 1457 1430 redum
1468 1393 1710 1429 institutiones
1726 1393 1782 1428 vel
1793 1393 1887 1428 inter
1897 1392 2030 1445 gradus
2040 1392 2249 1429 exheredari
2260 1398 2427 1439 possunt:

1333 1448 1418 1474 nam
1440 1438 1542 1474 divus
1558 1438 1706 1474 Marcus
1730 1438 1885 1474 decrevit
1906 1438 2000 1473 idem
2021 1437 2060 1473 in
2081 1443 2247 1483 postumo
2271 1438 2368 1484 quod
2391 1439 2429 1475 in

1332 1482 1406 1520 filio
1437 1483 1669 1526 servandum,
1701 1493 1769 1519 nec
1798 1484 1891 1519 ratio
1923 1483 2136 1519 diversitatis
2166 1483 2267 1519 reddi
2295 1487 2425 1530 potest.

1333 1531 1354 1564 3
1400 1528 1460 1564 Ex
1481 1528 1538 1563 his
1562 1533 1714 1574 apparet
1735 1528 1843 1564 aliam
1858 1538 2005 1564 causam
2028 1538 2107 1564 esse
2125 1527 2280 1564 filiorum
2303 1539 2428 1575 super-

1333 1573 1468 1616 stitum,
1500 1573 1606 1609 aliam
1629 1573 1885 1619 posteriorum:
1919 1573 1972 1608 illi
2000 1573 2171 1608 iniustum
2200 1572 2359 1617 faciunt,
2390 1574 2429 1611 hi

1333 1622 1514 1664 rumpunt,
1538 1619 1590 1653 illi
1620 1628 1770 1664 semper,
1801 1619 1850 1662 hi,
1886 1618 1917 1654 si
1939 1622 2137 1655 nascantur
2157 1628 2225 1654 nec
2246 1618 2429 1655 inveniant

1333 1667 1355 1699 4
1401 1673 1441 1699 se
1464 1663 1710 1700 exheredatos.
1758 1663 1829 1699 Sed
1852 1667 1889 1699 et
1912 1663 1943 1699 si
1965 1663 2013 1698 sit
2035 1667 2120 1698 ante
2141 1663 2212 1699 hoc
2235 1663 2333 1699 aliud
2356 1669 2427 1700 tes·

1331 1713 1547 1751 tamentum,
1578 1710 1633 1744 a¹⁵
1664 1719 1734 1754 quo
1758 1712 1945 1754 postumus
1957 1707 2194 1744 exheredatus
2217 1708 2274 1752 sit,
2298 1709 2428 1754 placet,

1332 1754 1407 1790 sive
1417 1757 1500 1799 post
1513 1757 1663 1789 mortem
1677 1754 1859 1789 testatoris
1875 1756 2047 1789 nascatur
2061 1753 2135 1789 sive
2149 1753 2227 1789 vivo
2243 1757 2428 1798 testatore,

1332 1802 1522 1844 utrumque
1544 1803 1691 1844 ruptum
1714 1809 1794 1834 esse
1816 1802 1853 1835 et
1875 1798 2040 1850 superius
2063 1808 2128 1844 per
2142 1797 2290 1834 inferius
2314 1803 2351 1834 et
2372 1799 2427 1835 in-

1333 1847 1352 1879 5
1387 1843 1498 1879 ferius
1510 1854 1576 1889 per
1578 1848 1800 1924 ‘postumum
1833 1843 2049 1879 Nommatim
2060 1847 2181 1879 autem
2191 1843 2428 1880 exheredatus

1331 1894 1519 1934 postumus
1542 1889 1576 1924 vi
1602 1893 1700 1932 etur,
1733 1889 1806 1924 sive
1829 1889 1882 1924 ita
1904 1888 2050 1923 dixerit:
2088 1888 2312 1934 ‘quicumque
2342 1889 2428 1925 mihi

1332 1934 1563 1970 ‘nasceretur’
1577 1935 1616 1977 ¹⁰,
1641 1934 1714 1970 sive
1729 1934 1799 1969 ita:
1825 1937 1882 1969 ‘ex
1898 1933 2003 1975 Seia’,
2027 1934 2100 1969 sive
2122 1933 2191 1969 ita:
2216 1937 2350 1970 ‘venter
2366 1945 2427 1970 ex-

1331 1979 1436 2015 heres
1468 1980 1567 2015 esto‘.
1623 1979 1688 2014 sed
1722 1983 1759 2015 et
1793 1979 1824 2014 si
1858 1978 2004 2014 dixerit:
2041 1981 2242 2024 ‘postumus
2279 1979 2427 2015 exheres

1332 2025 1442 2067 esto’,
1474 2028 1582 2060 natus
1605 2024 1661 2060 vel
1683 2028 1767 2070 post
1788 2029 1939 2060 mortem
1962 2024 2019 2059 vel
2048 2023 2126 2060 vivo
2156 2027 2331 2060 testatore
2354 2035 2427 2060 non

1332 2073 1352 2106 6
1398 2073 1551 2115 rumpet.
1605 2068 1710 2105 Licet
1740 2073 1860 2105 autem
1889 2074 2077 2114 postumus
2113 2069 2328 2114 praeteritus
2361 2069 2426 2105 ad-

1329 2114 1535 2160 gnascendo
1549 2115 1578 2136 ²⁷
1601 2118 1756 2159 rumpat,
1780 2118 1901 2150 tamen
1923 2113 2100 2149 interdum
2124 2114 2250 2156 evenit,
2277 2119 2319 2150 ut
2341 2124 2426 2160 pars

1329 2159 1535 2195 testamenti
1566 2163 1774 2204 rumpatur:
1809 2163 1852 2195 ut
1873 2164 1963 2204 puta
1993 2158 2024 2194 si
2053 2169 2235 2239 profonas
2265 2169 2289 2195 a
2311 2159 2426 2211 primo

1329 2204 1443 2250 gradu
1458 2209 1664 2257 postumum
1683 2204 1946 2247 exheredatum,
1963 2214 1985 2239 a
2001 2214 2111 2239 secun
2137 2214 2158 2239 o
2175 2208 2424 2249 praeteritum:

1329 2260 1414 2286 nam
1435 2250 1495 2285 h1c
1518 2249 1654 2295 primus
1676 2249 1810 2294 gradus
1833 2248 1938 2291 valet,
1963 2249 2141 2284 secundus
2165 2260 2209 2285 ru
2234 2253 2294 2286 tus
2318 2254 2385 2285 est.

1375 2293 1402 2332 4
1426 2294 1535 2330 loru
1562 2294 1654 2330 libro
1690 2298 1822 2339 quarto
1858 2294 2142 2340 disputationum
2232 2294 2360 2340 enique
2390 2299 2426 2330 et

1329 2339 1608 2375 deliberantibus
1639 2339 1753 2384 primo
1783 2338 1898 2384 gradu
1932 2338 2002 2374 scri
2027 2338 2073 2374 tis
2103 2339 2293 2375 heredibus
2305 2340 2335 2361 ¹⁸
2364 2339 2426 2385 qui

1328 2384 1486 2420 secundo
1508 2384 1622 2429 gradu
1645 2383 1770 2429 scripti
1793 2387 1878 2419 sunt
1899 2383 1984 2419 here
2010 2394 2047 2419 es
2063 2383 2224 2429 optinere
2246 2383 2424 2421 heredita-

1327 2433 1400 2465 tem
1423 2440 1497 2465 non
1519 2433 1690 2475 possunt:
1713 2428 1827 2474 gradu
1851 2428 1943 2463 enim
1964 2433 2072 2473 rupto
2089 2433 2124 2463 et
2146 2428 2324 2465 infirmato
2348 2439 2424 2466 am·

1327 2474 1423 2520 plius
1445 2473 1626 2510 hereditas
1649 2473 1732 2509 inde
1755 2474 1907 2519 optineri
1929 2484 2002 2509 non
2025 2477 2157 2518 potest.

1374 2518 1399 2557 5
1423 2519 1531 2555 IDEM
1551 2519 1642 2555 libro
1675 2519 1780 2554 tertio
1812 2519 1863 2554 ad
1885 2517 2060 2554 Sabinum
2102 2518 2197 2554 Nam
2227 2522 2264 2554 et
2293 2518 2325 2555 si
2355 2519 2424 2556 sub

1329 2564 1539 2601 condicione
1562 2564 1609 2600 sit
1631 2564 1736 2599 heres
1758 2563 1942 2600 institutus
1966 2563 2062 2608 quis,
2097 2574 2120 2599 a
2143 2574 2213 2609 quo
2236 2568 2423 2609 postumus

1328 2620 1401 2645 non
1434 2613 1489 2645 est
1522 2608 1777 2652 exheredatus,
1807 2613 1928 2644 tamen
1961 2608 2140 2654 pendente
2174 2608 2383 2645 condicione
2394 2609 2424 2632 ²⁹

1327 2654 1505 2700 rumpitur
1527 2654 1672 2700 gradus,
1696 2658 1738 2690 ut
1762 2658 1798 2689 et
1813 2653 1972 2689 Iulianus
1988 2654 2150 2699 scripsit:
2174 2653 2238 2689 sed
2262 2657 2297 2689 et
2319 2654 2351 2690 si
2376 2653 2424 2690 sit

1329 2700 1361 2735 ei
1384 2699 1600 2736 substitutus
1623 2699 1715 2744 quis,
1747 2698 1854 2734 etiam
1878 2698 2063 2734 deficiente
2087 2698 2296 2734 condicione
2317 2699 2422 2744 primi

1327 2745 1459 2790 gradus
1483 2755 1555 2780 non
1579 2744 1786 2781 admittetur
1807 2743 2033 2786 substitutus,
2058 2753 2081 2778 a
2103 2754 2173 2796 quo
2190 2744 2327 2780 scilicet
2337 2754 2421 2789 pos-

1328 2796 1449 2826 tumus
1484 2789 1720 2825 exheredatus
1751 2799 1824 2824 non
1834 2790 1865 2810 ²⁰
1896 2793 1960 2824 est.
2008 2794 2096 2834 puto
2119 2789 2227 2833 igitur
2250 2788 2422 2825 existente

1352 2835 1470 2871 uidem
1494 2834 1703 2871 condicione
1717 2833 1822 2879 primi
1836 2832 1968 2879 gradus
1986 2838 2151 2879 postumo
2167 2834 2287 2878 potius
2302 2834 2421 2870 locum

1327 2847 1426 2916 yore:
1450 2884 1535 2926 post
1550 2879 1729 2916 defectum
1745 2883 1865 2914 autem
1881 2877 2100 2914 condicionis
2115 2883 2222 2914 natus
2233 2882 2419 2924 postumus

1329 2925 1478 2970 gradum
1494 2935 1567 2961 non
1580 2924 1724 2976 rumpit,
1749 2923 1833 2968 quia
1847 2923 1965 2959 nullus
1980 2928 2046 2959 est.
2089 2923 2285 2968 rumpendo
2301 2927 2420 2960 autem

1330 2975 1583 3006 testamentum
1606 2969 1674 3004 sibi
1688 2969 1808 3004 locum
1822 2967 1943 3003 facere
1965 2973 2152 3013 postumus
2168 2968 2270 3010 solet,
2294 2978 2418 3014 quam·

162 3124 199 3167 (ι)
212 3129 267 3165 §12
275 3131 344 3158 tota
347 3124 560 3168 pessumdata
568 3125 617 3175 fta
615 3127 693 3167 fere
700 3128 788 3169 scrip
793 3134 826 3159 ta
825 3128 908 3171 fuit:
916 3128 964 3161 Et
973 3128 1106 3161 videtur
1113 3127 1259 3171 primum
1328 3131 1467 3171 parente
1479 3132 1555 3159 vivo
1567 3131 1750 3160 nascantur
1760 3139 1824 3161 scr.
1831 3137 1844 3160 .·
1852 3127 2003 3160 videntur
2014 3134 2118 3159 tamen
2131 3127 2211 3159 haec
2223 3127 2418 3171 ipeapostea

162 3172 266 3214 caput
277 3179 334 3202 eos
345 3171 507 3212 spectare,
522 3179 591 3211 qm,
606 3179 680 3201 eum
694 3177 922 3214 nascerentur,
935 3174 988 3206 sui
1001 3172 1139 3207 heredes
1150 3172 1259 3206 futuri

162 3217 287 3248 essent.
321 3217 357 3247 et
366 3223 467 3256 rogo:
489 3214 626 3255 [uonne,
647 3215 718 3248 sive
731 3223 808 3257 post
819 3220 959 3251 mortem
972 3217 1037 3251 filii
1049 3220 1206 3260 nepotem
1218 3228 1259 3251 ex

162 3270 201 3292 eo
214 3258 364 3292 nondum
376 3262 495 3291 natum
506 3258 661 3291 heredem
681 3262 841 3294 instituas
853 3263 937 3304 sive]
958 3262 1066 3296 filium
1088 3262 1212 3296 habeas
1223 3267 1259 3296 et

161 3308 318 3349 nepotem
337 3302 488 3336 nondum
499 3306 616 3336 natum
640 3304 844 3349 [etiamJtum
863 3317 905 3341 ex
923 3318 963 3341 eo
978 3307 1134 3341 heredem
1155 3308 1257 3340 insti·

162 3354 248 3389 tuas,
267 3348 358 3382 filius
374 3346 526 3389 decedat,
546 3358 623 3381 mox
636 3349 712 3381 vivo
734 3355 766 3382 te
779 3361 884 3394 nepos
903 3357 1072 3393 nascatur,
1093 3363 1134 3386 ex
1145 3352 1256 3385 verbis

161 3394 341 3427 dicendum
353 3396 405 3426 est
416 3403 486 3426 non
497 3393 611 3435 rumpi
630 3397 866 3428 testamentum
876 3397 892 3428 ἰ’
912 3401 952 3430 ut
963 3408 1030 3430 non
1048 3397 1156 3430 solum
1170 3397 1256 3430 illud

161 3440 270 3483 primo
290 3438 403 3481 capite
423 3438 603 3479 notaverit,
624 3438 654 3471 si
667 3437 799 3484 [nepos]
820 3451 859 3473 eo
878 3446 1026 3486 tempore
1044 3441 1254 3483 instituatur,

162 3495 228 3526 quo
240 3484 331 3517 filius
342 3493 411 3517 non
421 3483 478 3523 sit,
490 3493 605 3516 verum
617 3486 652 3516 et
663 3483 693 3516 si
705 3483 781 3516 vivo
791 3487 913 3528 [patre]
923 3488 1065 3531 (εἰσ-[ενα
1077 3488 1255 3523 efficacius).

162 3529 244 3572 quid
257 3529 348 3561 enim
360 3538 496 3561 necesse
516 3531 568 3561 est
587 3531 719 3572 tempus
740 3532 932 3563 testamenti
952 3531 1100 3565 faciendi
1118 3531 1255 3576 respici,

161 3584 237 3606 eum
251 3574 334 3607 satis
347 3573 394 3605 sit
413 3572 584 3607 observari
596 3572 633 3606 id
646 3577 776 3617 tempus
796 3586 862 3617 quo
887 3576 1056 3610 nascitur:
1095 3576 1255 3618 [tJametsi

160 3618 211 3651 ita
224 3618 325 3651 verba
338 3621 419 3651 sunt
432 3618 502 3662 ‘qui
523 3622 760 3652 testamentum
772 3620 885 3661 saciet,
904 3620 936 3653 is
947 3623 1057 3655 omnis
1072 3622 1184 3656 virilis
1204 3632 1255 3655 se-

162 3665 245 3702 ‘xus,
258 3663 319 3706 qui
330 3663 362 3695 ei
375 3673 456 3696 suus
467 3662 562 3697 heres
580 3663 715 3696 futurus
728 3665 805 3697 erit'
817 3669 851 3698 et
869 3669 982 3699 cetera
1129 3668 1173 3709 (2)
1197 3677 1255 3700 vo·

161 3712 260 3741 vente
280 3709 341 3741 del.
366 3706 417 3740 F*
577 3710 619 3748 (³)
645 3714 803 3742 nascatur
824 3711 892 3744 F¹2
917 3711 1048 3744 etiarnsi
1070 3712 1203 3744 vivente
1222 3716 1255 3744 te

1328 3173 1458 3207 adiecta
1470 3184 1538 3206 esee
1663 3175 1707 3214 (4)
1731 3172 1859 3206 lexim.
1873 3170 1924 3205 Γ*
2047 3173 2091 3213 (5)
2116 3171 2322 3204 succedunto
2334 3171 2420 3207 Hal.

1329 3220 1372 3258 (e)
1397 3217 1523 3250 sedvix
1536 3217 1723 3260 putaverim
1758 3227 1833 3250 cum
1854 3216 2056 3259 cogitaverit
2074 3215 2213 3249 omnino
2232 3216 2274 3250 de
2285 3226 2336 3258 eo,
2357 3217 2419 3259 qui

1327 3272 1407 3295 suus
1418 3262 1515 3295 heres
1527 3272 1599 3295 esse
1611 3241 1802 3295 desiisv'ivo
1814 3264 1974 3294 testatore
1987 3262 2047 3295 ine.
2132 3264 2176 3303 (7)
2201 3261 2354 3294 nascitur
2365 3261 2420 3295 ΙΝ

1327 3308 1371 3349 (8)
1394 3308 1583 3352 posteriore
1595 3308 1707 3351 capite
1717 3319 1780 3341 rer.
1896 3308 1940 3348 (9)
1964 3306 2133 3350 permittit
2145 3309 2180 3339 et
2190 3318 2253 3340 eor.
2354 3308 2415 3347 (ιο)

1325 3362 1366 3385 ex
1378 3353 1437 3386 ins.
1556 3353 1611 3393 (ιι)
1636 3356 1669 3384 et
1681 3349 1785 3396 recte]
1796 3351 1878 3384 lieet
1887 3363 1950 3384 scr.

1370 3401 1429 3437 (12)
1455 3397 1535 3431 Sab.
1565 3405 1647 3431 2...9.
1681 3405 1796 3436 u...1⁴;
1829 3396 1896 3431 Ed.
1917 3403 1962 3430 ιο.
1985 3404 2029 3431 ιο.
2052 3403 2104 3435 1⁸3
2141 3395 2227 3440 Pap.
2246 3403 2272 3431 ι.
2292 3403 2414 3435 mne:

1324 3443 1413 3486 App.
1433 3450 1483 3476 20.
1506 3461 1550 3467 —
1564 3443 1650 3476 Bas.
1663 3443 1718 3482 39,
1727 3449 1757 3476 2.
1770 3460 1815 3466 —
1829 3440 1879 3484 Cf.
1896 3441 1974 3475 Cod.
1986 3442 2021 3483 2,
2033 3449 2064 3476 ιτ
2181 3446 2239 3482 (18)
2263 3441 2298 3473 in
2313 3441 2373 3474 ins.
2387 3440 2422 3474 F

1325 3487 1384 3528 (14)
1408 3488 1445 3520 in
1459 3484 1607 3531 irritum]
1622 3487 1763 3520 inritum
1771 3486 1852 3520 Hal.
1924 3487 1985 3528 (15)
2007 3496 2028 3518 a
2040 3486 2102 3520 del.
2173 3486 2233 3526 (ιο)
2257 3488 2415 3518 nascetur

1324 3532 1402 3567 den.
1510 3533 1568 3574 (ιτ)
1593 3531 1827 3575 adgnoscendo
1840 3531 1878 3565 F
2004 3531 2063 3569 (18)
2088 3529 2246 3563 defuncto
2257 3532 2413 3575 postumo

1324 3577 1388 3612 ins.
1400 3577 1553 3611 Muretus
1566 3584 1596 3611 et
1611 3577 1763 3611 cuiae-ius
1841 3577 1904 3617 (19)
1928 3578 2010 3608 nato
2021 3578 2179 3618 postumo
2190 3587 2259 3609 cun
2274 3574 2413 3609 Graecis

1324 3623 1385 3656 ine.
1478 3624 1542 3662 (20)
1568 3632 1635 3654 non
1649 3621 1713 3656 del.
1729 3619 1901 3656 Gtaiacius:
1910 3622 2060 3664 sonasse
2071 3627 2168 3655 totum
2181 3631 2302 3654 comma
2312 3628 2334 3653 a
2345 3629 2411 3662 quo

1324 3666 1458 3701 seilicet
1467 3671 1555 3710 post.
1569 3667 1643 3700 exh.
1655 3676 1723 3700 non
1736 3670 1786 3699 est
1799 3667 1970 3700 insiticium
1983 3673 2031 3699 est
