2528 3918
186 128 379 172 XV1111

183 251 304 294 nierit,
336 250 367 286 si
399 248 541 295 quidem
572 247 818 283 universaliter
848 258 919 283 uno
943 247 1078 293 pretio,
1110 246 1271 292 perfecta

182 296 340 339 videtur,
371 298 562 340 postquam
586 292 631 329 de
653 292 767 338 pretio
800 292 1023 328 convenerit:
1057 291 1087 327 si
1118 301 1201 327 vero
1232 290 1270 326 in

182 341 321 387 singula
334 349 485 384 corpora
498 342 596 375 certo
609 338 735 384 pretio,
749 337 873 374 eadem
883 342 997 380 erunt,
1011 347 1103 382 quae
1112 336 1272 382 proxime

183 390 201 422 “1
249 385 491 421 tractavimus.
540 383 610 420 Sed
633 386 669 419 et
691 383 723 419 si
746 393 790 419 ex
813 382 971 418 doleario
996 392 1079 427 pars
1110 381 1182 417 viiii
1212 391 1270 416 ve-

183 431 306 473 nierit,
330 429 438 465 veluti
462 432 633 465 metretae
656 432 817 472 centum,
842 427 1061 467 verissimum
1085 431 1139 462 est
1163 425 1272 472 (quod

182 480 219 512 et
243 479 409 511 constare
431 474 582 518 videtur)
608 478 799 519 antequam
823 473 1056 514 admetiatur,
1081 482 1185 507 omne
1209 481 1270 517 pe-

182 521 333 557 riculum
357 519 404 555 ad
427 519 646 555 venditorem
669 519 865 565 pertinere:
891 528 957 553 nec
978 517 1136 559 interest,
1161 527 1272 552 unum

182 566 335 612 pretium
358 564 515 600 omnium
538 568 681 601 centum
705 567 934 599 metretarum
954 563 990 597 in
1011 562 1119 597 semel
1138 561 1272 597 dictum

183 614 203 646 8
250 611 297 646 sit
320 620 367 645 an
390 610 428 646 in
451 610 609 656 singulos
633 619 706 645 eos.
754 608 791 644 Si
810 608 888 653 quis
907 608 944 643 in
964 606 1147 643 vendendo
1167 617 1271 652 prae-

183 656 241 691 dio
255 655 432 691 confinem
452 655 629 698 celaverit,
651 665 755 700 quem
775 657 913 698 emptor
932 652 963 688 si
981 652 1152 695 audisset,
1174 662 1271 697 emp-

183 706 197 736 t
309 711 381 736 non
405 704 511 743 esset,
534 699 647 736 teneri
669 698 897 735 venditorem.

199 711 285 784 uxi-3⁸⁴8
316 745 511 783 ULPIANUs
531 745 623 782 libro
647 743 951 790 quadraqensimo
977 742 1082 778 tertio
1106 742 1156 777 ad
1178 741 1272 778 edic—

183 795 256 826 tum
304 790 393 826 Cum
423 790 460 826 in
490 790 692 826 venditione
723 789 801 833 quis
832 787 985 833 pretium
1008 787 1060 823 rei
1083 786 1185 832 ponit
1209 786 1272 822 do-

183 836 338 872 nationis
362 846 472 872 causa
495 846 567 871 non
591 838 801 875 exacturus,
836 843 908 868 non
939 831 1079 868 videtur
1109 831 1271 867 vendere.

229 879 282 920 37
307 880 414 917 IDEM
434 881 526 917 libro
551 881 654 915 tertio
679 879 964 925 disputationum
1011 876 1049 913 Si
1079 877 1158 923 quis
1189 876 1271 912 fun-

184 927 268 963 dum
301 927 377 962 iure
411 925 624 962 hereditario
660 924 729 960 sibi
764 923 921 958 delatum
956 923 1008 958 ita
1041 922 1271 958 vendidisset:

184 972 263 1008 ‘erit
284 972 350 1007 tibi
373 975 512 1017 emptus
536 970 638 1013 tanti,
664 968 788 1014 quanti
803 978 825 1003 a
844 971 1017 1003 testatore
1038 971 1176 1013 emptus
1194 967 1272 1009 est’,

184 1028 266 1053 mox
289 1017 490 1053 inveniatur
522 1026 593 1052 non
625 1018 782 1059 emptus,
815 1013 879 1049 sed
911 1012 1066 1048 donatus
1098 1012 1273 1055 testatori,

186 1062 324 1098 videtur
347 1062 450 1108 quasi
467 1062 543 1097 sine
562 1060 675 1113 pretio
695 1058 794 1094 facta
813 1058 979 1110 venditio,
991 1058 1154 1111 ‚ideoque
1178 1057 1272 1093 simi-

183 1108 227 1144 lis
251 1108 320 1143 erit
343 1107 410 1143 sub
435 1106 644 1142 condicione
667 1104 786 1140 factae
808 1103 1020 1147 venditiom,
1052 1113 1144 1149 quae
1175 1102 1274 1138 nulla

184 1157 238 1189 est
273 1153 303 1189 si
328 1152 489 1188 condicio
515 1150 694 1186 defecerit.

229 1179 283 1236 :38
307 1197 415 1233 IDEM
434 1197 524 1233 libro
548 1196 698 1242 septimo
723 1194 1007 1240 disputationum
1054 1193 1091 1228 Si
1110 1193 1189 1238 quis
1209 1192 1272 1228 do-

183 1243 338 1279 nationis
363 1252 474 1278 causa
496 1241 640 1276 minoris
665 1239 804 1282 vendat,
829 1238 983 1275 venditio
1007 1238 1118 1274 valet:
1143 1238 1274 1273 totiens

183 1289 277 1324 enim
301 1288 450 1324 dicimus
474 1288 511 1322 in
535 1290 651 1322 totum
673 1284 911 1321 venditionem
936 1294 1008 1319 non
1032 1284 1160 1327 valere,
1185 1293 1272 1328 quo-

183 1334 275 1369 tiens
311 1333 474 1369 universa
502 1330 657 1367 venditio
690 1329 892 1366 donationis
924 1338 1035 1364 causa
1069 1328 1168 1364 facta
1200 1331 1270 1364 est:

183 1378 347 1424 quotiens
371 1388 452 1414 vero
477 1377 598 1413 viliore
621 1376 736 1421 pretio
761 1385 818 1411 res
843 1373 1045 1410 donationis
1070 1383 1182 1410 causa
1202 1373 1272 1409 dis-

183 1424 355 1466 trahitur,
392 1423 538 1458 dubium
572 1432 646 1457 non
681 1424 735 1456 est
765 1419 1003 1456 venditionem
1032 1419 1160 1455 valere.
1205 1419 1274 1455 hoc

183 1469 276 1505 inter
299 1472 454 1505 ceteros:
479 1468 573 1502 inter
595 1467 710 1502 virum
733 1475 815 1502 vero
840 1469 877 1500 et
899 1475 1046 1500 uxorem
1070 1464 1274 1500 donationis

185 1524 296 1550 causa
314 1513 467 1550 venditio
488 1512 587 1548 facta
605 1512 719 1557 pretio
739 1511 862 1547 viliore
882 1510 1013 1545 nullius
1026 1509 1195 1546 momenti
1208 1513 1272 1545 est.

229 1557 283 1597 39
308 1559 334 1595 Ι
336 1568 501 1595 ULIANUS
527 1558 619 1594 libro
651 1557 776 1603 quinto
808 1556 945 1592 decimo
969 1555 1190 1602 diqestorum
1237 1554 1274 1589 Si

184 1604 323 1640 debitor
346 1615 422 1639 rem
443 1603 662 1648 pigneratam
686 1612 708 1637 a
733 1600 907 1637 creditore
930 1600 1140 1643 redemerit,
1172 1599 1275 1645 quasi

183 1660 270 1686 suae
301 1649 353 1685 rei
385 1653 523 1693 emptor
554 1648 697 1683 actione
729 1657 773 1682 ex
803 1645 945 1682 vendito
978 1656 1052 1681 non
1074 1648 1216 1681 tenetur
1240 1648 1275 1680 et

187 1699 200 1730 1
252 1695 372 1731 omnia
402 1694 439 1729 in
470 1694 608 1739 integro
644 1695 729 1728 sunt
760 1691 938 1727 creditori.
987 1690 1187 1726 Verisimile
1220 1694 1275 1726 est

184 1751 276 1783 eum,
301 1739 362 1786 qui
384 1739 541 1775 fructum
565 1738 678 1774 olivae
700 1736 888 1783 pendentis
912 1735 1127 1772 vendidisset
1151 1740 1187 1771 et
1211 1735 1273 1771 sti-

183 1786 328 1831 pulatus
353 1788 408 1820 est
431 1784 554 1820 decem
577 1782 696 1828 pondo
721 1782 791 1818 olei
814 1781 910 1827 quod
926 1785 1050 1817 natum
1068 1784 1173 1823 esset,
1193 1791 1273 1826 pre-

183 1831 270 1866 tium
302 1829 532 1866 constituisse
563 1839 608 1864 ex
639 1839 680 1864 eo
706 1827 802 1873 quod
825 1830 949 1862 natum
973 1830 1068 1863 esset
1091 1837 1204 1878 usque
1227 1825 1275 1861 ad

184 1876 307 1911 decem
330 1874 449 1921 pondo
474 1874 560 1909 olei:
585 1873 718 1909 idcirco
740 1873 825 1908 solis
845 1872 1001 1918 quinque
1021 1871 1180 1907 collectis
1201 1881 1274 1906 non

184 1921 334 1973 amplius
360 1924 498 1965 emptor
520 1922 643 1964 petere
665 1919 806 1963 potest¹
832 1927 939 1963 quam
963 1917 1120 1963 quinque
1150 1916 1270 1962 pondo

184 1966 263 2007 olei,
288 1976 380 2011 quae
405 1965 553 2001 collecta
578 1968 707 2006 essent,
733 1973 755 1998 a
778 1963 955 2008 plerisque
974 1972 1186 2007 responsum
1207 1965 1272 1997 est.

229 2009 283 2049 40
308 2010 467 2046 Panos
487 2010 578 2045 libro
602 2013 732 2056 quarto
753 2009 991 2055 epitomarum
1010 2007 1141 2053 Alfeni
1157 2007 1275 2054 diqes-

185 2060 302 2092 torum
348 2055 417 2100 Qui
438 2054 589 2091 fundum
619 2053 838 2096 vendebat2,
869 2053 906 2088 in
935 2053 948 2088 l
993 2063 1012 2088 e
1041 2052 1093 2088 ita
1124 2052 1274 2095 dixerat,

186 2106 224 2137 ut
247 2104 386 2146 emptor
408 2101 445 2135 in
464 2100 588 2135 diebus
609 2099 754 2152 triginta
773 2098 944 2144 proximis
979 2097 1112 2133 undum
1134 2097 1273 2133 metire-

186 2151 244 2182 tur
267 2151 303 2182 et
326 2145 369 2181 de
393 2145 499 2181 modo
523 2148 755 2186 renuntiaret,
781 2148 816 2179 et
839 2143 869 2178 si
887 2146 971 2179 ante
991 2152 1070 2178 eam
1090 2142 1181 2178 diem
1201 2153 1275 2178 non

184 2191 436 2233 renuntiasset,
460 2194 501 2226 ιιι
524 2189 715 2226 venditoris
739 2188 827 2224 fides
853 2188 971 2223 soluta
996 2191 1108 2224 esset:
1135 2191 1275 2233 emptor

183 2237 279 2272 intra
309 2236 402 2272 diem
426 2245 613 2271 mensurae
636 2245 706 2280 quo
731 2235 902 2270 minorem
926 2233 1070 2269 modum
1094 2243 1173 2269 esse
1197 2243 1273 2268 cre-

185 2281 273 2317 didit
295 2281 509 2317 renuntiavit
534 2284 569 2316 et
591 2279 781 2333 pecuniam
803 2289 868 2324 pro
893 2288 935 2314 eo
961 2278 1119 2324 accepit:
1146 2282 1273 2324 postea

185 2338 265 2363 eum
288 2326 439 2362 fundum
463 2325 619 2362 vendidit
651 2329 687 2361 et
718 2335 799 2360 cum
822 2324 834 2359 i
861 2334 900 2360 se
931 2323 1083 2369 emptori
1114 2333 1179 2359 suo
1210 2322 1273 2358 ad-

185 2372 388 2414 metiretur,
419 2371 530 2407 multo
563 2370 734 2406 minorem
764 2380 821 2404 mo
848 2380 909 2404 um
939 2369 1015 2414 agri
1039 2379 1146 2414 quam
1168 2372 1273 2414 puta-

185 2422 283 2453 verat
305 2416 455 2452 invenit:
482 2416 695 2461 quaerebat,
728 2425 775 2450 an
806 2414 843 2449 id
866 2413 963 2459 quod
985 2413 1101 2448 minor
1123 2413 1154 2448 is
1179 2416 1274 2448 esset

185 2461 355 2507 consequi
378 2472 400 2496 a
423 2471 488 2496 suo
513 2460 696 2496 venditore
719 2463 851 2505 posset.
888 2458 1072 2510 respondit
1090 2457 1273 2501 interesse,

185 2506 480 2552 quemadmodum
493 2506 551 2541 lex
572 2505 767 2540 diceretur:
790 2514 872 2539 nam
893 2503 922 2539 si
942 2507 994 2538 ita
1015 2503 1150 2539 dictum
1170 2506 1274 2545 esset,

185 2556 225 2587 ut
256 2555 394 2597 emptor
426 2551 551 2586 diebus
574 2550 720 2596 triginta
742 2549 912 2595 proximis
935 2548 1086 2584 fundum
1109 2548 1276 2584 metiatur

186 2602 221 2632 et
244 2596 385 2632 domino
409 2595 606 2638 renuntiet,
640 2598 773 2640 quanto
805 2593 933 2630 modus
961 2594 1037 2639 agri
1068 2593 1183 2629 minor
1216 2594 1274 2635 sit,

210 2642 280 2677 uo³
292 2645 375 2686 post
385 2641 476 2676 diem
496 2640 739 2686 trigensimum
758 2639 1008 2681 renuntiasset,
1033 2638 1120 2674 nihil
1139 2638 1172 2674 ei
1192 2649 1274 2684 pro—

185 2653 364 2722 ?uturum:
390 2686 453 2722 sed
477 2687 507 2721 si
531 2686 582 2721 ita
604 2689 750 2731 pactum
774 2688 889 2727 esset,
914 2688 955 2719 ut
979 2688 1117 2730 emptor
1139 2684 1177 2719 in
1201 2684 1274 2719 die-

186 2732 253 2767 bus
285 2731 454 2777 proximis
482 2731 633 2767 fundum
666 2730 834 2766 metiatur
864 2733 900 2765 et
923 2729 967 2765 de
990 2729 1096 2765 modo
1121 2729 1196 2775 agri
1219 2739 1274 2764 re-

187 2777 343 2819 nuntiet,
377 2776 465 2812 etsi⁴
490 2777 527 2811 in
559 2776 684 2812 diebus
716 2775 861 2820 triginta
891 2775 1133 2810 renuntiasset
1162 2774 1274 2809 mino-

186 2831 262 2857 rem
295 2821 438 2857 modum
474 2822 549 2866 agri
581 2831 677 2864 esse,
711 2820 870 2866 quamvis
904 2820 1023 2855 multis
1058 2823 1142 2865 post
1172 2819 1275 2855 annis

186 2876 292 2913 posse
315 2877 395 2902 eum
419 2877 489 2912 quo
515 2866 628 2902 minor
651 2866 681 2902 is
704 2865 832 2902 modus
856 2865 931 2911 agri
954 2864 1081 2900 fuisset
1103 2868 1273 2910 repetere.

190 2914 205 2946 1
254 2911 296 2947 In
327 2911 404 2956 lege
433 2911 535 2946 fundi
566 2921 697 2956 aquam
729 2920 957 2947 accessuram
988 2910 1093 2945 dixit:
1151 2919 1275 2945 uaere-

187 2957 304 2998 batur,
330 2966 376 2991 an
400 2956 506 2991 etiam
525 2956 593 2991 iter
611 2966 726 3001 aquae
747 2956 969 2991 accessisset.
1006 2966 1137 3000 respon
1165 2955 1191 2989 ’t
1209 2954 1276 2990 sibi

187 3001 298 3037 videri
322 3000 358 3036 id
382 3005 501 3036 actum
525 3011 613 3044 esse,
639 3006 675 3036 et
696 3000 776 3036 ideo
800 3001 869 3036 iter
893 3011 962 3046 quo
989 3010 1034 3035 ue
1058 3000 1276 3036 venditorem

188 3049 208 3082 2
254 3046 395 3082 tradere
407 3050 583 3091 oportere.
630 3046 698 3090 Qui
717 3056 840 3091 agrum
858 3045 971 3081 vende
997 3049 1045 3088 at,
1066 3045 1155 3081 dixit
1174 3044 1277 3080 fundi

186 3092 309 3144 iugera
332 3090 455 3126 decem
479 3094 514 3126 ct
537 3094 618 3126 octo
644 3101 740 3133 esse,
774 3095 809 3126 et
840 3090 936 3136 quod
968 3090 1043 3126 eius
1067 3090 1277 3126 admensum

188 3140 275 3179 erit,
320 3135 366 3171 ad
400 3135 429 3171 si
516 3145 537 3170 a
571 3136 692 3180 iugera
727 3139 863 3171 certum
896 3135 1050 3188 pretium
1085 3135 1276 3187 stipulatus

188 3185 283 3217 erat:
315 3180 436 3226 viginti
465 3184 609 3215 inventa
640 3184 741 3215 sunt:
774 3191 839 3226 pro
871 3180 992 3225 viginti
1024 3180 1144 3216 deberi
1166 3190 1275 3225 pecu-

189 3231 209 3263 3
255 3226 352 3262 niam
374 3225 569 3270 respondit.
618 3225 734 3260 Fundi
765 3225 927 3261 venditor
955 3225 1137 3261 frumenta
1167 3235 1276 3260 manu

188 3275 269 3308 sata
302 3274 505 3316 receperat:
542 3270 579 3305 in
611 3279 652 3305 eo
683 3269 795 3306 tundo
828 3280 873 3305 ex
903 3270 1037 3315 stipula
1068 3280 1168 3316 seges
1200 3273 1277 3306 erat

189 3320 313 3353 enata:
338 3315 537 3369 quaesitum
561 3318 624 3357 est,
649 3324 696 3349 an
715 3318 822 3359 pacto
843 3315 1096 3351 contineretur.
1127 3325 1275 3360 respon-

189 3361 242 3397 dit
263 3371 416 3397 maxime
438 3359 590 3402 referre,
615 3359 700 3404 quid
724 3364 778 3394 est
802 3364 939 3395 actum:
966 3363 1124 3396 ceterum
1147 3370 1275 3396 secun-

189 3407 274 3443 dum
297 3406 404 3442 verba
422 3406 520 3441 non‘
543 3415 621 3440 esse
641 3408 761 3439 actum
771 3405 796 3447 ⁶,
822 3405 916 3457 quod
936 3415 980 3440 ex
999 3405 1130 3451 stipula
1149 3414 1274 3440 nasce-

187 3456 306 3494 retur,
337 3461 411 3487 non
440 3449 551 3495 magis
582 3459 688 3495 quam
719 3449 750 3484 si
780 3449 887 3501 quid⁷
912 3459 957 3485 ex
987 3460 1094 3487 sacco
1126 3449 1277 3486 saccarii

190 3496 377 3534 cecidisset
399 3499 463 3532 aut
485 3505 530 3531 ex
553 3504 594 3530 eo
619 3493 715 3540 quod
745 3494 869 3530 avibus
899 3505 943 3530 ex
974 3504 1058 3532 aere
1089 3494 1277 3532 cecidisset

190 3614 230 3649 (ι)
255 3612 387 3653 emptor
399 3611 514 3652 petere
526 3607 654 3653 potest]
666 3618 742 3641 eum
753 3610 866 3651 petere
878 3619 975 3651 posse
987 3621 1050 3643 scr.
1131 3612 1174 3648 (2)
1200 3618 1278 3641 ven·

192 3654 287 3688 debit
299 3654 334 3688 F
421 3658 464 3697 (3)
489 3654 578 3698 quod
591 3666 654 3687 scr.
737 3657 780 3696 (4)
804 3653 882 3694 etsi]
896 3654 925 3686 si
937 3666 999 3687 ner.
1092 3655 1135 3695 (5)
1160 3663 1229 3686 non
1239 3652 1277 3695 S,

192 3712 250 3733 om.
265 3700 300 3732 F·
387 3702 430 3740 (e)
454 3701 580 3741 actum]
594 3702 705 3732 satum
716 3710 777 3733 cer.
880 3702 924 3738 (7)
948 3708 988 3731 ex
1002 3709 1041 3731 eo
1055 3698 1144 3741 quod
1159 3698 1279 3732 cattia-

191 3746 324 3782 rinaeua
337 3746 397 3779 ins.
477 3747 522 3788 (s)
547 3748 582 3778 et
592 3743 814 3777 harundinem
828 3746 862 3776 et
874 3742 991 3776 silvam
1005 3742 1164 3776 eaednam
1181 3742 1279 3777 Ouia-

1257 122 1343 170 232

1339 249 1360 281 4
1408 249 1530 281 natum
1571 249 1675 282 esset.
1723 246 1812 282 Cum
1854 246 2005 282 fundum
2039 246 2118 292 quis
2153 246 2358 283 vendiderat
2392 254 2427 284 et

1339 301 1479 327 omnem
1502 289 1659 327 fructum
1681 295 1878 337 receperat,
1903 295 1939 327 et
1961 291 2171 327 arundinem
2195 292 2367 328 caeduam
2391 298 2427 330 et

1339 339 1359 371 5
1407 335 1556 371 silvam⁸
1577 335 1615 371 in
1637 335 1760 373 fructu
1784 346 1862 373 esse
1884 336 2081 382 respondit.
2127 336 2253 380 Dolia,
2277 348 2369 383 quae
2391 338 2428 375 in

1339 380 1452 417 fundo
1477 380 1609 417 domini
1631 385 1762 425 essent,
1787 392 1977 418 accessura
2001 381 2108 417 dixit:
2134 381 2239 417 etiam
2257 392 2310 425 ea,
2336 393 2427 429 quae
2484 397 2487 400 >
2509 398 2513 400 *

1339 426 1546 478 servus-qui
1568 425 1718 462 fundum
1743 427 1903 480 coluerat
1927 427 2069 462 emisset
2092 427 2306 472 peculiaria,
2330 438 2428 474 emp-

1339 471 2042 597 {32⁰ssrffisxfftfessi’ffiff‘snisstt
2060 482 2429 563 *issssetstpffiaffiii

1394 572 1427 597 a.

1387 605 1436 643 41
1465 605 1657 643 [omanus
1673 607 1764 644 libro
1777 608 1881 643 tertio
1894 607 1944 643 ad
1961 605 2121 643 Urseium
2134 608 2305 645 Ferocem
2343 608 2430 646 Cum

1340 652 1386 687 ab
1411 662 1475 694 eo,
1508 652 1568 697 qui
1591 651 1741 688 fundum
1764 653 1825 688 alii
1856 652 2050 698 obligatum
2080 653 2255 696 habebat,
2287 653 2430 699 quidam

1341 697 1393 749 sic
1417 701 1573 742 emptum
1596 701 1767 743 rogasset,
1792 701 1832 733 ut
1855 702 1951 733 esset
1973 697 2003 733 is
2027 698 2095 733 sibi
2119 702 2268 743 emptus,
2294 698 2324 734 si
2348 709 2427 735 eum

1340 742 1544 785 hberasset,
1577 742 1766 778 dummodo
1798 746 1881 778 ante
1911 742 2085 778 kalendas
2108 743 2217 779 Iulias
2248 743 2428 786 liberaret,

1341 787 1541 832 quaesitum
1573 791 1645 830 est,
1678 798 1725 823 an
1755 788 1889 823 utiliter
1920 798 2025 833 agere
2048 788 2162 833 possit
2186 798 2228 823 ex
2252 793 2369 834 empto
2394 789 2429 825 in

1340 833 1421 875 hoc,
1447 835 1488 867 ut
1510 832 1672 868 venditor
1696 843 1777 868 eum
1800 833 1980 869 liberaret.
2012 832 2214 878 respondit:
2239 833 2430 877 videamus,

1342 877 1425 922 quid
1449 877 1542 913 inter
1565 878 1764 913 ementem⁹
1796 882 1831 914 et
1861 877 2071 914 vendentem
2103 882 2224 913 actum
2256 878 2313 914 sit.
2349 889 2430 915 nam

1341 923 1371 958 si
1395 922 1432 957 id
1456 926 1577 958 actum
1601 926 1667 966 est,
1691 927 1732 959 ut
1755 923 1851 959 omni
1874 922 1978 958 modo
2003 923 2098 958 intra
2120 923 2294 959 kalendas
2318 924 2429 961 Iulias

1341 967 1503 1003 venditor
1526 967 1676 1003 fundum
1706 968 1893 1011 liberaret,
1925 978 1970 1003 ex
2000 972 2118 1014 empto
2150 968 2218 1004 erit
2247 968 2360 1012 actio,
2393 974 2433 1005 ut

1342 1012 1478 1055 liberet,
1503 1023 1569 1048 nec
1593 1013 1660 1049 sub
1686 1013 1896 1049 condicione
1920 1013 2051 1058 emptio
2075 1013 2174 1049 facta
2196 1014 2430 1059 intellegetur,

1342 1058 1451 1094 veluti
1473 1058 1504 1094 si
1526 1058 1596 1094 hoc
1619 1058 1725 1094 modo
1750 1062 1889 1104 emptor
1919 1058 2204 1104 interrogaverit:
2238 1059 2317 1094 ‘erit
2348 1059 2432 1095 mihi

1343 1102 1487 1138 ‘fundus
1523 1113 1578 1139 em
1604 1107 1662 1139 tus
1697 1103 1766 1147 ita,
1800 1107 1841 1139 ut
1875 1114 1956 1140 eum
1986 1104 2082 1139 intra
2116 1103 2289 1140 kalendas
2321 1105 2429 1141 Iulias

1343 1148 1506 1191 ‘liberes',
1531 1159 1572 1184 ve
1610 1148 1685 1191 ‘ita,
1708 1154 1750 1184 ut
1773 1159 1854 1184 eum
1877 1149 1973 1184 intra
1996 1148 2168 1184 kalendas
2186 1159 2208 1184 a
2225 1149 2319 1185 Titio
2338 1150 2431 1186 redi-

1343 1193 1453 1229 ‘mas’.
1490 1193 1520 1229 si
1543 1203 1625 1229 vero
1650 1194 1718 1230 sub
1743 1194 1952 1230 condicione
1974 1193 2074 1229 facta
2097 1194 2227 1239 emptio
2253 1198 2326 1237 est,
2361 1206 2432 1231 non

1346 1242 1360 1274 1
1410 1238 1543 1283 poterit
1565 1239 1641 1284 agi,
1675 1243 1716 1274 ut
1739 1239 1901 1292 condicio
1926 1239 2127 1291 impleatur.
2176 1239 2339 1275 Mensam
2372 1251 2430 1276 ar-

2001 136 2062 166 ms
2091 135 2423 168 conranni-mna
2470 175 2472 178 y

2486 652 2514 795 τἰςῑᾼ-ιιίεηῃτ
2487 538 2513 636 :fist-‘fuse
2489 503 2510 516 ᾖ,
2502 478 2507 486 ,,
2486 426 2488 430 ’

2506 915 2507 919 Α
2486 790 2513 903 2·«1s·.*1'·:²·'93⁴<'¹

1341 1288 1447 1337 gento
1481 1287 1687 1329 coopertam
1709 1284 1794 1320 mihi
1816 1285 1995 1330 ignoranti
2017 1294 2083 1329 pro
2107 1284 2221 1320 solida
2244 1285 2432 1321 vendidisti
2490 1297 2507 1333 ,ῃ

1342 1329 1566 1374 imprudens:
1600 1329 1699 1365 nulla
1730 1334 1784 1366 est
1815 1330 1944 1375 emptio
1977 1329 2200 1375 pecuniaque
2223 1340 2265 1365 eo
2290 1331 2431 1367 nomine
2493 1326 2504 1349 *¹²

1343 1374 1430 1410 data
1454 1374 1671 1410 condicetur.

1389 1417 1442 1456 42
1467 1419 1703 1456 Mammam:
1723 1419 1814 1456 libro
1832 1421 1956 1466 primo
1981 1420 2243 1455 institutionum
2289 1420 2432 1457 Domini

1343 1475 1458 1510 neque
1489 1475 1553 1510 per
1584 1475 1623 1500 se
1653 1475 1769 1510 neque
1798 1475 1864 1511 per
1894 1469 2148 1511 procuratores
2172 1475 2257 1501 suos
2281 1470 2432 1511 possunt

1343 1510 1470 1546 saltem
1505 1510 1714 1546 criminosos
1748 1520 1869 1546 servos
1905 1510 2074 1553 vendere,
2118 1515 2159 1546 ut
2193 1521 2275 1546 cum
2309 1511 2431 1547 bestiis

1342 1567 1391 1602 pu
1440 1559 1552 1591 arent.
1590 1559 1626 1591 et
1648 1556 1700 1591 ita
1723 1555 1793 1592 divi
1815 1555 1945 1592 fratres
1968 1555 2238 1601 rescripserunt.
2358 1595 2361 1599 ,

1417 1598 1441 1639 3
1479 1601 1756 1637 Ειοιιεινφιινυε
1788 1601 1878 1637 libro
1911 1605 2036 1637 octavo
2069 1601 2332 1637 institutionum
2377 1601 2433 1637 Ea

1343 1657 1435 1691 quae
1468 1646 1739 1682 commendandi
1774 1656 1884 1682 causa
1907 1646 1943 1681 in
1967 1645 2229 1682 venditionibus
2253 1646 2431 1689 dicuntur,

1343 1692 1374 1727 si
1420 1691 1514 1726 alam
1534 1695 1733 1737 appareant
1747 1693 1784 1734 ¹⁰,
1808 1691 2026 1727 venditorem
2042 1702 2115 1727 non
2135 1691 2303 1736 obligant,
2327 1691 2433 1727 veluti

1343 1737 1373 1772 si
1423 1737 1494 1788 'cat
1517 1746 1655 1772 servum
1679 1737 1892 1790 speciosum,
1917 1736 2060 1772 domum
2080 1737 2170 1772 bene
2191 1736 2430 1772 aedificatam:

1345 1786 1383 1817 at
1407 1782 1437 1818 si
1462 1781 1589 1817 dixerit
1611 1782 1790 1818 hominem
1813 1782 2009 1818 litteratum
2032 1781 2087 1817 vel
2111 1781 2303 1825 artificem,

1348 1831 1361 1862 l
1410 1831 1507 1863 stare
1538 1827 1663 1863 debet:
1696 1838 1779 1862 nam
1802 1827 1871 1863 hoc
1894 1827 1972 1872 ipso
1997 1827 2110 1872 pluris
2133 1827 2264 1862 vendit.
2346 1837 2428 1863 uae-

1343 1872 1425 1908 dam
1457 1872 1564 1908 etiam
1594 1872 1871 1918 pollicitationes
1903 1872 2121 1908 venditorem
2157 1883 2229 1908 non
2263 1872 2432 1917 obligant,

1343 1918 1373 1953 si
1396 1918 1447 1953 ita
1470 1917 1508 1953 in
1530 1922 1698 1963 promptu
1722 1928 1780 1954 res
1804 1918 1869 1960 sit,
1901 1921 1942 1953 ut
1973 1928 2050 1953 eam
2076 1921 2214 1962 emptor
2237 1928 2311 1953 non
2334 1917 2433 1963 igno-

1342 1963 1483 2006 raverit,
1504 1962 1612 1998 veluti
1631 1963 1662 1999 si
1682 1963 1760 2008 quis
1778 1962 1957 1999 hominem
1976 1962 2167 1998 luminibus
2189 1962 2327 1998 effossis
2341 1966 2435 1998 emat

1344 2012 1379 2044 et
1403 2008 1448 2043 de
1471 2007 1627 2044 sanitate
1650 2008 1859 2053 stipuletur:
1891 2018 1976 2043 nain
2008 2007 2052 2043 de
2085 2012 2204 2043 cetera
2226 2012 2330 2053 parte
2354 2018 2431 2044 cor-

1343 2053 1440 2099 poris
1463 2053 1622 2099 potius¹¹
1646 2054 1838 2106 stipulatus
1860 2053 2002 2089 videtur
2025 2063 2131 2098 quam
2158 2052 2203 2088 de
2230 2063 2284 2096 eo,
2308 2052 2344 2088 in
2365 2064 2432 2098 quo

1344 2102 1363 2133 2
1411 2109 1450 2135 se
1484 2098 1561 2144 ipse
1596 2098 1808 2144 decipiebat.
1856 2098 1988 2134 Dolum
2019 2098 2151 2133 malum
2183 2108 2206 2134 a
2237 2108 2277 2133 se
2308 2098 2434 2134 abesse

1343 2148 1528 2189 praestare
1552 2143 1715 2179 venditor
1739 2144 1862 2187 debet,

1344 2188 1404 2234 qui
1427 2188 1575 2224 fallendi
1599 2199 1709 2225 causa
1740 2189 1894 2225 obscure
1925 2188 2101 2234 loquitur,
2138 2187 2202 2224 sed
2234 2188 2341 2223 etiam
2374 2199 2435 2234 qui

1343 2234 1511 2270 insidiose
1535 2234 1688 2270 obscure
1701 2235 1729 2256 ¹²
1753 2234 1962 2269 dissimulat.

2353 1792 2428 1817 rae·

1896 2143 1958 2189 qui
1981 2154 2053 2178 non
2076 2147 2218 2178 tantum
2239 2142 2277 2178 in
2302 2153 2344 2179 eo
2370 2147 2434 2196 est,

2487 1900 2505 1963 «λς-αὶ
2484 1806 2509 1887 §bufam
2498 1783 2505 1798 ,.
2487 1759 2502 1775 1*

2480 2139 2507 2268 uteie-2.-
2490 2049 2506 2111 W.
2499 2022 2502 2023 ,

1391 2277 1444 2316 44
1480 2278 1718 2315 MAROIANUS
1750 2279 1842 2315 libro
1878 2280 1983 2314 tertio
2017 2278 2228 2325 requtarum
2275 2277 2312 2313 Si
2343 2278 2434 2314 duos

1344 2324 1423 2370 quis
1446 2334 1567 2360 servos
1593 2324 1717 2359 emerit
1739 2324 1875 2369 pariter
1897 2334 1969 2359 uno
1995 2323 2129 2369 pretio,
2163 2334 2312 2369 quorum
2345 2323 2434 2358 alter
2491 2324 2500 2370 ’ς

1343 2373 1427 2404 ante
1449 2369 1685 2405 venditionem
1707 2373 1871 2405 mortuus
1896 2373 1969 2412 est,
1994 2379 2109 2415 neque
2131 2369 2169 2404 in
2192 2368 2270 2404 vivo
2295 2372 2435 2404 constat

1343 2424 1398 2449 em
1424 2414 1486 2450 tio.

1418 2458 1442 2496 5
1468 2458 1575 2494 IDEM
1584 2459 1676 2495 libro
1696 2462 1827 2505 quarto
1848 2458 2058 2506 reqularum
2096 2458 2219 2494 Labeo
2241 2458 2331 2494 libro
2351 2468 2432 2503 pos-

1343 2505 1513 2540 teriorum
1548 2504 1692 2546 scribit,
1734 2504 1765 2540 si
1799 2505 2010 2540 vestimenta
2042 2503 2219 2549 interpola
2254 2503 2333 2548 quis
2368 2513 2432 2548 pro
2490 2514 2502 2531 2³

1343 2549 1444 2585 novis
1469 2549 1612 2592 emerit,
1637 2549 1807 2585 Trebatio
1831 2549 1975 2595 placere
1998 2549 2049 2584 ita
2073 2548 2224 2594 emptori
2247 2552 2432 2593 praestan·
2488 2551 2501 2595 ξ

1344 2594 1428 2630 dum
1442 2594 1538 2640 quod
1557 2595 1716 2637 interest,
1737 2594 1767 2630 si
1787 2594 1954 2639 ignorans
1973 2594 2149 2646 interpola
2169 2594 2301 2629 emerit.
2329 2603 2434 2638 quam
2484 2597 2500 2636 {⁴-

1344 2640 1555 2676 sententiam
1579 2643 1615 2676 et
1636 2640 1726 2676 Pom
1753 2640 1856 2676 onius
1879 2639 2027 2685 probat,
2060 2650 2098 2674 in
2121 2649 2193 2691 qua
2217 2643 2252 2673 et
2276 2639 2433 2674 Iulianus
2491 2647 2498 2668 f

1345 2689 1410 2728 est,
1430 2685 1496 2737 ‚qui
1519 2685 1588 2728 ait,
1612 2685 1643 2721 si
1667 2685 1728 2730 qui
1755 2695 1809 2720 em
1833 2684 2021 2730 ignorabat
2044 2684 2223 2726 venditor,
2247 2683 2360 2728 ipsius
2382 2683 2435 2719 rei
2486 2694 2501 2735 ᾳ,ζ

1344 2740 1486 2766 nomine
1509 2730 1640 2773 teneri,
1673 2730 1704 2766 si
1735 2730 1891 2773 sciebat,
1923 2730 2030 2765 etiam
2062 2728 2180 2764 damni
2204 2729 2299 2774 quod
2323 2738 2368 2764 ex
2391 2738 2432 2765 eo

1345 2775 1537 2820 contingit:
1595 2775 1867 2811 uemadmodum
1900 2774 1930 2810 si
1953 2785 2016 2810 vas
2030 2775 2058 2796 ¹³
2091 2773 2335 2809 aurichalcum
2365 2783 2430 2820 pro

1344 2831 1431 2856 auro
1456 2820 1559 2856 vendi

1346 2865 1504 2901 vendidit
1526 2869 1695 2911 praestet.

1617 2824 1672 2856 set
1694 2821 1880 2866 ignorans,
1913 2823 2075 2862 tenetur,
2110 2823 2150 2854 ut
2181 2829 2306 2854 aurum
2338 2818 2432 2864 quod
2494 2859 2499 2867 ,-

1390 2908 1443 2948 46
1468 2910 1574 2946 Imm
1593 2910 1685 2947 libro
1707 2909 1891 2963 sinqulari
1911 2909 1956 2945 de
1979 2909 2200 2945 delatoribus
2245 2908 2327 2944 Non
2350 2908 2432 2944 licet
2492 2883 2499 2911 ἱ

1344 2966 1388 2991 ex
1411 2955 1542 2998 officio,
1567 2955 1663 3008 quod
1686 2955 1912 2990 administrat
1932 2955 2027 3045 3132
2028 2964 2182 3035 ῃξῐιιιιίιὲθῃ
2190 2953 2281 3034 (ἒὲιέ
2281 2954 2349 3034 αξ,
2360 2963 2433 3034 τιέξ

1346 3011 1386 3036 se
1409 3001 1463 3036 vel
1486 3011 1552 3045 per
1571 3000 1677 3035 aliam
1697 3009 1906 3045 personam:

1344 3045 1492 3088 amittit,
1524 3045 1587 3081 sed
1617 3050 1653 3081 et
1683 3045 1722 3080 in
1745 3045 1984 3090 quadruplum
2008 3045 2216 3081 convenitur
2238 3043 2433 3079 secundum

1345 3090 1632 3127 constitutionem
1657 3090 1776 3126 Severi
1801 3094 1836 3125 et
1859 3090 2049 3126 Antonini:
2084 3093 2120 3125 et
2143 3089 2213 3124 hoc
2237 3088 2285 3124 ad
2297 3089 2325 3110 ¹⁴
2349 3099 2430 3134 pro·
2492 3093 2500 3100 ”

1345 3139 1546 3172 curatorem
1570 3145 1712 3181 quoque
1735 3135 1898 3171 Caesaris

1949 3135 2086 3170 ertinet.
2125 3133 2188 3169 sed
2218 3133 2289 3170 hoc
2320 3133 2372 3169 ita
2394 3143 2433 3169 se
2488 3126 2497 3165 ἦ.

1345 3181 1464 3224 habet,
1477 3180 1546 3216 nisi
1557 3180 1760 3226 specialiter
1779 3180 1908 3226 quibus
1934 3190 1991 3215 am
2003 3180 2072 3215 hoc
2093 3189 2303 3215 concessum
2317 3179 2344 3200 ¹³
2365 3181 2430 3214 est.
2492 3173 2500 3210 {-

1392 3223 1444 3263 47
1484 3224 1679 3261 omanus
1706 3225 1798 3261 libro
1831 3225 2021 3260 vicensimo
2053 3235 2148 3259 nono
2180 3223 2230 3259 ad
2258 3222 2431 3259 Sabinum

1344 3270 1391 3351 git
1402 3280 1436 3350 aa
1449 3280 1518 3306 uae
1537 3269 1667 3306 ductus
1686 3270 1859 3306 debeatur
1878 3269 2035 3322 praedio,
2061 3273 2097 3305 et
2119 3269 2175 3304 ius

1343 3361 1443 3405 ipsae
1467 3359 1528 3395 fist
1590 3369 1620 3402 e,
1644 3370 1709 3405 per
1732 3369 1821 3405 quas
1845 3369 1939 3404 aqua
1963 3358 2119 3402 ducitur,

2200 3278 2314 3314 aquae
2332 3272 2430 3303 tran-
2491 3266 2503 3315 ,ζ

1485 3325 1540 3350 em
1566 3319 1696 3357 torem,
1730 3315 1868 3350 etiamsi
1899 3314 1988 3349 nihil
2019 3313 2153 3350 dictum
2175 3313 2241 3357 sit,
2273 3313 2367 3349 sicut
2396 3316 2432 3348 et
2491 3315 2503 3329 ³

1391 3401 1444 3442 48
1468 3403 1628 3440 Panos
1655 3404 1746 3441 libro
1770 3405 1897 3451 quinto
1921 3404 1971 3440 ad
1993 3403 2167 3440 Sabinum
2213 3403 2299 3439 licet
2330 3406 2431 3438 extra

1344 3449 1450 3491 aedes
1475 3449 1565 3485 sint:

1389 3492 1443 3532 49
1474 3493 1670 3532 Utpuivvs
1699 3494 1791 3531 libro
1822 3494 2012 3530 vicensimo
2048 3504 2143 3529 nono
2178 3492 2229 3529 ad
2257 3491 2429 3529 Sabinum
2490 3483 2494 3491 ¹

1509 3611 1553 3649 (s)
1578 3611 1745 3641 omentum
1756 3608 1792 3641 F
1889 3608 1948 3649 (ιο)
1974 3609 2137 3650 appareat
2148 3607 2198 3640 P·

1596 3658 1654 3694 (12)
1679 3653 1819 3686 obscure
1832 3653 1893 3686 det.
1909 3652 2061 3686 Breuem.

1605 3701 1665 3742 (ιδ)
1691 3708 1887 3731 consensum
1902 3696 1946 3731 F·

1348 3609 1417 3642 cius

1347 3654 1416 3686 tuis
1428 3653 1463 3686 F

1347 3701 1406 3742 (u)
1429 3708 1473 3731 an
1484 3699 1519 3732 F

2289 3610 2344 3647 (ιι)
2368 3615 2427 3648 po-

2212 3652 2270 3693 (18)
2294 3661 2351 3683 vas
2365 3650 2428 3684 del.
2494 3667 2496 3670 >
2524 3668 2528 3671 ν

2485 3757 2505 3783 ν,
2526 3775 2528 3778 ,

2482 3781 2505 3813 4.,
2516 3786 2528 3806 ι

2479 3814 2528 3847 ινμι
