2528 3918
117 149 177 180 DE
205 147 360 180 FORTIS

117 257 277 294 interfuit
313 257 389 292 eius
429 267 495 302 pro
521 256 681 292 rietatem
718 265 789 290 non
825 265 902 290 esse
938 255 1156 291 subtractam
1170 255 1192 290 ¹.

118 307 137 338 2
217 302 287 338 uod
311 303 459 337 dicimus
508 301 598 347 upli,
632 301 684 335 sic
711 300 872 344 accipere
896 300 1063 335 debemus
1089 301 1194 335 etiam

118 358 188 393 qua
214 347 307 392 rnpli
332 349 530 392 competere
554 346 739 387 actionem,
765 345 793 380 si
815 345 1039 380 manifestum
1060 345 1193 380 furtum

118 397 137 427 3
184 393 240 428 sit.
289 392 388 427 Haec
411 392 504 427 actio
530 394 565 425 et
588 390 619 427 si
642 390 704 432 sit,
730 390 789 435 qui
813 390 850 424 in
874 400 916 425 eo
940 401 1040 425 servo
1064 391 1195 424 habeat

116 441 137 472 4
183 448 286 473 usum
317 440 475 479 tantum,
506 435 639 481 poterit
669 436 701 470 ei
730 439 941 479 competere.
988 435 1038 469 Et
1061 435 1091 470 81
1115 435 1193 479 quis

116 481 342 528 proposuerit
383 482 478 516 hunc
521 491 659 516 servum
703 480 807 514 etiam
846 480 1068 525 pigneratum
1105 489 1193 522 esse,

118 527 267 568 eveniet,
300 531 341 561 ut
365 527 469 562 ctiam
493 526 524 560 is
549 526 608 570 qui
630 525 769 570 pignori
793 526 931 570 accepit
955 525 1087 559 habeat
1109 524 1194 559 furti

116 572 310 607 actionem:
343 572 412 607 1100
437 571 588 616 amplius
612 570 717 605 etiam
742 570 898 612 debitor,
930 570 961 605 si
985 569 1089 604 modo
1114 569 1194 614 plus

116 617 243 659 valeat,
269 627 373 661 quam
396 627 460 662 pro
483 616 629 660 pignore
654 615 812 658 debetur,
837 615 947 650 habet
970 614 1057 649 furti
1082 614 1193 649 actio-

118 665 136 696 5
186 672 277 697 0001.
324 661 444 706 Usque
474 660 561 696 adeo
593 664 711 695 autem
736 660 894 695 diversae
918 663 1002 695 sunt
1025 659 1193 700 actiones,

118 717 208 752 quae
231 707 283 742 eis
304 709 521 751 competunt,
545 709 595 749 01,
621 706 651 740 81
671 706 748 750 quis
771 716 893 740 eorum
913 715 978 749 pro
999 704 1079 739 fure
1097 704 1194 738 dam-

118 763 200 787 num
220 751 398 793 deciderit,
425 751 493 785 dici
512 754 676 795 oporteat
695 750 913 786 solummodo
934 749 1109 784 actionem
1128 748 1195 784 81111

119 800 374 842 competentem
403 796 563 831 amisisse
593 806 691 838 eum,
726 795 851 830 ceteris
882 804 965 829 vero
996 804 1193 839 superesse.

117 851 199 877 nam
228 845 264 876 et
294 841 325 877 si
353 851 533 886 proponas
565 851 783 875 communem
815 850 954 875 servum
986 839 1193 884 subreptum

117 891 153 921 et
176 886 283 921 alium
308 896 350 920 ex
375 886 522 920 dominis
554 896 620 930 pro
651 885 729 920 fure
753 885 919 919 damnum
944 884 1134 928 decidisse,
1164 884 1194 918 is

118 935 139 967 6
186 931 246 976 qui
269 941 341 967 non
365 931 495 966 decidit
517 930 664 966 habebit
687 930 773 965 furti
796 930 981 965 actionem.
1030 929 1194 974 Proprie-

117 977 228 1011 tarius
294 986 409 1020 uoque
449 986 552 1020 agere
592 975 759 1011 adversus
799 974 1037 1009 fructuarium
1104 977 1197 1009 otest

118 1021 248 1057 iudicio
295 1022 381 1064 urti,
413 1021 442 1056 si
474 1021 558 1065 quid
588 1020 756 1055 celandae
779 1019 1008 1066 proprietatis
1032 1029 1073 1054 ve
1111 1019 1194 1054 sub-

119 1070 136 1101 7
185 1066 390 1111 primendae
422 1076 530 1101 causa
559 1065 653 1100 fecit.
708 1065 820 1100 Recte
855 1065 989 1099 dictum
1020 1068 1092 1107 est,
1135 1063 1196 1108 qui

144 1111 255 1147 utavit
279 1121 316 1147 se
340 1111 471 1147 domini
493 1111 676 1146 voluntate
698 1120 773 1146 rem
797 1110 987 1154 attingere,
1019 1120 1091 1144 non
1119 1119 1196 1144 esse

118 1124 250 1192 furem:
291 1156 375 1202 quid
414 1156 506 1191 enim
538 1155 619 1191 dolo
650 1155 753 1197 facit,
791 1156 851 1200 qui
879 1159 986 1207 putat
1017 1154 1196 1189 dominum

119 1212 372 1237 consensurum
402 1201 530 1243 fuisse,
567 1201 639 1236 sive
670 1200 760 1235 falso
790 1200 828 1235 id
859 1210 932 1235 81νο
961 1210 1043 1234 vere
1073 1199 1196 1244 putet?

117 1248 147 1282 is
178 1257 260 1291 ergo
293 1247 389 1282 solus
421 1246 480 1281 fur
512 1249 581 1289 est,
614 1245 672 1290 qui
704 1245 932 1287 adtrectavit,
964 1244 1059 1289 quod
1087 1244 1195 1278 invito

119 1295 137 1326 8
186 1291 326 1326 domino
351 1302 388 1326 se
411 1291 529 1326 facere
553 1290 666 1326 scivit.
713 1290 782 1325 Per
812 1290 1029 1325 contrarium
1057 1289 1195 1335 quaeri-

119 1341 195 1378 tur,
228 1337 258 1371 si
287 1346 351 1381 ego
383 1346 437 1371 me
461 1336 570 1371 invito
596 1335 735 1371 domino
760 1335 877 1370 facere
901 1339 1097 1380 putarem,
1116 1345 1195 1369 cum

119 1381 280 1417 dominus
304 1381 418 1423 vellet,
444 1391 491 1415 an
514 1380 601 1415 furti
624 1381 717 1416 actio
743 1381 798 1415 sit.
847 1384 883 1415 et
905 1380 955 1415 ait
977 1380 1195 1424 Pomponius

117 1427 250 1462 furtum
281 1437 336 1461 me
365 1426 503 1461 facere:
533 1436 654 1461 verum
683 1429 802 1460 tamen
833 1429 903 1467 est,
935 1428 990 1468 ut,
1020 1436 1101 1460 cum
1132 1435 1194 1469 ego

118 1471 219 1507 velim
243 1482 323 1506 eum
346 1472 416 1513 uti,
450 1471 533 1506 licet
555 1471 709 1515 ignoret,
742 1481 786 1505 ne
815 1470 901 1505 furti
930 1470 976 1506 sit
1007 1471 1193 1514 obligatus.

118 1521 138 1550 9
186 1517 222 1551 Si
250 1516 383 1551 furtiva
413 1527 470 1551 res
501 1515 547 1550 ad
571 1516 749 1551 dominum
772 1516 877 1551 rediit
900 1519 936 1551 et
957 1516 1085 1551 iterum
1111 1526 1195 1550 con-

119 1565 271 1597 trectata
296 1565 358 1603 est,
384 1561 552 1606 competit
574 1561 644 1595 alia
667 1560 755 1595 furti
779 1561 884 1596 actio.

163 1605 215 1644 47
242 1606 399 1642 ΡΛσιυ8
420 1607 509 1642 libro
533 1617 627 1641 nono
652 1606 701 1640 ad
724 1606 897 1641 Sabinum
944 1605 981 1641 Si
1005 1605 1196 1640 dominium

118 1652 169 1687 rei
200 1652 388 1696 subreptae
420 1661 641 1696 quacumque
671 1651 808 1686 ratione
835 1654 1011 1686 mutatum
1037 1651 1100 1694 sit,
1133 1650 1196 1686 do-

119 1698 211 1732 mino
237 1697 322 1732 furti
346 1697 439 1732 actio
465 1696 651 1741 competit,
682 1696 790 1731 veluti
818 1696 939 1731 heredi
963 1700 999 1731 et
1021 1696 1196 1731 bonorum

119 1742 314 1789 possessori
338 1746 373 1777 et
396 1742 491 1786 patri
514 1741 679 1786 adoptivo
705 1745 740 1776 et
762 1741 945 1786 legatario.

163 1785 216 1825 48
256 1786 448 1822 ULPJANUS
484 1787 574 1822 libro
612 1786 915 1832 quadraqensz'mo
954 1786 1111 1822 secundo
1150 1786 1199 1820 ad

119 1832 291 1868 Sabinum
339 1831 406 1875 Qui
436 1842 498 1866 vas
528 1835 733 1875 argenteum
761 1831 965 1876 perdiderat
993 1841 1106 1876 eoque
1133 1841 1196 1866 no-

119 1878 211 1913 mine
241 1876 329 1912 furti
360 1877 511 1922 egerit2:
550 1876 594 1911 de
622 1876 803 1921 pondere³
832 1877 924 1912 vasis
956 1877 1198 1911 controversia

120 1934 198 1958 cum
223 1926 318 1958 esset
340 1925 377 1957 et
400 1926 501 1957 actor
523 1921 636 1956 maius
655 1921 767 1956 fuisse
788 1921 930 1964 diceret,
954 1921 1014 1956 fur
1030 1932 1092 1956 vas
1113 1932 1196 1966 pro-

120 1969 217 2003 tulit:
250 1967 287 2002 id
316 1967 347 2002 is
378 1967 479 2002 cuius
508 1970 585 2001 erat
616 1967 764 2002 abstulit
793 1967 843 2001 ei:
881 1967 940 2012 qui
972 1967 1198 2012 subripuerat

121 2013 215 2059 dupli
237 2012 346 2048 nihilo
370 2012 485 2047 minus
511 2011 765 2047 condemnatus
790 2016 853 2047 est.
891 2011 1087 2047 rectissime
1106 2012 1196 2046 iudi-

119 2063 236 2093 catum
260 2061 329 2092 est:
355 2068 437 2092 nam
458 2058 494 2091 in
516 2057 689 2092 actionem
710 2058 895 2101 poenalem
915 2068 986 2092 non
1004 2057 1100 2092 venit
1119 2057 1197 2101 ipsa

118 2113 174 2138 res
200 2113 291 2149 quae
314 2103 485 2147 subrepta
509 2106 580 2144 est,
613 2102 684 2136 sive
714 2102 893 2137 manifesti
923 2102 1011 2137 furti
1035 2102 1107 2137 sive
1132 2112 1197 2137 nec

124 2153 135 2183 1
186 2147 363 2183 manifesti
395 2151 531 2192 agatur.
585 2146 651 2190 Qui
678 2146 793 2182 furem
821 2148 933 2191 novit,
966 2148 1037 2182 sive
1066 2147 1198 2182 indicet

119 2204 197 2228 eum
221 2194 293 2229 sive
316 2203 388 2227 non
410 2192 561 2234 indicet,
592 2192 651 2226 fur
674 2203 746 2227 non
771 2196 840 2235 est,
867 2203 947 2227 00111
971 2193 1120 2227 multum
1143 2192 1197 2226 in-

118 2239 236 2282 tersit,
270 2238 384 2272 furem
416 2238 493 2282 quis
526 2237 616 2272 celet
644 2247 690 2271 an
719 2248 790 2272 non
821 2238 971 2273 indicet:
1004 2237 1065 2282 qui
1088 2238 1196 2281 novit,

120 2287 139 2318 2
185 2283 272 2318 furti
291 2294 362 2318 non
380 2286 531 2325 tenetur,
553 2283 612 2327 qui
633 2283 735 2324 celat,
755 2283 825 2318 hoc
844 2283 922 2328 ipso
941 2287 1094 2318 tenetur.
1130 2282 1197 2326 Qui

121 2339 164 2363 ex
186 2329 367 2364 voluntate
393 2327 524 2363 domini
547 2338 686 2363 servum
710 2327 862 2373 recepit,
893 2328 977 2373 quin
1001 2338 1115 2372 neque
1140 2328 1198 2362 fur

120 2384 232 2419 neque
267 2372 459 2426 plagiarius
495 2372 557 2415 sit,
600 2373 679 2417 plus
724 2383 830 2417 quam
864 2373 1088 2407 manifestum
1124 2377 1195 2408 est:

120 2419 197 2464 quis
222 2429 314 2454 001111
336 2418 553 2453 voluntatem
578 2417 708 2452 domini
727 2418 862 2453 habens
883 2418 943 2452 fur
962 2418 1033 2452 dici
1053 2418 1197 2462 potest?

120 2468 138 2499 3
186 2463 289 2508 Quod
318 2463 348 2498 si
380 2463 539 2498 dominus
569 2463 680 2498 vetuit
711 2467 747 2498 et
768 2463 827 2498 ille
851 2464 1026 2507 suscepit,
1060 2463 1089 2497 si
1120 2463 1196 2507 qui-

120 2509 198 2544 dem
221 2519 293 2544 non
319 2508 458 2543 celandi
480 2508 608 2549 animo,
632 2519 703 2543 non
725 2511 778 2543 est
801 2508 870 2551 fur,
896 2509 926 2543 si
947 2508 1085 2549 celavit,
1110 2511 1197 2543 tunc

122 2554 177 2591 fur
200 2564 277 2589 esse
300 2553 434 2598 incipit.
482 2553 542 2598 qui
573 2553 679 2597 igitur
710 2554 867 2598 suscepit
891 2564 956 2588 nec
981 2553 1108 2588 celavit
1132 2554 1198 2588 etsi

121 2599 226 2634 invito
252 2599 410 2641 domino,
441 2597 501 2632 fur
523 2609 595 2632 non
618 2601 683 2632 est.
731 2602 850 2633 vetare
875 2602 993 2633 autem
1018 2598 1196 2633 dominum

119 2644 312 2689 accipimus
337 2644 443 2678 etiam
466 2653 546 2678 eum
572 2643 631 2687 qui
654 2643 812 2687 ignorat,
844 2644 913 2678 hoc
946 2646 1000 2678 est
1030 2654 1109 2678 eum
1138 2645 1197 2688 qui

121 2693 140 2723 4
186 2700 258 2724 11011
283 2688 472 2723 000800811.
521 2688 558 2722 Si
589 2698 652 2732 ego
684 2688 750 2722 tibi
781 2688 984 2732 poliendum
1010 2689 1195 2725 vestimen-

120 2739 194 2768 tum
218 2734 399 2776 locavero,
430 2736 470 2767 tu
500 2743 582 2767 vero
609 2733 720 2767 inscio
745 2738 808 2767 0111
829 2734 936 2769 invito
962 2743 1017 2768 me
1043 2744 1197 2769 commo-

121 2779 258 2813 daveris
279 2778 371 2813 Titio
393 2782 428 2812 et
448 2777 539 2812 Titio
563 2777 697 2812 furtum
715 2777 850 2813 factum
870 2779 934 2814 sit:
959 2782 995 2814 et
1013 2778 1079 2813 11111
1102 2789 1196 2814 com-

121 2824 210 2868 petit
232 2823 319 2857 furti
343 2823 448 2864 actio,
473 2823 556 2867 quia
579 2822 741 2858 custodia
763 2823 815 2858 rei
839 2824 885 2858 ad
908 2827 942 2858 te
966 2823 1128 2868 pertinet,
1163 2828 1198 2859 et

122 2868 205 2903 mihi
236 2868 404 2903 adversus
434 2871 488 2911 te,
521 2867 604 2911 quia
631 2878 703 2902 non
735 2868 907 2903 debueras
938 2879 1013 2903 rem
1043 2879 1196 2904 commo-

121 2914 206 2948 dare
229 2917 265 2948 et
287 2913 323 2947 id
345 2912 508 2947 faciendo
531 2913 665 2947 furtum
689 2913 890 2948 admiseris:
915 2914 966 2948 ita
990 2913 1056 2948 erit
1080 2924 1197 2955 casus,

122 2963 139 2993 5
189 2969 257 3003 quo
283 2958 341 2993 fur
362 2958 449 2992 furti
473 2967 577 3001 agere
599 2957 723 3002 possit.
760 2959 901 2993 Ancilla
924 2959 954 2993 si
978 2959 1198 3004 subripiatur

121 3013 293 3048 praegnas
322 3003 376 3037 vel
409 3002 505 3048 apud
535 3002 649 3037 furem
680 3004 858 3048 concepit,
890 3007 1015 3049 partus
1047 3003 1197 3039 furtivus

121 3052 190 3092 est,
225 3049 296 3084 sive
325 3047 421 3092 apud
449 3047 562 3082 furem
593 3047 717 3082 edatur
746 3049 818 3084 sive
848 3049 942 3093 apud
972 3049 1088 3083 bonae
1116 3049 1198 3084 fidei

120 3104 380 3138 possessorem:
412 3093 474 3127 sed
503 3092 541 3127 in
570 3093 638 3127 hoc
660 3093 856 3137 posteriore
882 3104 969 3129 casu
993 3094 1080 3128 furti
1104 3095 1197 3129 actio

121 3142 248 3174 cessat.
295 3138 358 3174 sed
387 3138 417 3173 si
450 3138 612 3182 concepit
643 3138 739 3182 apud
768 3139 883 3174 bonae
909 3139 991 3174 fidei
1014 3149 1198 3183 possesso-

120 3194 193 3218 rem
215 3183 334 3228 ibique
358 3183 544 3228 pepererit,
570 3183 714 3226 eveniet,
739 3187 779 3217 ut
802 3188 926 3228 partus
950 3184 1101 3218 furtivus
1126 3195 1198 3218 non

121 3229 184 3272 sit,
215 3238 335 3263 verum
368 3229 474 3263 etiam
504 3227 655 3271 usucapi
683 3229 805 3272 possit.
853 3229 945 3264 idem
970 3232 1005 3263 et
1027 3229 1064 3263 in
1087 3239 1197 3274 pecu-

121 3274 224 3308 dibus
259 3273 467 3308 servandum
505 3276 559 3308 est
594 3276 630 3307 et
662 3272 700 3306 in
734 3272 809 3308 fetu
843 3283 983 3318 eorum,
1051 3274 1122 3308 uod
1161 3275 1198 3308 in

122 3322 141 3354 6
188 3321 305 3362 partu.
358 3318 416 3352 Ex
445 3317 584 3352 furtivis
619 3317 716 3362 equis
751 3318 825 3352 nati
856 3319 975 3353 statim
1008 3329 1028 3353 a
1083 3319 1198 3354 bonae

121 3363 202 3398 fidei
232 3366 425 3408 emptorem
448 3363 694 3408 pertinebunt,
727 3363 870 3408 merito,
902 3364 985 3408 quia
1012 3364 1049 3398 in
1078 3363 1198 3399 fructu

121 3412 368 3443 numerantur:
408 3412 446 3443 at
481 3412 605 3454 partus
644 3407 793 3442 ancillae
823 3419 896 3443 non
926 3412 1132 3444 numeratur
1161 3410 1197 3443 in

121 3458 140 3490 7
187 3452 309 3488 fructu
319 3453 344 3487 ⁴.
381 3452 467 3488 Cum
486 3453 546 3488 fur
563 3463 637 3488 rem
653 3452 819 3487 furtivam
839 3453 1054 3489 vendidisset
1073 3454 1198 3497 eique⁵

121 3508 280 3532 nummos
303 3497 409 3541 pretii
431 3498 591 3533 dominus
616 3497 667 3532 rei
690 3508 754 3542 per
777 3498 844 3531 vim
869 3499 1033 3540 extorsit,
1063 3498 1197 3533 furtum

123 3544 226 3577 eum⁶
254 3553 475 3578 nummorum
498 3542 625 3578 fecisse
647 3547 745 3578 recte
768 3553 979 3588 responsum
1002 3547 1073 3578 est:
1105 3544 1198 3578 idem

120 3659 160 3699 (1)
183 3655 389 3688 subtractum
401 3656 434 3688 F
1074 3658 1115 3697 (3)
1141 3656 1196 3688 de-

120 3711 242 3743 ponere
254 3702 287 3733 F
372 3703 414 3742 (4)
438 3700 572 3734 Ancilla
583 3726 590 3733 .
601 3725 610 3733 .
621 3725 628 3733 .
641 3701 778 3743 usucapi
789 3701 901 3742 possit.
933 3702 986 3734 Ex
1002 3701 1135 3733 furtivis
1148 3727 1155 3733 .
1167 3726 1174 3732 .
1186 3725 1194 3733 .

122 3756 186 3778 non
201 3746 394 3787 numeratur
404 3745 439 3777 in
453 3746 574 3779 fructu.
599 3746 685 3778 idem
705 3748 737 3777 et
754 3746 788 3777 in
806 3745 987 3787 pecudibus
999 3746 1194 3778 servandum

499 3655 541 3698 (2)
567 3667 604 3689 οο
616 3656 750 3688 1101111110
762 3656 845 3687 furti
858 3656 927 3698 egit
938 3669 998 3690 scr.

1180 127 1266 177 769

2031 131 2281 174 XXXXVIl
2312 133 2337 172 2

1262 252 1369 288 etiam
1392 252 1425 288 vi
1449 252 1623 288 bonorum
1646 255 1828 297 raptorum
1854 254 1991 290 actione
2014 256 2203 291 tenebitur.
2244 255 2338 300 quod

1263 299 1355 334 enim
1378 309 1423 333 ex
1446 308 1484 333 re
1507 297 1638 331 furtiva
1661 298 1845 341 redigitur,
1876 299 2043 334 furtivum
2075 310 2147 335 11011
2176 310 2253 336 0880
2276 310 2336 335 ne-

1262 344 1346 378 mini
1378 342 1525 378 dubium
1558 345 1628 377 est:
1668 353 1830 378 nummus
1862 355 1944 389 ergo
1974 346 2049 389 1110,
2082 346 2141 390 qui
2172 345 2339 381 redactus

1262 394 1317 423 est
1340 399 1385 423 ex
1407 388 1521 433 pretio
1546 387 1597 422 rei
1621 386 1782 430 furtivae,
1808 400 1879 424 non
1903 394 1956 424 cst
1978 390 2141 426 furtivus.

1309 431 1361 470 49
1398 434 1519 469 GAJUS
1545 432 1645 484 Jz'pro
1678 432 1811 467 decimo
1852 434 1900 468 ad
1935 435 2085 470 edictum
2115 436 2339 481 provinciale

1262 478 1445 513 Interdum
1476 477 1625 518 accidit,
1655 480 1697 511 ut
1726 488 1797 512 non
1827 478 1958 513 habeat
1990 479 2075 514 furti
2099 481 2273 515 actionem
2297 481 2338 523 is,

1264 524 1363 558 cuius
1388 523 1535 557 interest
1557 532 1632 557 rem
1655 521 1788 557 salvam
1812 533 1900 558 esse.
1947 528 1988 558 ut
2010 535 2092 560 ecce
2117 525 2269 560 creditor
2293 526 2338 560 ob

1261 579 1335 603 rem
1361 568 1529 603 debitoris
1555 567 1762 611 subreptam
1785 567 1873 601 furti
1897 578 1998 612 agere
2021 580 2092 604 non
2116 574 2244 622 potest,
2274 570 2340 604 ctsi

1262 613 1404 648 aliunde
1430 612 1602 648 creditum
1622 621 1763 647 servare
1783 623 1853 646 non
1874 614 2003 657 possit:
2029 615 2205 659 loquimur
2222 620 2340 650 autem

1263 658 1398 693 scilicet
1428 658 1472 693 de
1504 668 1546 693 00
1576 667 1631 700 re,
1665 667 1757 701 quae
1787 658 1944 701 pignoris
1975 658 2051 693 iure
2083 660 2238 703 obligata
2269 671 2339 694 non

1266 707 1279 737 1
1331 703 1387 738 sit.
1433 703 1523 738 Item
1546 702 1597 737 rei
1621 701 1750 737 dotalis
1775 702 1932 744 nomine,
1967 714 2057 746 quae
2085 705 2239 747 periculo
2263 716 2339 739 mu-

1261 748 1357 783 lieris
1381 751 1452 791 est,
1478 759 1550 783 non
1574 747 1700 782 mulier
1722 746 1809 781 furti
1833 748 2008 782 actionem
2032 748 2157 791 habet,
2182 749 2242 784 sed
2265 760 2338 784 ma-

1261 793 1364 828 ritus.

1309 837 1361 875 50
1394 837 1588 873 ULPJANUS
1608 837 1698 872 libro
1724 837 1931 882 triqensimo
1951 838 2098 883 septimo
2124 838 2171 872 ad
2190 838 2340 873 edictum

1262 883 1304 917 In
1336 883 1424 917 furti
1455 883 1596 916 actione
1626 893 1699 916 non
1736 881 1831 926 quod
1867 882 2016 916 interest
2050 882 2342 927 quadruplabitur

1264 929 1317 963 vel
1350 927 1573 973 duplabitur,
1613 926 1675 961 sed
1705 928 1756 961 rei
1785 937 1907 961 verum
1937 927 2100 970 pretium.
2155 928 2216 962 sed
2248 932 2283 962 et
2313 929 2342 963 si

1263 983 1320 1008 res
1344 973 1404 1007 in⁷
1429 972 1536 1007 rebus
1560 972 1725 1007 humanis
1749 981 1827 1007 esse
1852 971 2012 1015 desierit,
2048 982 2127 1006 cum
2156 972 2342 1014 iudicatur,

1263 1018 1373 1053 nihilo
1398 1017 1514 1052 minus
1539 1017 1785 1052 condemnatio
1811 1016 1975 1052 facienda
1998 1020 2062 1051 est.
2109 1017 2285 1069 itemque⁸
2309 1022 2344 1052 et

1265 1064 1295 1098 si
1319 1074 1413 1098 nunc
1439 1062 1591 1097 deterior
1615 1062 1680 1106 sit,
1713 1062 1957 1097 aestimatione
1990 1062 2104 1097 relata
2133 1062 2170 1096 in
2198 1062 2234 1096 1d
2256 1066 2342 1097 tem-

1264 1119 1342 1153 pus,
1369 1119 1439 1153 quo
1463 1107 1598 1142 furtum
1621 1107 1756 1142 factum
1777 1111 1842 1142 est.
1879 1106 1974 1152 quod
1993 1107 2022 1141 si
2041 1106 2230 1151 pretiosior
2248 1107 2345 1142 facta

1266 1154 1328 1196 sit,
1361 1154 1437 1188 eius
1463 1153 1626 1197 duplum,
1659 1152 1783 1196 quanti
1806 1156 1910 1195 tunc,
1936 1163 2016 1186 cum
2040 1151 2226 1196 pretiosior
2249 1152 2346 1186 facta

1265 1202 1336 1242 est,
1370 1198 1497 1240 fuerit,
1530 1198 1789 1239 aestimabitur,
1823 1197 1905 1242 quia
1937 1201 1973 1232 et
2002 1200 2088 1231 tunc
2114 1196 2247 1231 furtum
2271 1198 2345 1232 eius

1268 1247 1281 1278 1
1333 1244 1468 1278 factum
1492 1253 1570 1278 esse
1594 1242 1710 1277 verius
1736 1246 1799 1277 est.
1843 1242 1918 1295 Ope
1943 1242 2090 1277 consilio
2114 1241 2247 1276 furtum
2271 1242 2345 1276 fac-

1264 1292 1339 1323 tum
1365 1289 1489 1323 Celsus
1514 1287 1564 1322 ait
1587 1298 1659 1322 non
1683 1287 1816 1330 solum,
1849 1298 1880 1322 81
1908 1287 2040 1322 idcirco
2071 1286 2179 1322 fuerit
2202 1286 2345 1331 factum,

1265 1338 1305 1368 ut
1329 1334 1415 1369 socii
1438 1333 1660 1375 furarentur,
1692 1332 1755 1368 sed
1779 1336 1814 1367 et
1838 1332 1868 1368 si
1892 1343 1979 1374 non,
2010 1336 2051 1367 ut
2075 1332 2163 1367 socii
2185 1331 2345 1366 furaren-

1267 1382 1285 1413 2
1333 1383 1411 1421 tur,
1447 1378 1712 1413 inimicitiarum
1749 1381 1869 1412 tamen
1904 1388 2015 1412 causa
2048 1377 2183 1412 fecerit.
2238 1377 2348 1411 Recte

1265 1424 1396 1459 Pedius
1421 1423 1489 1465 ait,
1523 1423 1615 1458 sicut
1642 1434 1744 1458 nemo
1770 1423 1904 1457 furtum
1928 1423 2016 1457 facit
2039 1422 2114 1457 sine
2139 1422 2218 1456 dolo
2244 1422 2347 1464 malo,

1265 1471 1315 1504 ita
1354 1480 1420 1504 nec
1462 1469 1648 1504 consilium
1687 1469 1742 1503 vel
1774 1478 1877 1512 opem
1909 1467 2003 1503 ferre
2035 1468 2111 1502 sine
2143 1467 2223 1502 dolo
2254 1468 2347 1502 malo

1267 1518 1285 1550 3
1332 1524 1449 1559 posse.
1500 1513 1693 1549 Consilium
1725 1517 1844 1548 autem
1876 1513 1961 1548 dare
1989 1512 2145 1554 videtur,
2178 1512 2236 1557 qui
2268 1523 2346 1560 per-

1266 1560 1393 1594 suadet
1417 1563 1452 1595 et
1474 1559 1624 1604 impellit
1649 1563 1755 1603 atque
1783 1558 1929 1593 instruit
1961 1558 2108 1593 consilio
2139 1557 2183 1592 ad
2214 1557 2348 1592 furtum

1266 1605 1484 1640 faciendum:
1512 1614 1615 1648 opem
1635 1603 1714 1645 fert,
1741 1604 1801 1648 qui
1824 1603 2055 1639 ministerium
2079 1607 2185 1647 atque
2209 1602 2347 1638 adiuto-

1266 1654 1286 1685 4
1334 1650 1425 1685 rium
1450 1649 1496 1684 ad
1519 1649 1767 1693 subripiendas
1792 1659 1848 1683 res
1872 1649 2030 1693 praebet.
2081 1648 2168 1682 Cum
2198 1658 2256 1691 eo,
2289 1648 2350 1692 qui

1266 1706 1423 1740 pannum
1442 1695 1588 1729 rubrum
1606 1694 1761 1729 ostendit
1777 1693 1980 1738 fugavitque
1997 1703 2119 1738 pecus,
2140 1696 2180 1727 ut
2196 1693 2232 1727 in
2252 1692 2348 1727 fures

1266 1740 1447 1783 incideret,
1473 1740 1503 1775 si
1527 1739 1667 1785 quidem
1691 1739 1772 1774 dolo
1797 1740 1889 1773 malo
1915 1739 2017 1781 fecit,
2050 1738 2136 1773 furti
2159 1738 2251 1773 actio
2276 1741 2347 1773 est:

1266 1786 1329 1821 sed
1360 1789 1396 1821 et
1427 1786 1457 1821 si
1488 1796 1561 1820 non
1592 1784 1678 1819 furti
1709 1783 1863 1819 faciendi
1894 1794 2004 1819 causa
2036 1784 2106 1818 hoc
2137 1782 2240 1826 fecit,
2278 1793 2349 1818 non

1267 1831 1370 1865 debet
1399 1830 1592 1875 impunitus
1623 1840 1700 1864 0880
1724 1830 1823 1864 10808
1846 1833 1920 1863 tam
1943 1829 2185 1874 perniciosus:
2217 1828 2348 1863 idcirco

1266 1877 1387 1911 Labeo
1415 1875 1537 1910 scribit
1560 1876 1597 1909 in
1620 1875 1753 1909 factum
1778 1874 1931 1909 dandam
1956 1874 2143 1909 actionem.

1313 1920 1360 1957 51
1394 1921 1517 1956 GAJUS
1545 1920 1635 1955 libro
1661 1921 1764 1954 tertio
1789 1920 1925 1955 decimo
1957 1919 2006 1954 ad
2028 1919 2180 1955 edictum
2229 1919 2347 1954 ,rovin-

1266 1966 1358 2002 ciale
1403 1965 1497 2000 Nam
1521 1969 1556 2000 et
1576 1965 1606 2000 si
1626 1964 1862 2010 praecipitata
1882 1964 1952 1999 sint
1997 1974 2113 2007 ecora,
2139 1963 2234 1999 01118
2256 1964 2347 1999 actio

1267 2011 1386 2046 damni
1409 2010 1558 2045 iniuriae
1583 2010 1686 2054 quasi
1710 2020 1753 2044 ex
1776 2010 1851 2054 lege
1873 2009 1968 2054 Aqui
1983 2009 2019 2043 ia
2043 2009 2197 2044 dabitur.

1312 2055 1365 2093 52
1398 2056 1592 2091 ULPJANUS
1620 2055 1710 2090 libro
1740 2055 1946 2100 triqensimo
1977 2055 2153 2100 septimo⁹
2184 2054 2233 2088 ad
2256 2054 2343 2089 edic-

1267 2106 1339 2137 tum
1387 2101 1425 2137 Si
1449 2100 1527 2146 quis
1552 2100 1655 2135 uxori
1679 2111 1736 2134 res
1760 2099 1878 2134 mariti
1899 2099 2123 2135 subtrahenti
2144 2110 2245 2144 opem
2266 2109 2348 2134 con-

1271 2151 1280 2181 1
1335 2147 1494 2183 siliumve
1520 2145 1848 2187 accommodaverit,
1874 2144 1960 2179 furti
1983 2145 2173 2180 tenebitur.
2222 2144 2291 2179 Sed
2315 2146 2350 2179 et

1267 2193 1296 2228 si
1328 2192 1464 2227 furtum
1493 2202 1572 2226 cum
1603 2201 1645 2226 ea
1675 2190 1777 2232 fecit,
1812 2190 1992 2225 tenebitur
2020 2190 2126 2232 furti,
2160 2201 2240 2224 cum
2271 2190 2349 2234 ipsa

1267 2241 1286 2272 2
1333 2248 1406 2272 non
1435 2240 1611 2271 teneatur.
1667 2235 1753 2280 Ipsa
1784 2246 1924 2280 quoque
1959 2236 1989 2270 si
2021 2245 2123 2280 opem
2154 2234 2225 2270 furi
2256 2235 2347 2275 tulit,

1267 2287 1284 2317 3
1333 2282 1420 2317 furti
1445 2292 1517 2316 non
1540 2281 1735 2323 tenebitur,
1765 2281 1828 2316 sed
1851 2291 1969 2316 rerum
1994 2284 2203 2315 amotarum.
2253 2279 2350 2314 Servi

1267 2338 1347 2363 vero
1379 2327 1434 2362 sui
1464 2326 1606 2362 nomine
1636 2326 1723 2360 furti
1756 2336 1832 2360 eam
1856 2326 1968 2361 teneri
1991 2335 2215 2370 nequaquam
2239 2324 2348 2359 ambi-

1266 2376 1286 2407 4
1333 2372 1484 2417 gendum
1509 2375 1574 2407 est.
1618 2371 1715 2406 Idem
1740 2371 1928 2406 dicendum
1952 2374 2009 2406 est
2031 2375 2067 2406 et
2090 2371 2126 2404 in
2149 2369 2222 2405 filio
2245 2369 2346 2404 fami-

1265 2418 1331 2453 lias
1355 2418 1482 2452 milite:
1509 2428 1592 2451 nam
1615 2417 1692 2461 ipse
1715 2415 1810 2460 patri
1835 2415 1920 2450 furti
1945 2427 2016 2451 non
2039 2415 2234 2457 tenebitur,
2260 2415 2348 2449 servi

1266 2467 1385 2498 autem
1409 2463 1464 2497 sui
1488 2462 1628 2497 nomine
1655 2462 1846 2496 castrensis
1870 2461 2066 2503 tenebitur,
2098 2460 2128 2495 si
2156 2460 2250 2505 patri
2275 2470 2347 2494 ser-

1266 2512 1284 2542 5
1333 2518 1397 2542 vus
1422 2508 1557 2541 furtum
1581 2507 1716 2542 fecerit.
1758 2506 1827 2541 Sed
1852 2507 1881 2541 si
1905 2506 1999 2541 filius
2023 2516 2133 2547 meus,
2159 2505 2217 2550 qui
2241 2505 2349 2539 habet

1266 2558 1447 2588 castrense
1470 2552 1666 2597 peculium,
1698 2551 1833 2586 furtum
1857 2551 1942 2586 mihi
1964 2551 2109 2593 fecerit,
2141 2560 2186 2585 an
2215 2550 2347 2595 possim

1266 2598 1408 2634 actione
1431 2598 1510 2632 utili
1534 2598 1702 2632 adversus
1727 2607 1807 2632 eum
1831 2607 1945 2641 agere,
1970 2595 2159 2631 videndum
2180 2600 2243 2637 est,
2269 2605 2347 2629 cum

1265 2644 1407 2688 habeat,
1433 2643 1527 2678 unde
1552 2642 1762 2678 satisfaciat.
1800 2646 1835 2677 et
1856 2644 1978 2687 potest
2001 2641 2141 2676 defendi
2163 2640 2346 2684 agendum.

1267 2692 1286 2724 6
1333 2690 1391 2723 An
1406 2692 1526 2723 autem
1542 2692 1646 2733 pater
1661 2687 1734 2723 filio
1753 2690 1929 2729 teneatur,
1953 2687 1982 2722 si
2001 2697 2076 2721 rem
2094 2686 2168 2721 eius
2190 2689 2346 2720 castren-

1267 2735 1314 2769 sis
1345 2733 1477 2780 peculii
1504 2733 1736 2774 subtraxerit,
1766 2732 1968 2767 videamus:
2002 2735 2038 2766 et
2066 2734 2187 2775 putem
2218 2729 2346 2764 teneri:

1267 2790 1337 2814 non
1360 2781 1500 2813 tantum
1522 2778 1629 2822 igitur
1652 2777 1785 2811 furtum
1809 2777 1918 2812 faciet
1938 2776 2023 2818 filio,
2049 2776 2111 2812 sed
2134 2776 2239 2810 etiam
2262 2775 2347 2809 furti

1268 2828 1284 2858 7
1334 2823 1523 2859 tenebitur.
1577 2823 1671 2858 Eum
1711 2822 1939 2864 creditorem,
1980 2821 2041 2866 qui
2075 2823 2158 2865 post
2194 2820 2346 2855 solutam

1265 2869 1452 2914 pecuniam
1484 2868 1611 2914 pignus
1641 2878 1712 2902 non
1744 2867 1887 2909 reddat,
1917 2867 2030 2901 teneri
2058 2865 2143 2900 furti
2167 2865 2262 2899 Mela
2286 2865 2345 2905 ait,

1267 2915 1296 2949 si
1322 2914 1459 2949 celandi
1483 2914 1599 2948 animo
1624 2913 1793 2947 retineat:
1821 2911 1916 2956 quod
1936 2922 2059 2946 verum
2084 2920 2161 2945 esse
2181 2909 2344 2944 arbitror.

1268 2963 1286 2994 8
1337 2959 1374 2993 Si
1398 2958 1620 3003 sulpurariae
1644 2961 1726 2992 sunt
1748 2957 1785 2991 in
1809 2967 1894 3001 agro
1916 2961 1951 2991 et
1969 2956 2050 2991 inde
2069 2955 2194 2999 aliquis
2215 2958 2344 2987 terram

1268 3005 1454 3049 egessisset
1478 3003 1770 3046 abstulissetque,
1796 3002 1958 3037 dominus
1981 3000 2068 3035 furti
2092 3002 2186 3043 aget:
2220 2998 2345 3032 deinde

1268 3050 1414 3084 colonus
1434 3048 1601 3083 conducti
1617 3048 1756 3082 actione
1775 3050 2021 3091 consequetur,
2041 3049 2080 3079 ut
2095 3045 2130 3078 id
2147 3044 2261 3094 ipsum
2278 3042 2344 3077 sibi

1268 3098 1286 3128 9
1335 3097 1586 3138 praestaretur.
1635 3092 1673 3127 Si
1704 3102 1826 3127 servus
1855 3096 1939 3126 tuus
1971 3091 2025 3126 vel
2056 3089 2148 3123 filius
2181 3087 2344 3132 pollenda

1267 3140 1474 3174 vestimenta
1512 3138 1726 3183 susceperit,
1772 3147 1818 3171 an
1859 3136 1947 3171 furti
1986 3134 2160 3169 actionem
2199 3132 2343 3182 habeas,

1268 3184 1458 3228 quaeritur.
1500 3188 1535 3218 et
1559 3183 1589 3217 si
1614 3182 1753 3226 quidem
1778 3182 1954 3226 peculium
1979 3179 2069 3215 servi
2094 3177 2260 3229 solvendo
2286 3181 2342 3218 s1t,

1266 3230 1409 3274 Ῑ10108ιο
1446 3228 1578 3263 habere
1611 3227 1699 3262 furti
1729 3227 1919 3262 actionem:
1959 3225 1988 3260 si
2024 3234 2094 3258 non
2129 3222 2237 3273 fuerit
2272 3221 2344 3255 sol-

1266 3273 1398 3316 vendo,
1429 3273 1614 3308 dicendum
1645 3276 1700 3307 est
1730 3283 1800 3307 non
1826 3273 2024 3314 competere
2047 3267 2134 3302 furti
2158 3270 2342 3319 actionem.

1270 3323 1308 3353 10
1358 3318 1427 3354 Sed
1458 3322 1494 3353 et
1525 3318 1555 3352 si
1584 3328 1658 3352 rem
1689 3317 1855 3352 furtivam
1885 3313 2087 3359 imprudens
2120 3322 2197 3355 quls
2222 3314 2344 3346 ement

1271 3367 1305 3397 11
1357 3367 1393 3398 01
1416 3363 1448 3398 01
1473 3363 1643 3407 subrepta
1668 3362 1723 3404 sit,
1748 3361 1893 3396 habebit
1912 3358 1997 3409 furti
2018 3357 2199 3408 acti-onem.
2236 3355 2343 3407 Apud

1266 3409 1469 3443 Labeonem
1493 3408 1645 3443 relatum
1670 3411 1738 3450 est,
1764 3407 1793 3441 si
1818 3404 2008 3448 siliginamo
2035 3412 2110 3445 quls
2136 3401 2279 3442 (11110111,
2303 3405 2344 3434 01

1267 3453 1426 3498 quisquis
1449 3453 1590 3488 nomine
1614 3453 1689 3488 eius
1714 3452 1883 3494 siliginem
1906 3448 2071 3492 petisset,
2103 3445 2135 3480 ei
2159 3445 2274 3496 daret,
2289 3448 2343 3496 ‚et

1267 3498 1409 3543 quidam
1441 3509 1485 3533 ex
1514 3497 1780 3532 transeuntibus
1813 3504 1892 3528 cum
1922 3492 2095 3534 audisset,
2131 3493 2233 3535 petnt
2267 3500 2342 3541 eius

1267 3543 1407 3578 nomine
1432 3547 1467 3578 et
1490 3543 1646 3588 accepit:
1671 3541 1758 3576 furti
1782 3539 1955 3574 actionem
1977 3537 2146 3571 adversus
2168 3544 2257 3577 cum,
2283 3545 2343 3579 qul

1266 3659 1313 3687 est
1332 3658 1366 3688 et
1384 3656 1420 3688 in
1440 3656 1511 3689 fetu
1532 3666 1645 3688 eorum
1664 3666 1724 3685 scr.
1749 3652 1821 3691 (del.
1843 3649 1931 3691 quod
1952 3649 1987 3680 in
2007 3649 2118 3690 partu)
2245 3647 2286 3687 (5)
2314 3646 2343 3679 ci

1266 3702 1305 3732 R.
1322 3701 1508 3744 Stephanus
1578 3703 1621 3740 (6)
1647 3709 1757 3730 eorum
1775 3695 1824 3728 F2
1893 3696 1933 3733 (7)
1959 3694 1995 3725 in
2009 3706 2066 3725 om.
2082 3693 2115 3725 F
2171 3694 2214 3733 (8)
2238 3691 2341 3724 idem-

1265 3757 1327 3786 que
1342 3746 1374 3777 F
1460 3747 1504 3787 (9)
1530 3747 1644 3777 octavo
1658 3745 1715 3776 ins.
1733 3742 1793 3782 ΙΝ,
1812 3741 1873 3773 del.
1887 3739 1937 3772 F2
2028 3738 2087 3779 (10)
2111 3739 2218 3780 potest
2232 3738 2263 3769 F

2032 3795 2071 3824 ΕΠ
