2528 3918
191 108 292 159 XVI
322 112 347 157 3

190 242 310 274 autem
344 235 523 282 separatio
559 244 750 270 causarum
780 233 913 269 iustam
943 233 1119 270 rationem
1150 233 1279 269 habet:

191 284 322 329 quippe
353 292 434 317 cum
465 280 544 324 quis
576 279 682 314 fldem
713 278 818 324 elegit
848 289 916 315 nec
940 279 1139 324 depositum
1162 277 1279 313 reddi-

193 335 268 370 tur,
300 329 488 362 contentus
512 334 590 360 esse
613 324 720 360 debet
743 324 889 370 simplo,
922 335 1004 359 cum
1027 334 1110 359 vero
1136 326 1280 359 extante

191 372 404 409 necessitate
434 370 610 415 deponat,
643 369 772 404 crescit
802 368 972 422 perfidiae
996 369 1130 404 crimen
1155 372 1190 403 et
1212 379 1279 413 pu-

192 417 286 453 blica
316 416 451 451 utilitas
484 414 683 450 coercenda
707 418 762 450 est
785 414 1018 450 vindicandae
1041 414 1091 449 rei
1141 413 1281 448 ublicae

192 471 320 497 causa:
356 464 410 496 est
440 459 533 495 enim
563 459 713 495 inutile¹
736 459 774 494 in
798 459 916 495 causis
940 459 1103 494 huiusmo
1129 458 1142 493 i
1174 457 1280 493 fidem

191 510 210 542 5
258 505 432 550 frangere.
480 504 581 549 Quae
615 504 786 550 depositis
820 505 927 540 rebus
969 504 1164 546 accedunt,
1207 514 1280 539 non

190 555 275 587 sunt
306 550 488 596 deposita,
520 553 561 585 ut
590 554 680 595 puta
710 550 740 585 si
763 550 870 585 homo
895 549 1043 584 vestitus
1069 548 1280 594 deponatur,

191 596 298 632 vestis
323 595 416 631 enim
439 606 512 630 11011
537 599 594 631 001
616 594 797 640 deposita:
832 604 897 630 nec
922 594 952 629 si
977 604 1088 639 equus
1113 604 1195 629 cum
1219 603 1279 628 ca-

191 644 211 677 6
258 641 370 693 pistre
385 667 394 684 ,
426 650 510 675 nam
540 640 638 676 solus
670 650 782 685 equus
807 639 989 685 depositus
1014 642 1079 674 est.
1127 638 1164 674 Si
1194 648 1279 674 coii-

190 690 305 728 vemt,
338 689 379 721 ut
408 685 446 720 111
477 685 637 731 deposito
670 690 706 721 et
740 685 847 730 culpa
870 688 1091 730 praestetur,
1123 687 1204 718 rata
1227 686 1282 718 est

191 731 398 767 conventio:
425 734 630 766 contractus
655 730 747 766 enim
766 731 878 775 legem
899 740 943 765 ex
964 728 1197 764 conventione
1219 738 1279 763 ac-

192 780 210 811 '1
260 776 407 822 cipiunt.
455 775 547 811 Illud
560 786 632 811 non
644 775 826 820 probabis,
846 774 966 810 dolum
986 784 1058 810 non
1079 784 1157 809 esse
1175 783 1279 819 prae-

191 821 358 857 standum
390 820 422 857 si
445 821 666 856 convenerit:
699 831 782 855 nam
813 820 902 855 haec
934 819 1121 855 conventio
1155 822 1282 854 contra

191 867 322 903 bonam
345 866 452 902 fidem
476 870 670 918 contraque
694 866 807 900 bonos
832 875 948 900 mores
973 868 1028 900 est
1051 868 1087 899 et
1109 863 1190 900 ideo
1214 874 1281 899 nec

192 914 212 947 8
259 911 441 957 sequenda
471 915 536 947 est.
584 910 622 946 Si
646 910 854 945 vestimenta
877 909 1053 945 servanda
1081 908 1282 944 balneatori

192 957 277 992 data
307 957 505 1002 perierunt,
539 956 570 992 si
593 955 734 1001 quidem
758 955 891 990 nullam
913 954 1113 991 mercedem
1137 964 1280 989 servan-

192 1002 319 1037 dorum
342 1002 630 1038 vestimentorum
655 1000 804 1045 accepit,
830 1000 983 1045 depositi
1006 1010 1087 1035 eum
1110 999 1224 1034 teneri
1247 1003 1282 1034 et

192 1047 313 1083 dolum
337 1047 525 1082 dumtaxat
548 1050 731 1091 praestare
754 1045 883 1080 debere
906 1049 1014 1090 puto:
1047 1044 1143 1090 quod
1166 1044 1197 1080 si
1221 1054 1281 1079 ac-

192 1095 213 1128 9
261 1092 373 1138 cepit,
407 1102 450 1127 ex
483 1091 672 1127 conducto.
721 1090 759 1125 Si
791 1090 869 1135 quis
905 1101 1045 1126 servum
1078 1089 1280 1125 custodien-

192 1137 276 1173 dum
300 1137 492 1173 coniecerit
513 1137 607 1172 forte
629 1136 667 1171 in
689 1135 895 1180 pistrinum,
929 1135 960 1171 si
983 1135 1124 1181 quidem
1147 1145 1281 1170 merces

190 1183 381 1218 intervenit
424 1181 624 1223 custodiae,
668 1184 754 1226 puto
791 1190 868 1216 esse
902 1181 1079 1216 actionem
1113 1180 1282 1216 adversus

191 1227 435 1274 pistrinarium
467 1237 512 1262 ex
544 1226 740 1262 conducto:
775 1226 805 1261 si
836 1235 919 1261 vero
952 1225 1152 1261 mercedem
1185 1225 1280 1260 acci-

192 1273 333 1318 piebam
357 1283 421 1318 ego
470 1283 511 1307 ro
535 1272 604 1307 hoc
628 1282 749 1313 servo,
783 1281 887 1316 quem
911 1270 948 1306 in
971 1270 1162 1316 pistrinum
1186 1270 1281 1306 acci-

191 1318 332 1363 piebat,
365 1328 410 1353 ex
458 1321 561 1352 ocato
587 1326 643 1351 me
666 1326 772 1361 agere
802 1326 925 1361 posse:
962 1316 1059 1361 quod
1089 1316 1121 1351 si
1152 1325 1283 1361 operae

193 1363 269 1399 eius
306 1363 398 1398 servi
431 1373 511 1397 cuin
543 1361 706 1397 custodia
736 1361 1000 1406 pensabantur,
1037 1361 1141 1407 quasi
1170 1371 1282 1406 genus

192 1408 303 1444 locati
328 1411 364 1443 et
388 1407 555 1443 conducti
578 1407 785 1449 intervenit,
817 1406 880 1442 sed
911 1406 995 1451 quia
1024 1407 1179 1452 pecunia
1210 1417 1283 1442 non

194 1454 320 1496 datur,
345 1452 574 1498 praescriptis
599 1452 716 1487 verbis
742 1451 848 1487 datur
871 1451 985 1487 actio:
1018 1452 1049 1488 si
1080 1462 1162 1488 vero
1195 1451 1283 1487 1111111

194 1498 293 1534 8111111
324 1508 431 1543 quam
463 1497 597 1532 cibaria
653 1498 836 1532 raestabat
866 1507 933 1532 nec
965 1496 1010 1533 de
1039 1497 1158 1543 operis
1182 1497 1281 1542 quic-

197 1546 236 1578 10
283 1553 389 1588 quam
413 1542 595 1585 convenit,
628 1509 782 1588 Sepositi
805 1541 899 1577 actio
924 1546 989 1578 est.
1036 1543 1079 1578 In
1103 1542 1281 1578 conducto

193 1592 229 1624 et
251 1588 370 1624 locato
396 1592 431 1623 et
452 1588 491 1623 in
514 1588 676 1632 negotio,
711 1598 755 1623 ex
778 1598 848 1632 quo
874 1586 1027 1623 diximus
1076 1587 1282 1632 raescriptis

192 1633 308 1668 verbis
332 1633 487 1668 dandam
511 1633 707 1675 actionem,
741 1636 777 1668 et
808 1632 929 1668 dolum
953 1636 989 1668 et
1013 1643 1032 1669 c
1097 1643 1155 1668 am
1177 1643 1281 1678 prae-

192 1678 340 1714 stabunt
399 1678 435 1713 ui
465 1688 606 1713 servum
637 1682 867 1723 receperunt:
901 1681 941 1713 at
971 1678 1001 1714 si
1033 1679 1066 1714 ci
1092 1678 1169 1714 aria
1201 1682 1281 1713 tan-

192 1723 309 1766 tum2,
342 1723 386 1758 do
402 1734 462 1758 um
494 1723 691 1758 dumtaxat.
729 1734 918 1768 sequemur
940 1726 1078 1767 tamen,
1110 1728 1151 1759 ut
1174 1724 1281 1759 Pom-

194 1769 321 1813 ponius
345 1768 415 1812 ait,
441 1771 478 1804 et
502 1768 587 1813 quid
610 1768 815 1804 habuerunt
837 1769 1079 1814 proscriptum
1102 1772 1166 1804 aut
1197 1768 1283 1814 quid

193 1814 415 1856 convenerit,
449 1813 638 1849 dummodo
672 1813 827 1849 sciamus
860 1817 895 1849 et
919 1814 949 1849 si
981 1814 1066 1859 quid
1097 1814 1167 1850 fuit
1197 1824 1281 1859 pro-

192 1859 384 1904 scriptum,
411 1859 531 1894 dolum
555 1863 674 1894 tamen
698 1869 758 1895 eos
783 1862 1029 1904 praestaturos
1078 1859 1115 1895 ui
1137 1870 1281 1904 recepe-

196 1908 232 1939 11
282 1908 384 1947 runt,
409 1904 470 1949 qui
493 1904 591 1940 solus
614 1904 651 1939 in
675 1903 876 1949 depositum
900 1905 1006 1940 venit.
1081 1905 1093 1940 i
1117 1909 1153 1940 te
1176 1914 1280 1950 roga-

192 1959 293 1991 vero,
327 1953 366 1984 ut
395 1960 470 1984 rem
494 1959 608 1984 meam
631 1949 792 1994 perferas
816 1949 863 1984 ad
886 1949 1038 1993 Titium,
1070 1954 1112 1985 ut
1141 1950 1172 1985 is
1205 1960 1283 1985 eam

192 1997 326 2036 servet,
363 2004 435 2039 qua
470 1994 612 2030 actione
647 1998 765 2030 tecum
800 1995 951 2040 experiri
984 2005 1150 2040 possum,
1186 1995 1282 2040 apud

191 2039 426 2084 Pomponium
450 2039 643 2084 quaeritur.
678 2043 714 2075 et
737 2043 842 2085 putat
864 2044 983 2075 tecum
1006 2040 1175 2083 mandati,
1202 2051 1283 2076 cum

192 2095 234 2119 eo
259 2095 361 2136 vero,
387 2085 448 2129 qui
473 2095 533 2120 eas
556 2095 613 2120 res
637 2085 829 2165 recegerit‚
855 2084 1025 2138 depositi:
1059 2086 1090 2121 si
1113 2096 1195 2122 vero
1219 2089 1282 2121 tuo

192 2139 333 2164 nomine
356 2130 551 2174 receperit,
583 2134 624 2164 tu
657 2130 718 2175 qui
744 2141 799 2165 em
830 2130 916 2165 mihi
947 2130 1108 2166 mandati
1138 2130 1281 2173 teneris,

191 2174 251 2209 ille
263 2174 328 2209 tibi
348 2174 511 2227 depositi,
533 2185 639 2220 quam
659 2175 835 2211 actionem
856 2175 942 2210 mihi
961 2176 1161 2221 praestabis
1181 2186 1280 2210 man-

196 2222 236 2254 12
284 2219 359 2254 dati
387 2219 518 2256 iudicio
553 2224 759 2256 conventus.
807 2220 910 2264 Quod
941 2221 973 2256 si
1003 2231 1078 2256 rem
1101 2221 1166 2256 tibi
1189 2220 1281 2264 dedi,

193 2268 253 2306 ut,
277 2264 309 2300 si
331 2264 447 2300 Titius
470 2275 545 2300 rem
569 2276 641 2301 non
664 2265 876 2311 recepisset,
909 2270 950 2301 tu
974 2265 1190 2308 custodires,
1214 2276 1281 2301 nec

194 2319 272 2345 eam
295 2309 447 2355 recepit,
479 2310 670 2346 videndum
702 2314 774 2353 est,
810 2314 929 2346 utrum
960 2311 1112 2356 depositi
1142 2314 1282 2346 tantum

194 2365 241 2389 an
265 2358 301 2390 et
322 2354 480 2390 mandati
504 2355 598 2391 actio
623 2355 680 2390 sit.
717 2359 754 2391 et
771 2355 990 2400 Pomponius
1011 2356 1167 2391 dubitat:
1193 2359 1279 2401 puto

194 2404 313 2434 tamen
335 2399 494 2435 mandati
519 2411 597 2436 esse
620 2401 807 2442 actionem,
832 2401 916 2446 quia
933 2401 1072 2445 plenius
1092 2400 1162 2436 fuit
1179 2411 1279 2436 man-

199 2447 237 2479 13
284 2444 408 2480 datum
438 2445 575 2481 habens
608 2449 643 2480 et
675 2445 859 2481 custodiae
880 2446 1003 2490 legem.
1050 2446 1150 2481 Idem
1173 2446 1278 2482 Pom-

196 2489 321 2534 ponius
345 2490 502 2534 quaerit,
528 2490 558 2526 si
581 2491 647 2525 tibi
670 2490 904 2533 mandavero,
931 2495 969 2526 111
991 2501 1066 2526 rem
1090 2491 1136 2526 ab
1161 2491 1278 2536 aliquo

195 2544 271 2569 meo
296 2534 438 2570 nomine
461 2539 642 2581 receptam
667 2535 860 2578 custodias,
884 2535 992 2581 idque
1015 2535 1153 2579 feceris,
1179 2546 1278 2571 man-

196 2579 267 2614 dati
298 2589 345 2614 an
375 2579 526 2624 depositi
556 2580 722 2616 tenearis.
760 2584 796 2616 et
818 2581 929 2626 magis
961 2581 1091 2626 probat
1122 2580 1281 2616 mandati

200 2626 238 2658 14
286 2634 363 2659 0000
373 2624 561 2666 actionem,
574 2625 724 2670 quiahic
734 2626 930 2671 estprimus
941 2629 1157 2662 contractus.
1182 2626 1280 2661 Idem

194 2668 409 2720 Pomponius
440 2671 596 2714 quaerit,
628 2671 659 2706 si
690 2670 786 2716 apud
818 2675 854 2707 te
885 2671 1059 2707 volentem
1091 2681 1147 2707 me
1170 2671 1279 2716 depo-

195 2723 279 2765 nere
301 2714 446 2749 iusseris
470 2715 566 2760 apud
590 2715 754 2751 libertum
780 2720 879 2751 tuum
903 2716 1101 2761 deponere,
1126 2727 1173 2752 an
1196 2726 1279 2761 pos-

194 2768 260 2793 sim
291 2762 408 2794 tecum
432 2759 584 2804 depositi
607 2761 769 2806 experiri.
806 2764 842 2797 et
872 2761 940 2804 811,
973 2762 1003 2797 01
1035 2765 1097 2797 1110
1127 2761 1279 2804 1101111110,

193 2803 263 2838 1100
287 2807 342 2838 001
365 2804 467 2856 quasi
490 2809 526 2840 te
550 2806 791 2849 custodituro,
817 2806 1079 2851 deposuissem,
1110 2806 1197 2842 mihi
1226 2810 1280 2842 te·

195 2858 276 2883 cum
300 2847 452 2900 depositi
484 2859 562 2885 esse
594 2851 787 2887 actionem:
820 2851 851 2887 si
881 2862 963 2888 vero
996 2852 1151 2888 suaseris
1182 2851 1279 2895 1111111,

195 2896 236 2928 111
257 2902 376 2945 ‘magis
408 2894 505 2938 apud
537 2905 616 2930 eum
649 2895 845 2941 deponam,
880 2900 999 2933 tecum
1033 2897 1167 2932 nullam
1202 2906 1280 2932 esse

194 2941 392 2989 actionem,
413 2948 505 2990 ‚cum
535 2940 596 2975 illo
620 2940 773 2986 depositi
796 2941 891 2977 actio
917 2945 989 2977 est:
1021 2952 1089 2978 nec
1119 2941 1279 2977 mandati

194 2985 339 3035 teneris,
362 2992 446 3027 quia
468 2994 542 3019 rem
565 2995 680 3021 meam
701 2987 805 3030 gessi.
839 2986 902 3023 sed
925 2987 956 3022 si
979 2986 1159 3022 mandasti
1182 2986 1278 3029 milii,

195 3030 235 3063 ut
265 3027 423 3079 periculo
446 3031 519 3080 ,tuo
551 3029 646 3074 apud
681 3041 761 3066 eum
797 3031 992 3077 deponam,
1029 3042 1094 3067 cur
1127 3042 1199 3068 non
1233 3032 1281 3067 sit

191 3071 353 3108 mandati
384 3076 498 3115 actio,
529 3085 601 3109 non
632 3075 744 3111 video.
780 3076 887 3121 plane
917 3077 948 3112 si
979 3076 1184 3113 fideiussisti
1213 3087 1278 3122 pro

197 3126 259 3159 eo,
290 3117 414 3169 Labeo
446 3118 645 3155 omnimodo
680 3120 921 3157 fideiussorem
956 3122 1068 3157 teneri
1102 3122 1172 3164 ait,
1207 3132 1279 3157 non

194 3165 336 3215 tant-um
359 3172 390 3197 01
412 3162 494 3215 dolo
518 3162 603 3198 fecit
624 3164 655 3199 is
687 3166 747 3210 qui
779 3166 978 3211 depositum
1010 3167 1184 3212 suscepit,
1216 3166 1280 3202 sed

195 3210 232 3242 et
253 3217 285 3242 si
307 3217 379 3242 non
402 3206 507 3250 fecit,
532 3212 587 3243 est
609 3212 727 3244 tamen
751 3221 807 3246 res
831 3211 928 3256 apud
952 3222 1042 3247 eum.
1103 3211 1164 3247 uid
1188 3211 1280 3247 enim

194 3251 226 3304 01
247 3251 382 3287 fureret
404 3252 455 3295 is,
479 3262 502 3287 8
528 3252 577 3288 1111
600 3264 701 3297 quem
726 3254 925 3300 depositum
949 3257 1013 3299 sit,
1047 3267 1088 3292 ve
1124 3256 1279 3302 pupillus

194 3299 259 3339 011,
283 3296 337 3332 vel
359 3306 475 3349 neque
523 3307 599 3333 eres
624 3308 736 3343 neque
760 3300 934 3336 bonorum
958 3311 1142 3346 possessor
1165 3311 1280 3346 neque

194 3351 383 3377 successor
401 3352 476 3378 eius
496 3344 677 3378 exstaret?
711 3345 889 3380 tenebitur
915 3356 1009 3391 ergo,
1034 3350 1074 3382 ut
1093 3345 1156 3381 id³
1172 3356 1277 3391 prae-

197 3389 238 3421 15
285 3389 374 3429 stet,
406 3386 504 3432 quod
533 3387 685 3433 depositi
709 3389 848 3425 actione
871 3391 1047 3435 praestari
1070 3391 1171 3427 solet.
1219 3391 1277 3426 An

194 3430 232 3466 in
254 3430 446 3484 pupillum,
480 3431 577 3477 apud
600 3442 703 3477 quem
727 3433 804 3468 sine
828 3435 955 3471 tutoris
979 3436 1192 3472 auctoritate
1216 3435 1277 3471 de-

195 3479 350 3556 Bositum
370 3480 434 3518 est,
459 3476 610 3522 depositi
629 3477 723 3513 actio
745 3478 858 3521 detur,
884 3481 1075 3524 quaeritur.
1112 3480 1174 3516 sed
1192 3491 1276 3526 pro-

220 3521 273 3555 ari
304 3524 463 3566 oportet,
496 3521 527 3558 si
558 3521 654 3567 apud
678 3521 750 3558 doli
772 3523 855 3558 mali
878 3524 948 3560 iam
972 3535 1142 3571 capacem
1166 3525 1276 3571 depo-

194 3565 320 3609 sueris,
339 3565 526 3612 agiposse,
545 3566 576 3603 si
595 3566 715 3603 dolum
736 3568 926 3604 commisit:
951 3580 1033 3605 nam
1052 3574 1087 3606 et
1104 3570 1142 3606 in
1163 3581 1275 3616 quan·

196 3680 235 3719 (1)
249 3680 450 3714 coercendae
462 3683 496 3714 et
508 3680 747 3714 vindicandae:
759 3679 810 3713 rei
823 3679 978 3723 publicae
987 3685 1038 3715 est
1049 3683 1138 3716 enim
1149 3683 1271 3716 inutile

194 3736 257 3759 scr.
328 3728 370 3768 (2)
396 3725 438 3758 do
452 3727 511 3759 ins.
522 3739 532 3759 .·
544 3724 639 3759 dabit
652 3726 709 3759 ine.
724 3724 776 3758 1⁷⁷²
844 3728 887 3767 (3)
913 3727 991 3759 11110
1001 3727 1045 3759 F¹
1114 3730 1157 3770 (4)
1182 3731 1269 3761 cete-

1269 107 1349 155 210

1342 3683 1456 3725 risque
1468 3684 1716 3718 successoribus
1730 3685 1789 3719 ine.
1803 3684 1857 3718 Ρ*

1342 3731 1376 3761 et
1387 3729 1469 3763 Hal.

1349 236 1425 268 tum
1448 232 1659 277 locupletior
1681 232 1800 269 factus
1825 236 1897 276 est,
1927 231 2034 268 datur
2065 232 2159 269 actio
2181 232 2220 268 in
2242 243 2322 268 eum
2346 235 2382 268 et
2404 232 2435 268 si

1352 281 1393 313 16
1441 277 1544 313 dolus
1579 288 1653 314 non
1686 278 1886 314 intervenit.
1934 277 1972 313 Si
2003 287 2061 313 res
2092 277 2254 330 deposita
2283 277 2436 313 deterior

1350 322 1531 365 reddatur,
1556 323 1659 368 quasi
1681 333 1755 359 non
1777 323 1918 358 reddita
1941 322 1998 367 agi
2019 322 2172 375 depositi
2190 325 2327 368 potest:
2353 333 2434 358 cum

1351 367 1443 403 enim
1475 367 1630 403 deterior
1651 367 1829 411 redditur,
1861 371 1980 413 potest
2004 367 2073 402 dici
2097 367 2178 403 dolo
2202 367 2294 403 malo
2318 367 2434 402 reddi·

1353 416 1391 447 17
1440 416 1515 447 tam
1538 423 1611 448 non
1628 422 1717 449 esse.
1766 413 1804 449 Si
1823 423 1945 449 servus
1965 423 2065 448 meus
2086 412 2299 458 deposuerit,
2326 412 2434 447 nihilo

1353 459 1394 493 18
1441 457 1558 493 minus
1590 457 1742 504 depositi
1763 458 1904 494 habebo
1929 458 2117 493 actionem.
2165 456 2204 493 Si
2233 457 2330 502 apud
2361 467 2435 492 sei·-

1349 513 1431 538 vum
1455 502 1653 548 deposuero
1677 507 1714 539 et
1737 514 1818 539 cum
1842 503 2058 538 manumisso
2091 513 2212 547 agam,
2242 502 2435 538 Marcellus

1350 548 1401 583 ait
1436 558 1503 583 nec
1538 551 1660 584 tenere
1694 548 1889 591 actionem,
1933 548 2091 593 quamvis
2127 547 2280 583 solemus
2321 547 2436 582 dicere

1350 592 1422 628 doli
1457 592 1563 627 etiam
1597 592 1635 628 in
1669 594 1838 629 servitute
1873 593 2051 628 commissi
2086 592 2197 628 teneri
2236 602 2340 638 quem
2375 592 2435 627 110-

1351 638 1453 680 bere,
1490 637 1575 690 quia
1610 641 1646 674 et
1680 638 1810 674 delicta
1845 641 1881 673 et
1915 648 2030 673 noxae
2073 641 2183 683 caput
2221 641 2434 683 sequuntur:

1352 683 1418 718 erit
1454 682 1565 727 igitur
1606 682 1653 718 ad
1693 683 1781 719 alias
1824 683 1983 718 actiones
2026 686 2267 728 competentes
2309 682 2435 718 decur-

1354 730 1395 763 19
1441 727 1601 763 rendum.
1659 728 1759 764 Haec
1793 728 1887 764 actio
1930 728 2105 763 bonorum
2146 727 2436 773 11000000011111104

1351 777 1387 808 01
1421 772 1472 815 01,
1514 773 1572 808 0111
1612 783 1656 808 ex
1690 773 1914 809 Trebelliano
1958 776 2103 809 senatus
2139 773 2300 808 consulto
2334 772 2435 807 resti-

1350 821 1393 853 20
1440 821 1520 853 11118
1540 821 1594 854 001
1619 818 1809 861 hereditas,
1837 818 2016 863 competit.
2064 817 2147 853 Non
2173 821 2311 853 tantum
2334 828 2436 863 prae-

1352 863 1479 898 teritus
1513 862 1615 898 dolus
1650 863 1687 899 in
1719 863 1870 909 depositi
1902 863 2041 898 actione
2072 862 2206 906 veniet,
2238 862 2301 898 sed
2331 863 2437 898 etiam

1351 911 1391 943 21
1440 907 1602 951 futurus,
1638 908 1675 944 id
1709 912 1764 944 est
1797 912 1880 954 post
1913 908 2010 944 litem
2046 911 2293 944 contestatam.
2349 908 2437 943 Inde

1350 953 1476 989 scribit
1484 953 1663 996 Neratius,
1684 953 1715 989 si
1734 964 1792 989 res
1814 953 1977 999 deposita
1996 953 2072 988 sine
2091 953 2172 989 dolo
2193 953 2286 988 malo
2307 953 2438 988 amissa

1351 998 1398 1033 sit
1421 1001 1456 1034 et
1487 1002 1570 1044 post
1599 998 1770 1034 iudicium
1800 1002 1988 1044 acceptum
2018 998 2295 1044 reciperaretur,
2328 998 2436 1033 nihilo

1351 1043 1465 1079 minus
1509 1047 1606 1079 reete
1640 1044 1687 1079 ad
1721 1044 1981 1079 restitutionem
2015 1045 2139 1079 reum-'¹
2174 1043 2338 1096 compelli
2372 1053 2438 1078 nec

1351 1089 1481 1124 debere
1493 1089 1638 1132 absolvi,
1652 1089 1719 1124 nisi
1729 1089 1906 1124 restituat.
1939 1089 2033 1124 idem
2044 1088 2212 1124 Neratius
2232 1092 2293 1131 ait,
2315 1098 2437 1134 quam-

1350 1134 1402 1169 vis
1427 1138 1513 1170 tunc
1536 1138 1654 1170 tecum
1686 1134 1729 1170 de
1756 1134 1837 1170 ositi
1868 1138 1987 1170 actum
2018 1134 2083 1176 sit,
2116 1144 2198 1169 cum
2228 1133 2438 1169 restituendi

1350 1179 1559 1215 facultatem
1582 1190 1655 1215 non
1677 1180 1725 1215 ha
1751 1190 1812 1216 eas
1836 1179 1972 1215 horreis
1994 1179 2088 1214 forte
2111 1179 2230 1222 clusis,
2254 1183 2383 1221 tamen,
2408 1178 2439 1214 si

1351 1228 1435 1260 ante
1467 1224 1795 1261 condemnationem
1825 1224 2038 1260 restituendi
2059 1224 2269 1260 facultatem
2291 1224 2436 1266 habeas,

1353 1270 1662 1306 condemnandum
1685 1274 1720 1306 te
1751 1270 1820 1306 nisi
1850 1270 2039 1313 restituas,
2070 1269 2155 1315 quia
2183 1280 2241 1305 res
2275 1279 2296 1304 a
2323 1269 2371 1304 ud
2403 1273 2438 1303 te

1352 1319 1425 1351 est:
1457 1318 1544 1351 tunc
1569 1316 1662 1351 enim
1685 1315 1949 1362 quaerendum,
1981 1325 2028 1350 an
2059 1315 2140 1351 dolo
2173 1315 2266 1350 malo
2315 1314 2437 1357 eceris,

1352 1363 1394 1395 22
1443 1371 1524 1396 cum
1547 1371 1623 1397 rem
1646 1372 1719 1397 non
1742 1361 1866 1396 habes.
1914 1360 1984 1396 Est
2008 1363 2127 1396 autem
2151 1363 2186 1396 et
2209 1359 2306 1405 apud
2329 1360 2435 1395 Iulia-

1352 1417 1438 1441 num
1468 1406 1560 1442 libro
1593 1406 1698 1442 tertio
1735 1406 1870 1442 decimo
1907 1406 2120 1450 digestorum
2155 1405 2326 1451 scriptum
2358 1415 2438 1440 eum

1352 1451 1412 1496 qui
1434 1461 1509 1487 rem
1534 1451 1699 1497 deposuit
1718 1452 1839 1487 statim
1858 1461 1965 1497 posse
1984 1450 2137 1496 depositi
2155 1451 2297 1486 actione
2315 1461 2436 1495 agere:

1350 1496 1420 1532 1100
1445 1497 1537 1532 0111111
1560 1497 1639 1542 ipso
1665 1497 1747 1532 dolo
1778 1496 1899 1533 facere
1932 1507 2012 1532 eum
2043 1496 2103 1542 qui
2135 1496 2311 1541 suscepit,
2343 1495 2438 1541 quod

1350 1542 1551 1587 reposcenti
1574 1553 1649 1578 rem
1673 1553 1744 1578 non
1762 1542 1898 1578 reddat.
1946 1541 2138 1577 Marcellus
2159 1546 2277 1577 autem
2298 1541 2348 1576 ait
2366 1551 2438 1576 non

1351 1597 1492 1632 semper
1515 1587 1624 1623 videri
1647 1597 1755 1633 posse
1778 1587 1859 1624 dolo
1884 1586 2003 1623 facere
2027 1597 2125 1630 eum,
2157 1586 2217 1632 qui
2240 1586 2439 1631 reposcenti

1351 1643 1425 1668 non
1447 1632 1593 1668 reddat:
1628 1633 1713 1678 quid
1737 1632 1830 1668 0111111
1854 1633 1884 1668 01
1908 1632 1943 1667 111
1967 1631 2150 1678 provincia
2172 1642 2229 1667 res
2253 1632 2300 1668 sit
2323 1631 2379 1667 vel
2402 1631 2439 1666 111

1351 1677 1508 1721 horreis,
1540 1689 1692 1723 quorum
1724 1677 1998 1723 aperiendorum
2022 1676 2326 1713 condemnationis
2350 1680 2438 1712 tem-

1351 1733 1439 1768 pore
1462 1733 1534 1758 non
1558 1723 1605 1758 sit
1626 1723 1806 1758 facultas?
1848 1723 1903 1758 vel
1928 1722 2089 1758 condicio
2114 1722 2158 1758 de
2184 1722 2343 1758 ositionis
2367 1732 2439 1757 non

1351 1771 1394 1803 23
1443 1769 1603 1804 exstitit?
1648 1768 1753 1804 Hanc
1776 1769 1953 1804 actionem
1977 1768 2093 1803 bonae
2115 1767 2140 1803 fi
2167 1767 2199 1803 ei
2224 1777 2302 1803 esse
2333 1766 2436 1802 dubi-

1351 1816 1396 1848 24
1442 1813 1512 1848 tari
1546 1824 1619 1850 non
1654 1816 1807 1859 oportet.
1854 1813 1905 1848 Et
1927 1813 2006 1849 ideo
2039 1816 2076 1848 et
2104 1812 2244 1849 fructus
2275 1812 2312 1847 in
2345 1812 2439 1847 hanc

1351 1858 1528 1894 actionem
1551 1858 1670 1894 venire
1693 1862 1729 1894 et
1752 1869 1889 1894 omnem
1914 1869 2060 1894 causam
2083 1862 2119 1893 et
2141 1862 2293 1904 partum,
2318 1857 2438 1893 dicen-

1352 1907 1394 1939 25
1443 1904 1527 1939 dum
1551 1907 1616 1946 est,
1641 1915 1686 1940 ne
1709 1904 1806 1940 nuda
1829 1914 1886 1942 res
1910 1904 2039 1939 veniat.
2088 1903 2126 1938 Si
2145 1914 2219 1939 rem
2241 1903 2439 1948 depositam

1351 1949 1541 1985 vendidisti
1573 1959 1720 1995 eamque
1743 1953 1871 1995 postea
1892 1948 2074 1985 redemisti
2096 1948 2134 1984 in
2158 1959 2303 1984 causam
2328 1948 2437 2000 depo-

1351 1994 1421 2037 siti,
1447 1994 1586 2030 etiamsi
1609 1995 1686 2030 sine
1709 1994 1790 2031 dolo
1815 1994 1908 2030 malo
1932 1998 2059 2040 postea
2082 1993 2244 2040 perierit,
2269 1997 2380 2029 teneri
2403 1997 2439 2028 te

1351 2042 1395 2075 26
1443 2040 1606 2085 depositi,
1629 2040 1713 2085 quia
1725 2039 1834 2076 semel
1845 2039 1927 2075 dolo
1940 2039 2067 2082 fecisti,
2088 2050 2169 2075 cum
2180 2038 2359 2075 venderes.
2396 2038 2438 2073 In

1352 2088 1395 2120 27
1444 2085 1597 2130 depositi
1628 2096 1770 2131 quoque
1800 2085 1942 2121 actione
1971 2085 2009 2120 in
2041 2084 2138 2120 litem
2161 2084 2310 2120 iuratur.
2356 2083 2438 2135 Non

1351 2130 1465 2166 solum
1489 2130 1520 2166 si
1543 2140 1665 2166 servus
1690 2141 1800 2173 meus,
1825 2130 1888 2166 sed
1913 2133 1947 2166 et
1970 2130 2002 2166 si
2019 2129 2050 2165 is
2072 2130 2132 2175 qui
2153 2130 2247 2165 bona
2265 2128 2335 2164 fide
2353 2128 2439 2164 mihi

1351 2175 1483 2211 serviat
1505 2186 1581 2211 rem
1613 2175 1836 2221 deposuerit,
1868 2175 2119 2221 aequissimum
2151 2175 2217 2210 erit
2247 2174 2324 2210 dari
2354 2173 2439 2209 mihi

1351 2223 1395 2256 28
1443 2220 1631 2263 actionem,
1653 2221 1684 2256 si
1701 2231 1776 2256 reni
1795 2221 1842 2256 ad
1854 2231 1909 2256 me
1920 2221 2155 2266 pertinentem
2169 2219 2344 2265 deposuit.
2382 2218 2437 2254 Si-

1350 2265 1424 2301 mili
1448 2265 1553 2302 modo
1578 2269 1615 2301 et
1637 2266 1668 2301 si
1692 2276 1796 2301 usum
1818 2265 1976 2302 fructum
2006 2266 2044 2300 in
2074 2275 2175 2301 servo
2206 2265 2376 2307 habeam,
2407 2264 2438 2299 si

1350 2311 1387 2346 id
1434 2311 1507 2346 uod
1530 2310 1696 2356 deposuit
1719 2321 1763 2346 ex
1787 2321 1828 2346 eo
1852 2311 1992 2356 peculio
2010 2310 2081 2346 fuit
2098 2309 2194 2355 quod
2215 2309 2261 2345 ad
2281 2320 2336 2345 me
2355 2319 2436 2355 per-

1350 2322 1488 2391 111101181
1518 2356 1573 2391 vel
1605 2366 1662 2391 res
1686 2366 1766 2391 mea
1788 2355 1876 2399 fuit,
1910 2355 2034 2391 eadem
2064 2356 2206 2391 actione
2237 2365 2341 2399 agere
2372 2364 2436 2434 flo-

1350 2403 1393 2436 29
1440 2404 1529 2436 tero.
1577 2401 1666 2436 Item
1690 2401 1720 2436 si
1740 2411 1862 2437 servus
1879 2400 2114 2436 hereditarius
2135 2399 2349 2446 deposuerit,
2400 2409 2436 2435 e-

1350 2449 1393 2481 30
1440 2445 1516 2481 redi
1545 2450 1672 2491 postea
1703 2446 1850 2481 adeunti
1885 2445 2055 2491 competit
2086 2446 2192 2482 actio.
2240 2444 2279 2480 Si
2313 2454 2436 2480 servus

1350 2490 1532 2536 deposuit,
1567 2491 1639 2527 sive
1662 2491 1757 2526 vivat
1779 2491 1852 2527 sive
1876 2491 2087 2534 decesserit,
2121 2490 2254 2526 utiliter
2276 2489 2436 2525 dominus

1349 2536 1418 2571 hac
1442 2536 1583 2571 actione
1607 2536 1819 2581 experietur.
1855 2537 1932 2581 ipse
1956 2540 2075 2572 autem
2098 2545 2221 2572 servus
2245 2535 2436 2570 manumis-

1350 2591 1411 2616 sus
1434 2591 1507 2616 non
1530 2581 1662 2626 poterit
1685 2592 1808 2627 agere:
1832 2581 1895 2617 sed
1919 2585 1955 2617 et
1978 2581 2009 2617 si
2032 2581 2141 2617 fuerit
2163 2580 2348 2622 alienatus,
2372 2579 2436 2615 ad-

1349 2626 1420 2661 huc
1454 2626 1486 2661 ei
1517 2626 1686 2671 competit
1718 2627 1812 2662 actio
1844 2626 1946 2662 cuius
1975 2626 2046 2662 fuit
2076 2636 2197 2662 servus
2222 2637 2303 2662 cum
2326 2625 2435 2670 depo-

1350 2674 1390 2706 31
1440 2675 1559 2707 neret:
1572 2671 1712 2706 initium
1725 2672 1818 2707 enim
1831 2674 2037 2707 contractus
2049 2670 2284 2717 spectandum
2297 2674 2361 2706 est.
2398 2669 2436 2705 Si

1350 2716 1501 2752 duorum
1525 2727 1646 2752 servus
1671 2716 1718 2752 sit
1741 2717 1802 2762 qui
1834 2716 2019 2762 deposuit,
2050 2716 2243 2761 unicuique
2274 2715 2434 2751 domino-

1349 2764 1392 2797 32
1439 2772 1519 2797 rum
1541 2762 1579 2797 in
1602 2764 1739 2806 partem
1764 2762 1933 2807 competit
1956 2761 2116 2807 depositi.
2165 2761 2203 2797 Si
2214 2772 2288 2797 rem
2301 2770 2434 2796 aservo

1349 2806 1546 2852 depositam
1558 2807 1665 2849 Titio,
1691 2817 1795 2852 quem
1818 2807 1997 2842 dominum
2017 2807 2092 2842 eius
2111 2806 2245 2852 putasti
2263 2816 2344 2842 011111
2363 2815 2434 2841 11011

1349 2855 1454 2894 00001,
1478 2851 1705 2892 restituisses,
1730 2852 1881 2897 depositi
1904 2852 2047 2888 actione
2069 2855 2106 2887 te
2128 2862 2201 2887 non
2223 2850 2335 2887 teneri
2356 2849 2433 2886 cel-

1349 2907 1410 2932 sus
1433 2897 1501 2940 ait,
1527 2898 1610 2943 quia
1632 2897 1750 2932 nullus
1774 2896 1877 2932 dolus
1900 2897 2120 2932 intercessit:
2146 2907 2227 2932 cum
2250 2895 2345 2931 Titio
2368 2905 2433 2930 au-

1348 2946 1439 2984 tem,
1465 2942 1522 2978 cui
1545 2952 1602 2978 res
1625 2942 1791 2977 restituta
1814 2945 1887 2985 est,
1912 2941 2075 2978 dominus
2099 2941 2191 2978 servi
2214 2943 2312 2986 aget:
2346 2939 2434 2976 sed⁶

1348 2986 1380 3022 si
1403 2986 1618 3030 exhibuerit,
1650 2986 1901 3029 vindicabitur,
1933 2987 1965 3022 si
1987 2997 2089 3030 vero,
2122 2997 2203 3022 cuin
2227 2986 2334 3022 sciret
2356 2995 2434 3021 esse

1349 3031 1514 3075 alienum,
1535 3032 1805 3077 consumpserit,
1826 3032 2130 3075 condemnabitur,
2151 3031 2235 3077 quia
2254 3031 2335 3067 dolo
2348 3030 2434 3066 fecit

1349 3079 1391 3112 33
1440 3087 1510 3122 quo
1533 3077 1648 3112 minus
1673 3076 1881 3121 possideret.
1928 3077 2122 3123 Eleganter
2141 3076 2238 3122 apud
2256 3075 2433 3112 Iulianum

1349 3122 1550 3167 quaeritur,
1574 3121 1604 3157 si
1627 3122 1816 3167 pecuniam
1839 3133 1961 3158 servus
1985 3122 2082 3168 apud
2103 3132 2160 3158 me
2184 3121 2228 3157 de
2253 3121 2348 3157 osuit
2369 3120 2431 3163 ita,

1348 3171 1389 3202 ut
1412 3166 1553 3202 domino
1577 3177 1643 3212 pro
1666 3167 1830 3203 libertate
1850 3167 1926 3203 eius
1946 3167 2036 3210 dem,
2061 3177 2197 3213 egoque
2245 3166 2361 3208 edero,
2384 3175 2432 3201 an

1348 3215 1473 3247 tenear
1494 3211 1666 3256 depositi.
1704 3215 1740 3248 et
1770 3212 1861 3247 libro
1893 3213 1998 3248 tertio
2032 3212 2192 3248 decimo⁷
2216 3211 2431 3257 digestorum

1348 3256 1483 3299 scribit,
1507 3256 1539 3292 si
1562 3256 1702 3301 quidem
1725 3257 1777 3293 sic
1801 3257 1931 3293 dedero
1955 3257 2058 3302 quasi
2081 3257 2127 3292 ad
2149 3257 2220 3292 hoc
2243 3266 2352 3301 penes
2375 3265 2432 3291 me

1348 3301 1544 3346 depositam
1568 3306 1673 3347 teque
1697 3301 1945 3345 certioravero,
1970 3313 2042 3338 non
2067 3305 2268 3347 competere
2287 3300 2352 3336 tibi
2369 3300 2430 3336 110-

1373 3346 1455 3381 00111
1478 3346 1672 3389 actionem,
1709 3347 1792 3392 quia
1823 3346 1939 3383 sciens
1970 3346 2154 3392 recepisti,
2187 3356 2292 3383 careo
2323 3345 2431 3391 igitur

1347 3357 1448 3426 5010:
1481 3390 1514 3426 si
1544 3402 1625 3427 vero
1658 3392 1761 3438 quasi
1790 3402 1905 3427 meam
1928 3402 1993 3437 pro
2018 3392 2183 3427 libertate
2207 3391 2283 3427 eius
2307 3401 2429 3427 11111110-

1346 3445 1490 3477 ravero,
1524 3436 1682 3472 tenebor.
1719 3447 1812 3482 quae
1834 3437 2035 3472 001110111111,8
2059 3447 2142 3472 vera
2165 3436 2251 3472 mihi
2274 3435 2429 3472 videtur:

1345 3480 1404 3516 hic
1436 3481 1527 3516 enim
1559 3492 1630 3517 non
1664 3485 1803 3517 tantuin
1834 3481 1911 3517 sine
1942 3481 2023 3517 dolo
2055 3481 2147 3517 111810
2171 3492 2243 3517 11011
2266 3480 2429 3533 reddidit,

1345 3524 1408 3561 sed
1431 3536 1497 3561 nec
1519 3526 1691 3562 reddidit:
1717 3526 1815 3562 aliud
1837 3530 1894 3562 est
1916 3527 2009 3562 enim
2026 3526 2184 3569 reddere,
2209 3525 2307 3561 aliud
2328 3535 2430 3571 quasi

1346 3572 1390 3606 34
1436 3570 1481 3606 110
1512 3581 1577 3607 0110
1610 3571 1706 3607 dare.
1754 3571 1792 3607 Si
1813 3571 1968 3617 pecunia
1991 3571 2087 3618 apud
2110 3574 2146 3607 te
2169 3571 2215 3607 ab
2237 3570 2336 3607 initio
2359 3570 2428 3606 hac

1957 3693 1998 3725 (51
2023 3696 2133 3718 rerum
2145 3684 2197 3718 17¹²
2288 3687 2332 3727 (e)
2356 3684 2427 3724 sed]

1565 3731 1608 3772 (7)
1632 3730 1760 3763 decimo
1773 3731 1850 3764 add.
1862 3730 1914 3764 1³²
2008 3732 2053 3773 (8)
2077 3730 2187 3764 sentia
2198 3730 2234 3763 F

2223 119 2432 154 nnrosrrl
2481 0 2528 175 1

2502 177 2516 213 1

2502 217 2515 266 i
