2528 3918
93 108 154 141 DE
184 107 378 141 SENATUS
407 107 642 141 CONSULTO
672 105 986 139 TERTULLIANO

90 226 109 258 7
159 226 237 260 erat
258 222 450 270 proximus.
498 220 671 256 Placebat
693 222 813 255 autem
829 219 867 254 in
888 229 929 255 eo
949 228 1077 264 genere
1097 227 1176 269 pcr-

91 269 332 314 cipiendarum
355 267 593 303 hereditatum
616 264 878 302 successionem
910 276 982 300 non
1015 274 1111 306 esse,
1142 262 1178 297 ld

90 319 144 350 est
174 318 232 357 ut,
265 313 423 359 quamvis
454 311 657 357 proximus,
693 310 753 356 qui
785 310 980 346 secundum
1013 319 1056 345 ea
1087 317 1179 353 quae

90 360 240 395 diximus
264 362 414 394 vocatur
437 357 483 393 ad
505 357 754 398 hereditatem,
787 359 850 391 aut
881 357 1054 400 spreverit
1077 355 1177 405 here-

89 405 234 440 ditatem
258 407 321 439 aut
344 406 535 448 antequam
560 402 666 437 adeat
689 402 900 444 decesserit,
932 401 1042 437 nihilo
1067 409 1179 444 magis

88 450 238 496 legitimo
274 449 351 484 iure
386 451 574 493 sequentes
618 447 864 483 admittuntur.
914 445 1010 492 quod
1050 444 1179 480 iterum

87 498 270 542 praetores
301 493 509 539 imperfecto
541 493 617 528 iure
649 492 864 536 corrigentes
898 502 971 527 non
1003 491 1040 526 in
1063 493 1178 525 totum

88 542 163 576 sine
187 539 401 575 adminiculo
426 539 681 584 relinquebant,
707 538 770 572 scd
797 548 840 572 ex
865 540 1095 581 cognatorum
1120 546 1178 571 or-

88 586 167 621 dine
199 595 259 621 eos
291 585 488 626 vocabant,
520 588 646 629 utpote
679 582 901 628 adgnationis
932 582 1010 617 iure
1041 582 1091 617 eis
1123 591 1177 615 re-

87 631 198 667 cluso.
247 630 310 666 sed
341 640 407 666 nos
441 629 529 664 nihil
564 629 687 664 deesse
722 627 982 674 perfectissimo
1013 627 1083 662 iuri
1104 637 1177 679 ,cu-

86 676 223 723 pientes
249 679 373 711 nostra
394 675 650 710 constitutione
664 676 674 695 ²
695 673 889 716 sanximus,
911 684 1018 718 quam
1039 672 1083 708 de
1101 682 1178 707 iure

86 725 296 767 patronatus
317 721 539 756 humanitate
559 723 768 765 suggerente
786 719 1011 764 protulimus,
1033 728 1176 753 succes-

85 768 220 804 sionem
253 767 291 802 in
326 766 561 811 adgnatorum
596 764 855 800 hereditatibus
891 775 963 799 non
1007 773 1084 799 esse
1127 763 1177 799 eis

87 812 343 858 denegandam,
369 822 450 847 cum
474 811 561 847 satis
586 810 779 846 absurdum
804 813 899 852 erat,
926 809 1021 855 quod
1046 818 1176 854 cogna-

84 858 131 893 tis
155 868 178 894 a
200 861 365 904 praetore
389 861 551 902 apertum
576 859 647 899 est,
679 856 749 891 hoc
773 855 936 900 adgnatis
961 865 1038 890 esse
1061 854 1176 890 reclu-

86 915 183 946 sum,
219 903 371 938 maxime
407 914 488 938 cum
522 903 560 937 in
594 911 702 937 onere
739 901 880 946 quidem
915 901 1107 936 tutelarum
1142 903 1178 935 et

85 949 197 995 primo
221 949 334 994 gradu
358 948 544 984 deficiente
568 957 718 992 sequens
743 946 905 982 succedit
937 950 988 988 et,
1022 945 1117 991 quod
1140 946 1178 981 in

85 1004 193 1031 onere
217 1005 237 1030 o
265 994 413 1037 tinebat,
438 1004 509 1029 non
535 996 613 1029 erat
635 993 673 1028 in
696 993 796 1028 lucro
847 992 1043 1028 ermissum.

86 1043 105 1076 8
199 1040 232 1075 A
280 1039 471 1084 legitimam
495 1038 758 1075 successionem
781 1037 816 1073 n'
843 1038 891 1073 ilo
923 1037 1039 1073 minus
1069 1046 1175 1073 voca·

83 1090 142 1121 tur
173 1086 280 1122 etiam
310 1095 461 1131 parens,
498 1085 559 1130 qui
591 1086 778 1120 contracta
812 1083 944 1118 fiducia
976 1083 1087 1118 filium
1121 1082 1177 1117 vel

83 1131 208 1175 filiam,
240 1133 405 1176 nepotem
436 1130 492 1166 vel
522 1133 664 1175 neptem
695 1140 738 1165 ac
772 1129 939 1175 deinceps
964 1128 1175 1173 emancipat.

84 1177 179 1223 quod
214 1187 258 1212 ex
288 1180 412 1212 nostra
443 1176 720 1211 constitutione²
751 1174 951 1210 omnimodo
983 1173 1176 1216 inducitur,

83 1226 124 1258 ut
154 1222 455 1267 emancipationes
485 1221 678 1257 liberorum
709 1230 848 1266 semper
878 1220 1066 1255 videantur
1090 1230 1175 1255 con-

83 1271 200 1304 tracta
231 1267 364 1303 fiducia
394 1267 490 1309 fieri,
527 1277 608 1302 cum
639 1266 736 1312 apud
771 1266 938 1312 antiquos
970 1276 1043 1301 non
1074 1265 1177 1300 aliter

84 1314 153 1350 hoc
177 1313 381 1359 optinebat,
413 1313 481 1348 nisi
512 1312 714 1358 specialiter
746 1315 933 1348 contracta
956 1310 1088 1347 fiducia
1111 1320 1175 1356 pa-

84 1369 167 1396 rens
190 1358 463 1395 manumisisset.

584 1416 667 1457 111³

169 1486 231 1519 DE
257 1484 460 1518 SENATUS
487 1483 721 1518 CONSULTO
747 1484 1083 1516 TERTULLIANO.

128 1541 206 1577 Lex
229 1539 413 1577 duodecim
436 1539 640 1575 tabularum
662 1539 713 1575 ita
746 1539 870 1575 stricto
901 1539 978 1574 iure
1007 1538 1177 1574 utebatur

85 1590 119 1623 et
149 1586 396 1640 praeponebat
426 1585 667 1621 masculorum
697 1585 902 1630 progeniem
935 1588 970 1620 et
1002 1595 1082 1627 eos,
1116 1583 1177 1629 qui

83 1644 147 1678 per
161 1631 319 1667 fenunini
335 1641 442 1667 sexus
460 1631 756 1666 necessitudinem
773 1630 840 1666 sibi
859 1631 1064 1674 iunguntur,
1086 1630 1175 1665 adeo

82 1678 302 1722 expellebat,
328 1677 416 1713 ³''ut
446 1688 492 1713 ne
517 1679 657 1722 quidem
689 1678 782 1712 inter
811 1680 961 1711 matrem
993 1677 1030 1711 et
1062 1677 1175 1712 filium

82 1722 244 1759 'filiamve
259 1723 354 1759 ultro
367 1723 529 1768 citroque
541 1722 749 1759 hereditatis
766 1721 963 1767 capiendae
973 1720 1039 1758 ius‘
1059 1722 1174 1767 daret,

86 1767 150 1805 nisi
183 1767 278 1813 quod
335 1770 495 1802 ractores
528 1777 572 1802 ex
602 1767 833 1811 proximitate
858 1770 1089 1811 cognatorum
1115 1776 1175 1801 eas

86 1823 254 1858 personas
280 1778 334 1847 ad)
349 1812 611 1847 successionem
634 1812 809 1847 bonorum
834 1812 1058 1857 possessione
1082 1811 1177 1846 unde

90 1862 101 1892 1
154 1857 296 1903 cognati
336 1857 607 1893 accommodata
641 1857 830 1892 vocabant.
880 1857 950 1892 Sed
984 1857 1054 1892 hae
1088 1857 1175 1892 iuris

85 1904 266 1948 angustiae
295 1906 421 1948 postea
446 1902 652 1937 emendatae
676 1906 768 1938 sunt.
806 1906 842 1938 et
869 1903 1003 1948 primus
1036 1902 1177 1948 quidem

85 1949 184 1984 divus
210 1948 381 1983 Claudius
405 1948 510 1982 matri
535 1947 580 1982 ad
601 1945 773 1981 solacium
802 1948 993 1983 liberorum
1025 1948 1174 1984 amisso-

85 1997 103 2028 2
151 2005 230 2029 rum
253 1993 443 2038 legitimam
469 2003 590 2028 eorum
611 1992 737 2028 detulit
755 1993 998 2028 hereditatem.
1046 1993 1177 2029 Postea

84 2043 203 2074 autem
234 2042 379 2074 senatus
413 2039 576 2074 consulto
609 2038 848 2081 Tertulliano,
882 2038 978 2084 quod
1009 2038 1079 2074 divi
1102 2039 1175 2074 Ha-

85 2084 199 2119 driani
222 2083 442 2129 temporibus
474 2083 611 2118 factum
644 2087 715 2126 est,
749 2084 950 2128 plenissime
983 2084 1027 2120 de
1057 2084 1176 2119 tristi⁴

83 2130 309 2166 successione
332 2129 448 2171 matri,
474 2140 545 2164 non
571 2129 677 2164 etiam
698 2130 798 2165 aviae
818 2129 1010 2165 deferenda
1030 2133 1176 2165 cautum

84 2179 155 2210 est:
188 2178 229 2210 ut
258 2178 372 2210 mater
401 2175 556 2220 ingenua
587 2175 693 2210 trium
723 2175 917 2210 liberorum
947 2176 1002 2210 ius
1027 2175 1174 2218 habens,

83 2221 248 2255 libertina
279 2223 448 2265 quattuor
484 2219 530 2254 ad
561 2220 657 2255 bona
691 2219 845 2255 filiorum
880 2220 1075 2256 filiarumve
1112 2220 1174 2256 ad-

86 2266 245 2301 mittatur
268 2266 518 2301 intestatorum
542 2269 781 2308 mortuorum,
814 2266 898 2300 licet
928 2266 966 2301 in
997 2269 1176 2318 potestate

83 2311 242 2357 parentis
268 2315 332 2353 est,
357 2315 398 2346 ut
422 2310 567 2353 scilicet,
593 2322 672 2346 cum
698 2312 811 2346 alieno
836 2311 905 2346 iuri
926 2311 1089 2347 sublecta
1110 2314 1174 2353 est,

84 2360 103 2392 3
151 2356 251 2392 iussu
283 2356 358 2391 eius
390 2356 515 2398 adeat,
549 2357 649 2391 cuius
674 2357 742 2391 iuri
766 2357 929 2392 subiecta
953 2360 1017 2392 est.
1065 2357 1174 2392 Prae-

82 2401 246 2437 feruntur
255 2405 373 2437 autem
382 2402 488 2436 matri
496 2401 598 2436 liberi
615 2402 785 2445 defuncti,
802 2402 862 2455 qui
878 2402 933 2437 sui
950 2405 1034 2437 sunt
1050 2402 1151 2447 quive
1163 2404 1176 2424 ⁵

83 2458 229 2483 suorum
258 2447 357 2490 loco,
390 2447 463 2482 sive
494 2447 598 2492 primi
628 2447 759 2492 gradus
791 2458 863 2482 slve
886 2448 1075 2483 ulterioris.
1113 2448 1175 2483 sed

84 2497 119 2527 et
152 2492 246 2527 filiae
277 2503 363 2528 suae
394 2495 555 2527 mortuae
587 2492 681 2528 filius
711 2493 768 2528 vel
799 2492 873 2528 filia
905 2493 1098 2538 opponitur
1131 2503 1175 2528 ex

84 2538 399 2573 constitutionibus
423 2538 528 2572 matri
553 2537 762 2580 defunctae,
794 2538 832 2573 id
864 2542 918 2573 est
950 2539 1050 2574 aviae
1074 2549 1172 2574 suae.

82 2587 185 2629 pater
209 2594 352 2628 quoque
375 2583 577 2628 utriusque,
602 2594 675 2619 non
699 2584 805 2618 etiam
829 2594 916 2619 avus
940 2584 995 2619 vel
1019 2594 1173 2629 proavus

83 2629 187 2664 matri
223 2629 470 2673 anteponitur,
507 2628 643 2663 scilicet
676 2639 757 2664 cum
785 2629 879 2664 inter
909 2639 970 2664 eos
1002 2629 1097 2664 solos
1130 2629 1174 2665 de

83 2674 280 2709 hereditate
316 2674 442 2719 agitur.
490 2673 604 2709 frater
636 2678 755 2710 autem
788 2674 1071 2719 consanguineus
1100 2679 1174 2710 tam

82 2719 144 2754 filii
165 2730 271 2764 quam
291 2719 384 2754 filiae
406 2719 619 2755 excludebat
638 2723 805 2755 matrem:
826 2730 929 2755 soror
948 2723 1067 2755 autem
1088 2731 1172 2756 con-

83 2765 278 2810 sanguinea
308 2765 443 2810 pariter
474 2775 555 2800 cum
591 2768 706 2800 matre
737 2764 1010 2800 admittebaturt
1046 2765 1109 2800 sed
1144 2766 1174 2801 si

82 2810 201 2845 fuerat
230 2810 342 2845 frater
374 2814 408 2845 et
440 2821 541 2845 soror
574 2810 827 2855 consanguinei
859 2814 895 2845 et
917 2813 1031 2845 mater
1054 2811 1173 2846 liberis

83 2856 269 2898 honorata,
293 2855 406 2890 frater
431 2855 571 2900 quidem
595 2860 744 2891 matrem
766 2856 989 2898 excludebat,
1016 2866 1172 2891 commu-

83 2902 137 2936 nis
163 2905 280 2936 autem
305 2904 383 2936 erat
405 2900 583 2936 hereditas
610 2911 652 2936 ex
677 2901 799 2946 aequis
824 2901 987 2947 partibus
1011 2900 1114 2936 fratri
1139 2905 1175 2936 et

83 2949 103 2980 4
150 2946 274 2981 sorori.
325 2946 395 2981 Sed
426 2957 491 2981 nos
522 2947 811 2990 constitutionefi,
843 2957 949 2992 quam
979 2947 1017 2981 in
1051 2946 1173 2982 codice

83 2995 204 3026 nostro
229 2992 371 3027 nomine
395 2991 563 3027 decorato
588 2992 789 3037 posuimus,
823 2992 928 3027 matri
960 2992 1171 3027 subvenien-

84 3037 166 3071 dum
191 3046 268 3072 esse
294 3037 590 3079 existimavimus,
623 3038 854 3082 respicientes
879 3037 925 3072 ad
949 3040 1113 3072 naturam
1139 3041 1174 3072 et

83 3082 309 3127 puerperium
341 3086 376 3117 et
436 3082 605 3117 ericulum
638 3086 674 3118 et
706 3093 812 3128 saepe
843 3086 993 3118 mortem
1025 3093 1069 3117 ex
1104 3084 1173 3118 hoc

84 3137 171 3162 casu
194 3127 368 3162 matribus
391 3127 536 3162 ilatam.
573 3127 724 3173 ideoque
747 3129 895 3173 impium
919 3138 997 3163 esse
1022 3128 1172 3163 credidi-

84 3182 161 3207 mus
194 3182 316 3207 casum
346 3171 534 3208 fortuitum
563 3173 601 3207 in
634 3173 708 3208 eius
741 3173 879 3208 admitti
903 3173 1170 3208 detrimentum:

83 3218 113 3252 si
137 3217 229 3252 enim
252 3217 406 3263 ingenua
427 3221 482 3252 ter
504 3218 559 3253 vel
576 3218 740 3253 libertina
760 3222 887 3263 quater
906 3229 977 3254 non
998 3219 1138 3264 peperit
1146 3220 1172 3262 ⁷,

83 3262 255 3298 immerito
294 3262 575 3298 defraudabatur
605 3264 831 3299 successione
867 3274 1013 3299 suorum
1044 3264 1171 3299 libero-

83 3318 178 3343 rum:
205 3308 289 3353 quid
313 3309 406 3343 enim
430 3308 610 3353 peccavit,
636 3309 666 3344 si
690 3319 761 3343 non
785 3309 923 3354 plures,
949 3309 1012 3344 sed
1035 3319 1171 3354 paucos

83 3354 283 3397 pepererit?
320 3357 355 3388 et
379 3353 538 3388 dedimus
563 3354 618 3388 ius
651 3354 843 3399 legitimum
874 3354 1018 3399 plenum
1050 3355 1170 3390 matri-

84 3398 151 3433 bus
175 3398 248 3434 sive
269 3398 431 3443 ingenuis
455 3399 527 3434 sive
550 3399 742 3442 libertinis,
776 3400 842 3434 etsi
871 3410 944 3435 non
967 3403 1024 3435 ter
1048 3401 1172 3435 enixae

83 3442 216 3478 fuerint
249 3444 305 3479 vel
338 3448 481 3489 quater,
518 3444 581 3479 sed
613 3454 693 3480 eum
721 3448 862 3480 tantum
892 3445 947 3480 vel
978 3455 1074 3488 eam,
1111 3446 1171 3491 qui

84 3554 125 3596 (1)
148 3554 225 3588 0001.
240 3557 272 3598 6,
286 3564 313 3598 4,
327 3565 354 3597 4,
369 3564 406 3591 2ο
493 3559 538 3600 (2)
566 3558 645 3592 C'od.
660 3560 690 3598 8,
705 3566 753 3599 48,
768 3560 842 3601 (49),
857 3566 874 3593 e
959 3560 1003 3600 (3)
1027 3560 1077 3601 Cf.
1095 3559 1171 3593 Gai.

85 3599 119 3640 3,
132 3606 178 3633 24.
192 3607 227 3634 33
241 3601 388 3645 Diy.38,
401 3610 432 3636 17
452 3603 528 3637 Cod.
539 3604 572 3644 6,
586 3610 622 3636 5ss
670 3605 725 3645 (3¹)
738 3604 814 3638 Gai.
831 3605 861 3645 3,
876 3611 911 3637 24
959 3606 1002 3645 (4)
1016 3605 1055 3637 de
1069 3605 1171 3646 tristi]

93 3648 141 3688 W,
155 3650 211 3679 det
219 3648 301 3679 iusti
311 3647 356 3686 Β,
366 3657 405 3679 ex
414 3647 505 3679 tristi
518 3647 551 3680 T
614 3648 655 3683 (5)
671 3647 782 3689 quive]
797 3648 831 3687 T,
842 3648 911 3679 sive
923 3648 958 3679 B
1027 3651 1071 3690 (6)
1090 3650 1167 3683 Cod.

87 3694 117 3733 8,
132 3701 166 3727 58
181 3694 255 3734 (59),
271 3699 287 3724 ‘z
369 3693 410 3737 (ἵ)
436 3694 482 3725 sic
494 3693 536 3732 E,
551 3693 718 3734 pepererit
732 3693 803 3724 ΒΤ
879 3694 923 3733 (8)
953 3694 1029 3726 C‘od.
1044 3696 1075 3734 6,
1091 3703 1137 3734 56,
1152 3702 1166 3727 Ἰ

132 3739 176 3779 (9)
206 3738 256 3780 Cf.
270 3738 351 3780 Diq.
366 3738 418 3777 38,
433 3745 463 3770 ιτ
494 3737 570 3770 Cod.
586 3739 616 3777 6,
632 3745 665 3770 57
807 3738 866 3778 (ιο)
891 3740 929 3769 ut
942 3736 1000 3770 lib.
1013 3739 1167 3771 ...admit-

1189 85 1237 137 31

1941 92 2087 138 ms'r.
2117 96 2200 154 111,
2226 99 2337 140 2—.5

1249 227 1384 262 quaeve
1407 219 1522 252 morte
1544 215 1733 262 intercepti
1757 220 1859 260 sunt,
1891 220 1931 253 ut
1964 220 2000 253 et
2032 217 2085 253 sic
2109 222 2280 254 vocentur
2305 219 2339 253 in

1249 265 1268 296 5
1317 263 1508 298 liberorum
1542 271 1687 296 suorum
1722 263 1912 307 legitimam
1948 263 2222 301 successionem.
2271 264 2340 299 Sed

1250 319 1329 343 cum
1354 311 1462 343 antea
1486 307 1757 343 constitutiones
1781 309 1860 343 iura
1884 308 2040 353 legitima
2071 312 2339 354 perscrutantes

1248 353 1380 433 partim
1403 356 1553 387 matrem
1585 352 1821 395 adiuvabant,
1855 355 1984 399 partim
2017 364 2094 389 eam
2125 365 2338 399 praegrava-

1274 402 1336 433 ant
1361 402 1396 433 et
1420 398 1552 433 nonin
1576 397 1728 433 solidum
1762 409 1839 433 eam
1871 400 2068 442 vocabant,
2100 399 2163 435 sed
2194 399 2231 434 in
2263 400 2339 445 qui-

1247 444 1399 479 busdam
1423 443 1567 479 casibus
1591 443 1731 478 tertiam
1756 448 1893 488 partem
1914 445 1946 479 ei
1965 445 2214 481 abstrahentes
2235 445 2339 481 certis

1246 489 1408 534 legitimis
1434 489 1570 524 dabant
1593 489 1772 533 personis,
1805 489 1842 523 in
1874 490 1951 525 aliis
1977 494 2095 526 autem
2120 491 2338 527 contrarium

1246 535 1446 570 faciebant:
1473 534 1600 570 nobis⁸
1622 534 1734 569 visum
1760 538 1813 569 est
1836 538 1936 570 recta
1960 539 1995 570 et
2018 536 2170 588 simplici
2188 536 2246 572 via
2265 547 2338 572 ma-

1246 584 1336 616 trem
1360 580 1525 616 omnibus
1549 580 1712 624 legitimis
1736 580 1898 624 personis
1923 584 2092 625 anteponi
2116 585 2152 617 et
2171 582 2248 617 sine
2267 582 2340 617 ulla

1247 626 1488 662 deminutione
1519 625 1672 660 filiorum
1705 635 1851 660 suorum
1875 627 2139 662 successionem
2163 628 2338 673 accipere,

1247 675 1398 716 excepta
1421 671 1542 706 fratris
1568 674 1604 706 et
1627 671 1759 706 sororis
1784 681 1956 715 persona,
1990 672 2062 707 sive
2087 673 2340 718 consanguinei

1247 718 1319 752 sint
1342 717 1414 752 sive
1439 717 1516 752 sola
1541 716 1763 761 cognationis
1787 716 1866 751 iura
1889 717 2081 762 habentes,
2107 722 2147 753 ut
2171 718 2338 763 quemad-

1247 762 1390 798 modum
1416 773 1493 797 eam
1518 765 1595 798 toto
1620 761 1689 797 alio
1722 761 1836 797 ordini
1868 762 2023 814 legitimo
2055 764 2338 808 praeposuimus,

1246 809 1297 843 ita
1320 819 1443 844 omnes
1467 808 1596 843 fratres
1630 811 1666 843 et
1695 817 1854 849 sorores,
1887 818 1961 843 Sive
1990 808 2023 843 le
2049 808 2134 843 ’timi
2166 809 2237 844 sint
2268 810 2339 845 sive

1247 865 1337 896 non,
1374 854 1420 889 ad
1452 853 1643 898 capiendas
1678 852 1894 888 hereditates
1930 853 2020 888 simu
2068 864 2253 897 vocemus,
2289 856 2340 890 ita

1246 903 1366 935 tamen
1397 902 1456 940 ut,
1488 899 1519 934 si
1544 898 1683 944 quidem
1708 898 1807 934 solae
1831 909 1972 934 sorores
1998 902 2172 944 cognatae
2195 901 2250 935 vel
2275 901 2337 935 ad-

1245 949 1375 990 gnatae
1400 949 1435 980 et
1458 947 1572 979 mater
1596 944 1754 979 defuncti
1779 944 1832 979 vel
1857 943 2047 980 defunctae
2071 945 2262 990 supersint,
2287 946 2338 980 di-

1246 991 1389 1026 midiam
1413 990 1554 1036 quidem
1578 994 1701 1031 mater,
1727 990 1876 1025 alteram
1900 1000 1982 1025 vero
2004 990 2185 1026 dimidiam
2202 995 2339 1036 partem

1247 1047 1368 1072 omnes
1393 1046 1535 1072 sorores
1559 1036 1735 1077 habeant,
1768 1035 1798 1070 si
1830 1045 1913 1071 vero
1943 1038 2057 1071 matre
2088 1037 2280 1081 superstite
2305 1042 2340 1072 et

1245 1082 1357 1117 fratre
1380 1083 1437 1118 vel
1459 1081 1631 1117 fratribus
1656 1081 1742 1116 solis
1766 1081 1820 1115 vel
1840 1081 1946 1116 etiam
1967 1092 2047 1116 cum
2067 1082 2248 1117 sororibus
2269 1082 2340 1118 sive

1245 1128 1401 1173 legitima
1425 1127 1497 1163 sive
1531 1127 1609 1162 sola
1640 1126 1860 1171 cognationis
1892 1127 1970 1162 iura
2002 1127 2218 1163 habentibus
2249 1128 2338 1163 inte-

1246 1177 1361 1209 status
1387 1173 1465 1218 quis
1488 1173 1543 1208 vel
1558 1172 1730 1208 intestata
1746 1173 1929 1214 moriatur,
1954 1172 1990 1207 in
2008 1173 2127 1218 capita
2149 1173 2338 1209 distribua-

1247 1223 1267 1255 6
1315 1223 1374 1254 tur
1405 1219 1480 1254 eius
1511 1217 1702 1254 hereditas.
1751 1217 1819 1253 Sed
1853 1218 2151 1263 quemadmodum
2174 1229 2240 1254 nos
2264 1230 2339 1254 ma-

1245 1265 1359 1300 tribus
1384 1264 1650 1310 prospeximus,
1675 1263 1727 1298 ita
1751 1273 1811 1298 eas
1837 1267 1979 1309 oportet
2002 1274 2089 1299 suae
2113 1265 2230 1300 suboli
2254 1275 2338 1300 con-

1247 1311 1379 1346 sulere:
1411 1310 1552 1346 scituris
1578 1310 1646 1352 eis,
1672 1308 1786 1354 quod,
1813 1309 1843 1343 si
1866 1312 2003 1345 tutores
2027 1310 2147 1345 liberis
2171 1320 2244 1346 non
2277 1320 2338 1356 pe-

1245 1356 1367 1392 tierint
1397 1356 1452 1391 vel
1475 1355 1512 1390 in
1536 1355 1654 1390 locum
1678 1354 1804 1390 remoti
1828 1355 1883 1390 vel
1908 1355 2067 1390 excusati
2090 1355 2185 1390 intra
2209 1366 2339 1391 annum

1223 1404 1367 1448 'petere
1390 1400 1625 1453 neglexerint,
1651 1400 1696 1435 ab
1722 1410 1845 1435 eorum
1867 1400 2092 1445 impuberum
2115 1401 2339 1437 morientium

1247 1451 1265 1482 7
1314 1457 1541 1483 successmne
1560 1446 1686 1481 merito
1706 1445 1936 1491 repellentur.
1972 1446 2078 1482 Licet
2096 1450 2215 1482 autem
2236 1447 2339 1492 vulgo

1246 1493 1428 1539 quaesitus
1454 1492 1500 1528 sit
1523 1491 1618 1528 filius
1642 1491 1769 1534 filiave,
1794 1494 1914 1536 potest
1937 1490 1983 1526 ad
2007 1491 2103 1528 bona
2127 1493 2201 1528 eius
2227 1496 2340 1528 mater

1246 1550 1290 1575 ex
1314 1538 1534 1575 Tertulliano
1559 1540 1705 1574 senatus
1729 1536 1891 1573 consulto
1917 1536 2066 1573 admitti.

1746 1629 1848 1670 1111⁹

1355 1699 1416 1731 DE
1444 1698 1650 1732 SENATUS
1676 1697 1911 1731 CONSULTO
1936 1697 2195 1732 ORFITIANO.

1292 1765 1362 1801 Per
1387 1765 1605 1801 contrarium
1629 1769 1749 1801 autem
1773 1768 1814 1801 ut
1845 1765 1947 1801 liberi
1979 1765 2026 1801 ad
2056 1767 2151 1802 bona
2182 1770 2338 1802 matrum

1245 1811 1495 1846 intestatarum
1519 1811 1755 1846 admittantur
1768 1812 1807 1854 ¹⁰,
1840 1815 1985 1847 senatus
2041 1810 2205 1848 consulto
2244 1810 2336 1847 Orfi-

1245 1857 1343 1892 tiano
1368 1856 1535 1892 effectum
1559 1861 1624 1899 est,
1650 1857 1746 1902 quod
1765 1856 1877 1892 latum
1897 1860 1951 1892 est
1980 1856 2131 1893 ¹¹Orfito
2174 1859 2211 1892 et
2241 1857 2338 1894 Rufo

1246 1902 1453 1938 consulibus
1467 1903 1505 1944 ¹²,
1531 1902 1602 1938 divi
1621 1902 1737 1937 Marci
1761 1902 1991 1947 temporibus.
2032 1906 2067 1937 et
2086 1903 2172 1938 data
2193 1906 2247 1938 est
2265 1906 2339 1938 tam

1245 1948 1317 1983 filio
1342 1958 1449 1993 quam
1472 1948 1567 1983 filiae
1583 1948 1739 1994 legitima
1758 1948 1949 1991 hereditas,
1974 1947 2113 1983 etiamsi
2134 1949 2249 1984 alieno
2269 1949 2340 1984 iuri

1245 1993 1398 2029 subiecti
1433 1996 1535 2029 sunt:
1573 1997 1609 2029 et
1643 1993 1895 2039 praeferuntur
1930 1996 1966 2029 et
2001 2003 2135 2029 consan
2183 1993 2272 2029 ineis
2305 1998 2340 2029 et

1249 2042 1263 2074 1
1314 2038 1476 2084 adgnatis
1490 2038 1682 2075 defunctae
1693 2039 1828 2075 matris.
1877 2039 1948 2075 Sed
1973 2050 2053 2074 cum
2078 2049 2122 2075 ex
2171 2050 2214 2075 oc
2234 2049 2338 2075 sena-

1244 2088 1302 2120 tus
1335 2084 1499 2120 consulto
1531 2088 1680 2130 nepotes
1705 2084 1750 2120 ad
1774 2084 1875 2120 aviae
1898 2085 2161 2120 successionem
2183 2085 2338 2130 legitimo

1243 2130 1322 2165 iure
1355 2141 1429 2166 non
1464 2130 1706 2173 vocabantur,
1750 2133 1876 2175 postea
1916 2130 1986 2166 hoc
2024 2130 2338 2166 constitutionibus

1243 2176 1503 2255 principalibus
1518 2177 1545 2197 ¹³
1570 2175 1794 2211 emendatum
1820 2178 1890 2218 est,
1922 2178 1964 2211 ut
1994 2175 2041 2211 ad
2073 2175 2338 2211 similitudinem

1259 2221 1397 2256 'liorum
1427 2220 1652 2266 filiarumque
1683 2225 1719 2256 et
1748 2224 1897 2266 nepotes
1929 2224 1965 2257 et
1994 2224 2120 2267 neptes
2155 2225 2336 2257 vocentur.

1245 2269 1264 2301 2
1313 2265 1503 2302 Sciendum
1528 2270 1648 2302 autem
1669 2270 1724 2302 est
1742 2267 1945 2302 huiusmodi
1965 2267 2221 2310 successiones,
2246 2277 2339 2312 quae

1244 2321 1266 2347 a
1290 2311 1512 2348 Tertulliano
1565 2315 1601 2347 et
1634 2312 1808 2348 Orfitiano
1835 2312 2053 2355 deferuntur,
2080 2312 2206 2357 capitis
2227 2312 2335 2347 demi-

1243 2358 1391 2392 nutione
1415 2368 1487 2392 non
1510 2359 1644 2402 peremi
1667 2361 1815 2402 propter
1838 2358 1936 2393 illam
1966 2357 2143 2403 regulam,
2177 2368 2248 2403 qua
2271 2368 2335 2393 no-

1243 2413 1309 2438 vae
1331 2403 1547 2438 hereditates
1563 2403 1739 2448 legitimae
1756 2403 1882 2448 capitis
1903 2403 2144 2438 deminutione
2163 2413 2236 2438 non
2254 2414 2336 2448 per-

1245 2452 1341 2491 eunt,
1364 2449 1426 2483 sed
1438 2449 1520 2484 illae
1540 2449 1638 2484 solae
1658 2458 1749 2493 quae
1768 2458 1812 2483 ex
1831 2448 1907 2493 lege
1926 2448 2112 2483 duodecim
2133 2449 2337 2484 tabularum

1245 2496 1264 2529 3
1313 2494 1530 2529 deferuntur.
1578 2493 1779 2529 Novissime
1811 2493 1993 2529 sciendum
2029 2497 2084 2528 est
2116 2494 2223 2529 etiam
2255 2494 2336 2530 illos

1243 2539 1392 2582 liberos,
1419 2539 1479 2584 qui
1502 2539 1605 2584 vulgo
1631 2538 1781 2584 quaesiti
1804 2542 1906 2581 sunt,
1939 2538 1986 2573 ad
2008 2539 2132 2574 matris
2157 2539 2335 2575 heredita-

1243 2587 1314 2620 tem
1339 2595 1382 2620 ex
1405 2585 1475 2620 hoc
1500 2587 1646 2619 senatus
1671 2583 1833 2619 consulto
1859 2583 2008 2619 admitti.

1243 2634 1265 2664 4
1362 2631 1389 2651 ¹⁴
1400 2629 1437 2665 Si
1472 2640 1516 2665 ex
1550 2629 1713 2674 pluribus
1749 2629 1913 2673 legitimis
1956 2629 2148 2665 heredibus
2191 2629 2336 2675 quidam

1243 2675 1426 2711 omiserint
1455 2675 1689 2710 hereditatem
1719 2674 1774 2709 vel
1804 2678 1918 2710 morte
1948 2675 2003 2709 vel
2034 2674 2105 2710 alia
2137 2685 2247 2710 causa
2270 2676 2334 2710 im-

1242 2721 1352 2766 pediti
1376 2721 1510 2755 fuerint
1533 2720 1721 2765 quominus
1745 2719 1894 2755 adeant:
1927 2720 2073 2765 reliquis
2098 2720 2159 2765 qui
2183 2720 2336 2755 adierint

1243 2767 1420 2802 adcrescit
1443 2766 1584 2801 illorum
1607 2766 1724 2811 portio
1750 2767 1796 2807 et,
1820 2765 1904 2800 licet
1927 2768 2011 2801 ante
2035 2765 2255 2802 decesserint
2275 2777 2335 2811 qu.

1242 2812 1405 2854 adierint,
1431 2811 1477 2846 ad
1499 2810 1648 2846 heredes
1672 2814 1792 2846 tamen
1817 2820 1940 2846 eorum
1962 2811 2128 2857 pertinet.

1747 2903 1822 2943 V¹⁸

1416 2970 1478 3003 DE
1504 2969 1810 3003 SUCCESSIONE
1835 2970 2154 3005 COGNATORUM.

1287 3037 1376 3072 Post
1399 3047 1483 3072 suos
1507 3036 1657 3073 heredes
1681 3047 1823 3083 eosque,
1848 3048 1937 3083 quos
1960 3037 2052 3073 inter
2076 3048 2161 3073 suos
2186 3037 2333 3073 heredes

1241 3086 1387 3127 praetor
1418 3086 1454 3117 et
1484 3082 1756 3119 constitutiones
1788 3087 1936 3126 vocant,
1973 3087 2008 3118 et
2043 3087 2126 3128 post
2159 3083 2332 3127 legitimos

1243 3132 1325 3173 (quo
1350 3138 1496 3163 numero
1521 3131 1605 3163 sunt
1628 3127 1773 3173 adgnati
1798 3132 1833 3164 et
1855 3129 1909 3172 hi,
1942 3139 2030 3174 quos
2060 3129 2097 3163 in
2127 3128 2245 3163 locum
2270 3128 2331 3163 ad-

1242 3177 1429 3218 gnatorum
1461 3176 1534 3207 tam
1570 3183 1679 3218 supra
1714 3173 1810 3209 dicta
1844 3178 1989 3209 senatus
2027 3174 2191 3209 consulta
2226 3184 2332 3218 quam

1242 3221 1367 3254 nostra
1391 3218 1503 3253 erexit
1528 3219 1748 3262 constitutio)
1773 3219 1953 3264 proximos
1984 3223 2154 3264 cognatos
2185 3222 2332 3263 praetor

1246 3268 1259 3298 1
1309 3268 1424 3299 vocat.
1474 3263 1552 3308 Qua
1587 3268 1690 3309 parte
1725 3265 1900 3299 naturalis
1936 3265 2098 3309 cognatio
2136 3267 2328 3309 spectatur.

1242 3319 1323 3344 nam
1349 3309 1493 3353 adgnati
1517 3310 1635 3354 capite
1660 3310 1830 3345 deminuti
1853 3311 1984 3355 quique
2009 3320 2051 3344 ex
2075 3310 2130 3345 his
2154 3309 2330 3354 progeniti

1242 3357 1326 3389 sunt
1351 3364 1394 3388 ex
1417 3354 1492 3399 lege
1516 3354 1701 3390 duodecim
1725 3355 1929 3390 tabularum
1952 3356 2046 3390 inter
2064 3355 2237 3399 legitimos
2258 3364 2330 3388 non

1241 3399 1435 3442 habentur,
1460 3399 1521 3435 sed
1546 3410 1568 3435 a
1591 3404 1756 3445 praetore
1778 3401 1883 3437 tertio
1909 3400 2033 3436 ordine
2055 3403 2243 3440 vocantur,
2268 3408 2329 3433 ex-

1242 3444 1354 3490 ceptis
1379 3445 1463 3481 solis
1486 3445 1733 3482 tantummodo
1757 3445 1869 3482 fratre
1889 3450 1924 3481 et
1944 3455 2066 3481 sorore
2086 3443 2329 3488 emancipatis,

1239 3561 1367 3600 tantur]
1384 3560 1428 3600 B,
1442 3559 1500 3592 lib.
1513 3560 1774 3593 ...admittuntur
1790 3561 1822 3593 T

1239 3605 1297 3646 (12)
1323 3605 1726 3646 effectum...consulibus]
1740 3606 1931 3639 Russardus
1943 3616 2011 3637 cum
2027 3605 2067 3644 Θ,
2090 3602 2178 3646 quod
2191 3603 2328 3644 orphito

1238 3651 1272 3681 et
1284 3649 1357 3681 rufo
1371 3660 1477 3684 conss.
1492 3652 1544 3685 eff.
1558 3654 1609 3684 est
1623 3651 1711 3692 quod
1723 3651 1828 3682 latum
1841 3653 1891 3682 est
1906 3650 1978 3681 BT
2116 3649 2174 3689 (13)
2204 3648 2281 3681 cod.
2295 3649 2326 3689 6,

1238 3702 1284 3733 55,
1298 3702 1314 3728 9
1409 3696 1466 3735 (14)
1495 3701 1510 3735 ς
1525 3703 1542 3730 4
1556 3708 1595 3729 ez·
1607 3694 1782 3729 Marciani
1793 3697 1812 3729 l.
1828 3704 1844 3729 5
1857 3697 1928 3729 inst.
1944 3695 2039 3737 (Diy.
2055 3695 2108 3734 38,
2122 3701 2166 3734 16,
2180 3694 2211 3735 9)

1284 3742 1341 3782 (15)
1370 3741 1422 3783 Of.
1439 3740 1516 3775 Gai.
1531 3742 1563 3783 3,
1576 3748 1618 3775 21.
1634 3748 1679 3776 24.
1694 3748 1787 3776 27..31
1810 3741 1890 3784 Diq.
1906 3739 1959 3782 38,
1973 3747 1990 3774 s
2020 3739 2099 3774 Cod.
2113 3740 2190 3781 6,1⁶

1955 3561 2009 3600 (11)
2036 3571 2121 3592 anno
2131 3570 2166 3601 p.
2184 3559 2256 3590 C‘ltr.
2272 3565 2323 3591 178
