<?xml version="1.0" encoding="UTF-8"?>
<!DOCTYPE html PUBLIC "-//W3C//DTD XHTML 1.0 Transitional//EN"
    "http://www.w3.org/TR/xhtml1/DTD/xhtml1-transitional.dtd">
<html xmlns="http://www.w3.org/1999/xhtml" xml:lang="en" lang="en">
 <head>
  <title>
</title>
<meta http-equiv="Content-Type" content="text/html;charset=utf-8" />
  <meta name='ocr-system' content='tesseract 3.04.00' />
  <meta name='ocr-capabilities' content='ocr_page ocr_carea ocr_par ocr_line ocrx_word'/>
</head>
<body>
  <div class='ocr_page' id='page_1' title='image "./corpusjuriscivil01krueuoft_0209.png"; bbox 0 0 2528 3918; ppageno 0'>
   <div class='ocr_carea' id='block_1_1' title="bbox 5 296 10 822">
    <p class='ocr_par' dir='ltr' id='par_1_1' title="bbox 5 296 10 822">
     <span class='ocr_line' id='line_1_1' title="bbox 5 296 10 822; baseline 0 0"><span class='ocrx_word' id='word_1_1' title='bbox 5 296 10 822; x_wconf 95' lang='lat' dir='ltr'> </span> 
     </span>
    </p>
   </div>
   <div class='ocr_carea' id='block_1_2' title="bbox 0 1882 3 2666">
    <p class='ocr_par' dir='ltr' id='par_1_2' title="bbox 0 1882 3 2666">
     <span class='ocr_line' id='line_1_2' title="bbox 0 1882 3 2666; baseline 0 0"><span class='ocrx_word' id='word_1_2' title='bbox 0 1882 3 2666; x_wconf 95' lang='lat' dir='ltr'> </span> 
     </span>
    </p>
   </div>
   <div class='ocr_carea' id='block_1_3' title="bbox 129 118 1273 167">
    <p class='ocr_par' dir='ltr' id='par_1_3' title="bbox 129 118 1273 167">
     <span class='ocr_line' id='line_1_3' title="bbox 129 118 1273 167; baseline -0.001 0"><span class='ocrx_word' id='word_1_3' title='bbox 129 135 455 167; x_wconf 74' lang='lat' dir='ltr'>vmchrioNE</span> <span class='ocrx_word' id='word_1_4' title='bbox 1219 118 1273 166; x_wconf 83' lang='lat'>93</span> 
     </span>
    </p>
   </div>
   <div class='ocr_carea' id='block_1_4' title="bbox 2262 127 2367 169">
    <p class='ocr_par' dir='ltr' id='par_1_4' title="bbox 2262 127 2367 169">
     <span class='ocr_line' id='line_1_4' title="bbox 2262 127 2367 169; baseline -0.01 0"><span class='ocrx_word' id='word_1_5' title='bbox 2262 127 2367 169; x_wconf 90' lang='lat' dir='ltr'>V11</span> 
     </span>
    </p>
   </div>
   <div class='ocr_carea' id='block_1_5' title="bbox 1043 186 1446 195">
    <p class='ocr_par' dir='ltr' id='par_1_5' title="bbox 1043 186 1446 195">
     <span class='ocr_line' id='line_1_5' title="bbox 1043 186 1446 195; baseline 0.007 -7"><span class='ocrx_word' id='word_1_6' title='bbox 1043 186 1050 191; x_wconf 82' lang='grc'><strong>,</strong></span> <span class='ocrx_word' id='word_1_7' title='bbox 1113 186 1235 190; x_wconf 45' lang='grc'>-1-</span> <span class='ocrx_word' id='word_1_8' title='bbox 1245 187 1289 190; x_wconf 29' lang='grc'>,1,-</span> <span class='ocrx_word' id='word_1_9' title='bbox 1298 186 1350 195; x_wconf 84' lang='lat'>—‚-</span> <span class='ocrx_word' id='word_1_10' title='bbox 1358 187 1446 190; x_wconf 51' lang='lat' dir='ltr'>m</span> 
     </span>
    </p>
   </div>
   <div class='ocr_carea' id='block_1_6' title="bbox 117 244 1211 3685">
    <p class='ocr_par' dir='ltr' id='par_1_6' title="bbox 125 244 1209 471">
     <span class='ocr_line' id='line_1_6' title="bbox 171 244 1209 292; baseline -0.005 -8"><span class='ocrx_word' id='word_1_11' title='bbox 171 245 224 285; x_wconf 86' lang='lat'>43</span> <span class='ocrx_word' id='word_1_12' title='bbox 250 246 355 283; x_wconf 75' lang='lat' dir='ltr'><em>IDEM</em></span> <span class='ocrx_word' id='word_1_13' title='bbox 371 246 461 282; x_wconf 79' lang='lat' dir='ltr'>libro</span> <span class='ocrx_word' id='word_1_14' title='bbox 482 245 676 292; x_wconf 78' lang='lat' dir='ltr'>viqensimo</span> <span class='ocrx_word' id='word_1_15' title='bbox 696 244 846 291; x_wconf 76' lang='lat' dir='ltr'>septimo</span> <span class='ocrx_word' id='word_1_16' title='bbox 859 244 909 280; x_wconf 83' lang='lat' dir='ltr'>ad</span> <span class='ocrx_word' id='word_1_17' title='bbox 919 244 1072 280; x_wconf 79' lang='lat' dir='ltr'>edictum</span> <span class='ocrx_word' id='word_1_18' title='bbox 1109 245 1209 289; x_wconf 78' lang='lat' dir='ltr'>Quae</span> 
     </span>
     <span class='ocr_line' id='line_1_7' title="bbox 126 290 1207 338; baseline -0.003 -10"><span class='ocrx_word' id='word_1_19' title='bbox 126 293 297 338; x_wconf 84' lang='lat' dir='ltr'>religiosis</span> <span class='ocrx_word' id='word_1_20' title='bbox 321 291 533 332; x_wconf 82' lang='lat' dir='ltr'>adhaerent,</span> <span class='ocrx_word' id='word_1_21' title='bbox 556 290 720 335; x_wconf 86' lang='lat' dir='ltr'>religiosa</span> <span class='ocrx_word' id='word_1_22' title='bbox 744 293 827 325; x_wconf 91' lang='lat' dir='ltr'>sunt</span> <span class='ocrx_word' id='word_1_23' title='bbox 851 293 887 324; x_wconf 90' lang='lat' dir='ltr'>et</span> <span class='ocrx_word' id='word_1_24' title='bbox 909 290 1041 325; x_wconf 91' lang='lat' dir='ltr'>idcirco</span> <span class='ocrx_word' id='word_1_25' title='bbox 1066 300 1132 325; x_wconf 89' lang='lat' dir='ltr'>nec</span> <span class='ocrx_word' id='word_1_26' title='bbox 1155 290 1207 325; x_wconf 85' lang='lat' dir='ltr'>la-</span> 
     </span>
     <span class='ocr_line' id='line_1_8' title="bbox 125 335 1207 384; baseline -0.003 -11"><span class='ocrx_word' id='word_1_27' title='bbox 125 338 224 384; x_wconf 90' lang='lat' dir='ltr'>pides</span> <span class='ocrx_word' id='word_1_28' title='bbox 242 336 456 373; x_wconf 87' lang='lat' dir='ltr'>inaedificati</span> <span class='ocrx_word' id='word_1_29' title='bbox 476 339 665 380; x_wconf 85' lang='lat' dir='ltr'><strong>postquam</strong></span> <span class='ocrx_word' id='word_1_30' title='bbox 684 335 811 371; x_wconf 88' lang='lat' dir='ltr'>remoti</span> <span class='ocrx_word' id='word_1_31' title='bbox 831 338 915 370; x_wconf 88' lang='lat' dir='ltr'>sunt</span> <span class='ocrx_word' id='word_1_32' title='bbox 933 335 1106 370; x_wconf 92' lang='lat' dir='ltr'>vindicari</span> <span class='ocrx_word' id='word_1_33' title='bbox 1125 345 1207 380; x_wconf 89' lang='lat' dir='ltr'>pos-</span> 
     </span>
     <span class='ocr_line' id='line_1_9' title="bbox 125 380 1206 425; baseline -0.003 -7"><span class='ocrx_word' id='word_1_34' title='bbox 125 387 226 419; x_wconf 85' lang='lat' dir='ltr'>sunt:</span> <span class='ocrx_word' id='word_1_35' title='bbox 251 383 288 417; x_wconf 93' lang='lat' dir='ltr'>in</span> <span class='ocrx_word' id='word_1_36' title='bbox 310 381 445 417; x_wconf 85' lang='lat' dir='ltr'>factum</span> <span class='ocrx_word' id='word_1_37' title='bbox 469 385 588 415; x_wconf 90' lang='lat' dir='ltr'>autem</span> <span class='ocrx_word' id='word_1_38' title='bbox 608 381 748 416; x_wconf 86' lang='lat' dir='ltr'>actione</span> <span class='ocrx_word' id='word_1_39' title='bbox 767 380 911 425; x_wconf 91' lang='lat' dir='ltr'>petitori</span> <span class='ocrx_word' id='word_1_40' title='bbox 930 384 1031 416; x_wconf 84' lang='lat' dir='ltr'>extra</span> <span class='ocrx_word' id='word_1_41' title='bbox 1051 380 1206 416; x_wconf 83' lang='lat' dir='ltr'><strong>ordinem</strong></span> 
     </span>
     <span class='ocr_line' id='line_1_10' title="bbox 125 425 1207 471; baseline -0.004 -7"><span class='ocrx_word' id='word_1_42' title='bbox 125 428 348 469; x_wconf 88' lang='lat' dir='ltr'>subvenitur,</span> <span class='ocrx_word' id='word_1_43' title='bbox 372 429 413 461; x_wconf 90' lang='lat' dir='ltr'>ut</span> <span class='ocrx_word' id='word_1_44' title='bbox 435 426 485 468; x_wconf 90' lang='lat' dir='ltr'>is,</span> <span class='ocrx_word' id='word_1_45' title='bbox 511 426 571 471; x_wconf 92' lang='lat' dir='ltr'>qui</span> <span class='ocrx_word' id='word_1_46' title='bbox 594 426 663 461; x_wconf 90' lang='grc'>1100</span> <span class='ocrx_word' id='word_1_47' title='bbox 687 425 791 468; x_wconf 83' lang='grc'>10011,</span> <span class='ocrx_word' id='word_1_48' title='bbox 816 425 1002 461; x_wconf 83' lang='lat' dir='ltr'><strong>restituere</strong></span> <span class='ocrx_word' id='word_1_49' title='bbox 1026 436 1086 462; x_wconf 88' lang='lat' dir='ltr'>eos</span> <span class='ocrx_word' id='word_1_50' title='bbox 1112 436 1207 461; x_wconf 89' lang='lat' dir='ltr'>com-</span> 
     </span>
    </p>

    <p class='ocr_par' dir='ltr' id='par_1_7' title="bbox 122 470 1208 734">
     <span class='ocr_line' id='line_1_11' title="bbox 150 470 1206 509; baseline -0.002 -1"><span class='ocrx_word' id='word_1_51' title='bbox 150 474 287 509; x_wconf 87' lang='lat' dir='ltr'>ellatur.</span> <span class='ocrx_word' id='word_1_52' title='bbox 321 471 384 507; x_wconf 91' lang='lat' dir='ltr'>sed</span> <span class='ocrx_word' id='word_1_53' title='bbox 408 471 437 506; x_wconf 90' lang='lat' dir='ltr'>si</span> <span class='ocrx_word' id='word_1_54' title='bbox 462 471 568 506; x_wconf 89' lang='lat' dir='ltr'>alieni</span> <span class='ocrx_word' id='word_1_55' title='bbox 592 471 667 506; x_wconf 89' lang='lat' dir='ltr'>sine</span> <span class='ocrx_word' id='word_1_56' title='bbox 697 471 880 506; x_wconf 89' lang='lat' dir='ltr'>voluntate</span> <span class='ocrx_word' id='word_1_57' title='bbox 911 471 1042 506; x_wconf 91' lang='lat' dir='ltr'>domini</span> <span class='ocrx_word' id='word_1_58' title='bbox 1072 470 1206 506; x_wconf 84' lang='lat' dir='ltr'>inaedi-</span> 
     </span>
     <span class='ocr_line' id='line_1_12' title="bbox 139 516 1207 553; baseline -0.002 0"><span class='ocrx_word' id='word_1_59' title='bbox 139 518 222 553; x_wconf 89' lang='lat' dir='ltr'>&#39;cati</span> <span class='ocrx_word' id='word_1_60' title='bbox 243 516 376 552; x_wconf 84' lang='lat' dir='ltr'>fuerint</span> <span class='ocrx_word' id='word_1_61' title='bbox 398 520 434 551; x_wconf 92' lang='lat' dir='ltr'>et</span> <span class='ocrx_word' id='word_1_62' title='bbox 465 517 623 551; x_wconf 91' lang='lat' dir='ltr'>nondum</span> <span class='ocrx_word' id='word_1_63' title='bbox 653 516 777 552; x_wconf 85' lang='lat' dir='ltr'>functo</span> <span class='ocrx_word' id='word_1_64' title='bbox 809 520 1038 552; x_wconf 90' lang='lat' dir='ltr'>monumento</span> <span class='ocrx_word' id='word_1_65' title='bbox 1069 517 1107 552; x_wconf 94' lang='lat' dir='ltr'>in</span> <span class='ocrx_word' id='word_1_66' title='bbox 1138 516 1207 552; x_wconf 92' lang='lat' dir='ltr'>hoc</span> 
     </span>
     <span class='ocr_line' id='line_1_13' title="bbox 124 561 1206 606; baseline -0.002 -8"><span class='ocrx_word' id='word_1_67' title='bbox 124 562 272 598; x_wconf 88' lang='lat' dir='ltr'>detracti</span> <span class='ocrx_word' id='word_1_68' title='bbox 297 565 410 603; x_wconf 91' lang='lat' dir='ltr'>erunt,</span> <span class='ocrx_word' id='word_1_69' title='bbox 435 564 476 596; x_wconf 92' lang='lat' dir='ltr'>ut</span> <span class='ocrx_word' id='word_1_70' title='bbox 499 561 585 596; x_wconf 90' lang='lat' dir='ltr'>alibi</span> <span class='ocrx_word' id='word_1_71' title='bbox 607 565 880 606; x_wconf 83' lang='lat' dir='ltr'>reponerentur,</span> <span class='ocrx_word' id='word_1_72' title='bbox 905 565 1075 606; x_wconf 91' lang='lat' dir='ltr'>poterunt</span> <span class='ocrx_word' id='word_1_73' title='bbox 1098 572 1120 596; x_wconf 90' lang='lat' dir='ltr'>a</span> <span class='ocrx_word' id='word_1_74' title='bbox 1144 561 1206 596; x_wconf 88' lang='lat' dir='ltr'>do·</span> 
     </span>
     <span class='ocr_line' id='line_1_14' title="bbox 124 606 1206 652; baseline -0.002 -9"><span class='ocrx_word' id='word_1_75' title='bbox 124 609 217 643; x_wconf 87' lang='lat' dir='ltr'>mino</span> <span class='ocrx_word' id='word_1_76' title='bbox 248 607 430 643; x_wconf 85' lang='lat' dir='ltr'>vindicari.</span> <span class='ocrx_word' id='word_1_77' title='bbox 468 606 563 652; x_wconf 89' lang='lat' dir='ltr'>quod</span> <span class='ocrx_word' id='word_1_78' title='bbox 594 607 625 642; x_wconf 90' lang='lat' dir='ltr'>si</span> <span class='ocrx_word' id='word_1_79' title='bbox 654 607 692 641; x_wconf 91' lang='lat' dir='ltr'>in</span> <span class='ocrx_word' id='word_1_80' title='bbox 722 607 791 642; x_wconf 97' lang='grc'>1100</span> <span class='ocrx_word' id='word_1_81' title='bbox 824 607 977 642; x_wconf 89' lang='lat' dir='ltr'>detracti</span> <span class='ocrx_word' id='word_1_82' title='bbox 1012 611 1133 649; x_wconf 90' lang='lat' dir='ltr'>erunt,</span> <span class='ocrx_word' id='word_1_83' title='bbox 1165 610 1206 641; x_wconf 91' lang='lat' dir='ltr'>ut</span> 
     </span>
     <span class='ocr_line' id='line_1_15' title="bbox 122 652 1208 698; baseline -0.002 -9"><span class='ocrx_word' id='word_1_84' title='bbox 122 656 395 698; x_wconf 84' lang='lat' dir='ltr'>reponerentur,</span> <span class='ocrx_word' id='word_1_85' title='bbox 428 652 584 687; x_wconf 85' lang='lat' dir='ltr'>similiter</span> <span class='ocrx_word' id='word_1_86' title='bbox 619 652 799 688; x_wconf 92' lang='lat' dir='ltr'>dominum</span> <span class='ocrx_word' id='word_1_87' title='bbox 833 662 894 688; x_wconf 91' lang='lat' dir='ltr'>eos</span> <span class='ocrx_word' id='word_1_88' title='bbox 918 656 1079 697; x_wconf 88' lang='lat' dir='ltr'>repetere</span> <span class='ocrx_word' id='word_1_89' title='bbox 1101 662 1208 698; x_wconf 89' lang='lat' dir='ltr'>posse</span> 
     </span>
     <span class='ocr_line' id='line_1_16' title="bbox 123 701 273 734; baseline -0.007 0"><span class='ocrx_word' id='word_1_90' title='bbox 123 701 273 734; x_wconf 89' lang='lat' dir='ltr'>constat.</span> 
     </span>
    </p>

    <p class='ocr_par' dir='ltr' id='par_1_8' title="bbox 122 742 1207 833">
     <span class='ocr_line' id='line_1_17' title="bbox 167 742 1207 790; baseline -0.002 -10"><span class='ocrx_word' id='word_1_91' title='bbox 167 742 220 780; x_wconf 89' lang='grc'>44</span> <span class='ocrx_word' id='word_1_92' title='bbox 249 743 371 779; x_wconf 76' lang='lat' dir='ltr'>GAIUs</span> <span class='ocrx_word' id='word_1_93' title='bbox 399 742 489 778; x_wconf 78' lang='lat' dir='ltr'>libro</span> <span class='ocrx_word' id='word_1_94' title='bbox 522 743 712 778; x_wconf 80' lang='lat' dir='ltr'>vicensimo</span> <span class='ocrx_word' id='word_1_95' title='bbox 744 754 840 778; x_wconf 87' lang='lat' dir='ltr'>nono</span> <span class='ocrx_word' id='word_1_96' title='bbox 875 743 924 778; x_wconf 85' lang='lat' dir='ltr'>ad</span> <span class='ocrx_word' id='word_1_97' title='bbox 947 743 1100 779; x_wconf 78' lang='lat' dir='ltr'>edictum</span> <span class='ocrx_word' id='word_1_98' title='bbox 1119 754 1207 790; x_wconf 88' lang='lat' dir='ltr'>pro-</span> 
     </span>
     <span class='ocr_line' id='line_1_18' title="bbox 122 787 1125 833; baseline -0.002 -8"><span class='ocrx_word' id='word_1_99' title='bbox 122 789 273 825; x_wconf 81' lang='lat' dir='ltr'>vinciale</span> <span class='ocrx_word' id='word_1_100' title='bbox 317 788 474 823; x_wconf 82' lang='lat' dir='ltr'>Fructus</span> <span class='ocrx_word' id='word_1_101' title='bbox 498 787 694 833; x_wconf 84' lang='lat' dir='ltr'>pendentes</span> <span class='ocrx_word' id='word_1_102' title='bbox 718 798 802 833; x_wconf 89' lang='lat' dir='ltr'>pars</span> <span class='ocrx_word' id='word_1_103' title='bbox 826 788 928 823; x_wconf 85' lang='lat' dir='ltr'>fundi</span> <span class='ocrx_word' id='word_1_104' title='bbox 951 789 1125 824; x_wconf 85' lang='lat' dir='ltr'>videntur.</span> 
     </span>
    </p>

    <p class='ocr_par' dir='ltr' id='par_1_9' title="bbox 119 833 1208 1096">
     <span class='ocr_line' id='line_1_19' title="bbox 166 833 1205 880; baseline -0.002 -9"><span class='ocrx_word' id='word_1_105' title='bbox 166 833 219 871; x_wconf 91' lang='lat'>45</span> <span class='ocrx_word' id='word_1_106' title='bbox 252 833 447 869; x_wconf 76' lang='lat' dir='ltr'><em>ULPIANUS</em></span> <span class='ocrx_word' id='word_1_107' title='bbox 474 833 565 869; x_wconf 80' lang='lat' dir='ltr'>libro</span> <span class='ocrx_word' id='word_1_108' title='bbox 596 834 850 880; x_wconf 75' lang='lat' dir='ltr'>seaeaqensimo</span> <span class='ocrx_word' id='word_1_109' title='bbox 883 838 1007 869; x_wconf 79' lang='lat' dir='ltr'>octavo</span> <span class='ocrx_word' id='word_1_110' title='bbox 1040 835 1090 869; x_wconf 85' lang='lat' dir='ltr'>ad</span> <span class='ocrx_word' id='word_1_111' title='bbox 1111 834 1205 869; x_wconf 74' lang='lat' dir='ltr'>edic-</span> 
     </span>
     <span class='ocr_line' id='line_1_20' title="bbox 121 878 1205 924; baseline -0.001 -10"><span class='ocrx_word' id='word_1_112' title='bbox 121 885 194 914; x_wconf 85' lang='lat' dir='ltr'>tum</span> <span class='ocrx_word' id='word_1_113' title='bbox 241 879 279 914; x_wconf 89' lang='lat' dir='ltr'>Si</span> <span class='ocrx_word' id='word_1_114' title='bbox 302 880 407 914; x_wconf 93' lang='lat' dir='ltr'>homo</span> <span class='ocrx_word' id='word_1_115' title='bbox 432 878 489 921; x_wconf 88' lang='lat' dir='ltr'>sit,</span> <span class='ocrx_word' id='word_1_116' title='bbox 538 879 575 914; x_wconf 95' lang='lat' dir='ltr'>ui</span> <span class='ocrx_word' id='word_1_117' title='bbox 598 882 681 924; x_wconf 92' lang='lat' dir='ltr'>post</span> <span class='ocrx_word' id='word_1_118' title='bbox 704 879 972 914; x_wconf 91' lang='lat' dir='ltr'>conventionem</span> <span class='ocrx_word' id='word_1_119' title='bbox 997 879 1205 921; x_wconf 87' lang='lat' dir='ltr'>restituitur,</span> 
     </span>
     <span class='ocr_line' id='line_1_21' title="bbox 120 924 1207 970; baseline -0.002 -9"><span class='ocrx_word' id='word_1_120' title='bbox 120 925 150 961; x_wconf 88' lang='lat' dir='ltr'>si</span> <span class='ocrx_word' id='word_1_121' title='bbox 174 924 315 970; x_wconf 90' lang='lat' dir='ltr'>quidem</span> <span class='ocrx_word' id='word_1_122' title='bbox 339 934 361 959; x_wconf 90' lang='lat' dir='ltr'>a</span> <span class='ocrx_word' id='word_1_123' title='bbox 384 924 500 959; x_wconf 89' lang='lat' dir='ltr'>bonae</span> <span class='ocrx_word' id='word_1_124' title='bbox 538 924 605 960; x_wconf 87' lang='lat' dir='ltr'>&#39;dei</span> <span class='ocrx_word' id='word_1_125' title='bbox 634 934 860 969; x_wconf 87' lang='lat' dir='ltr'>possessore,</span> <span class='ocrx_word' id='word_1_126' title='bbox 892 929 979 969; x_wconf 90' lang='lat' dir='ltr'>puto</span> <span class='ocrx_word' id='word_1_127' title='bbox 1013 924 1207 960; x_wconf 89' lang='lat' dir='ltr'>cavendum</span> 
     </span>
     <span class='ocr_line' id='line_1_22' title="bbox 120 969 1208 1014; baseline -0.002 -8"><span class='ocrx_word' id='word_1_128' title='bbox 120 981 198 1006; x_wconf 88' lang='lat' dir='ltr'>esse</span> <span class='ocrx_word' id='word_1_129' title='bbox 228 970 272 1005; x_wconf 92' lang='lat' dir='ltr'>de</span> <span class='ocrx_word' id='word_1_130' title='bbox 304 969 385 1005; x_wconf 91' lang='lat' dir='ltr'>dolo</span> <span class='ocrx_word' id='word_1_131' title='bbox 418 969 513 1012; x_wconf 90' lang='lat' dir='ltr'>solo,</span> <span class='ocrx_word' id='word_1_132' title='bbox 549 969 679 1005; x_wconf 88' lang='lat' dir='ltr'>debere</span> <span class='ocrx_word' id='word_1_133' title='bbox 710 974 847 1005; x_wconf 89' lang='lat' dir='ltr'>ceteros</span> <span class='ocrx_word' id='word_1_134' title='bbox 880 970 985 1005; x_wconf 88' lang='lat' dir='ltr'>etiam</span> <span class='ocrx_word' id='word_1_135' title='bbox 1021 970 1065 1005; x_wconf 92' lang='lat' dir='ltr'>de</span> <span class='ocrx_word' id='word_1_136' title='bbox 1102 970 1208 1014; x_wconf 92' lang='lat' dir='ltr'>culpa</span> 
     </span>
     <span class='ocr_line' id='line_1_23' title="bbox 120 1014 1208 1061; baseline -0.002 -10"><span class='ocrx_word' id='word_1_137' title='bbox 120 1026 204 1051; x_wconf 84' lang='lat' dir='ltr'>sua:</span> <span class='ocrx_word' id='word_1_138' title='bbox 240 1015 333 1050; x_wconf 91' lang='lat' dir='ltr'>inter</span> <span class='ocrx_word' id='word_1_139' title='bbox 364 1025 453 1060; x_wconf 91' lang='lat' dir='ltr'>quos</span> <span class='ocrx_word' id='word_1_140' title='bbox 488 1014 555 1050; x_wconf 87' lang='lat' dir='ltr'>erit</span> <span class='ocrx_word' id='word_1_141' title='bbox 586 1019 621 1050; x_wconf 94' lang='lat' dir='ltr'>et</span> <span class='ocrx_word' id='word_1_142' title='bbox 652 1015 769 1051; x_wconf 86' lang='lat' dir='ltr'>bonae</span> <span class='ocrx_word' id='word_1_143' title='bbox 801 1015 883 1050; x_wconf 91' lang='lat' dir='ltr'>fidei</span> <span class='ocrx_word' id='word_1_144' title='bbox 916 1026 1102 1060; x_wconf 87' lang='lat' dir='ltr'>possessor</span> <span class='ocrx_word' id='word_1_145' title='bbox 1125 1018 1208 1061; x_wconf 90' lang='lat' dir='ltr'>post</span> 
     </span>
     <span class='ocr_line' id='line_1_24' title="bbox 119 1061 487 1096; baseline -0.003 0"><span class='ocrx_word' id='word_1_146' title='bbox 119 1061 215 1096; x_wconf 90' lang='lat' dir='ltr'>litem</span> <span class='ocrx_word' id='word_1_147' title='bbox 240 1063 487 1096; x_wconf 84' lang='lat' dir='ltr'>contestatam.</span> 
     </span>
    </p>

    <p class='ocr_par' dir='ltr' id='par_1_10' title="bbox 119 1103 1206 1242">
     <span class='ocr_line' id='line_1_25' title="bbox 165 1103 1206 1148; baseline -0.002 -6"><span class='ocrx_word' id='word_1_148' title='bbox 165 1103 218 1143; x_wconf 90' lang='grc'>46</span> <span class='ocrx_word' id='word_1_149' title='bbox 244 1105 403 1141; x_wconf 77' lang='lat' dir='ltr'><em>PAULUS</em></span> <span class='ocrx_word' id='word_1_150' title='bbox 431 1106 522 1141; x_wconf 79' lang='lat' dir='ltr'>libro</span> <span class='ocrx_word' id='word_1_151' title='bbox 556 1105 692 1141; x_wconf 77' lang='lat' dir='ltr'>decimo</span> <span class='ocrx_word' id='word_1_152' title='bbox 723 1106 773 1140; x_wconf 79' lang='lat' dir='ltr'>ad</span> <span class='ocrx_word' id='word_1_153' title='bbox 803 1105 976 1141; x_wconf 74' lang='lat' dir='ltr'>Sabinum</span> <span class='ocrx_word' id='word_1_154' title='bbox 1023 1105 1111 1140; x_wconf 91' lang='lat' dir='ltr'>Eius</span> <span class='ocrx_word' id='word_1_155' title='bbox 1143 1106 1206 1148; x_wconf 93' lang='lat' dir='ltr'>rei,</span> 
     </span>
     <span class='ocr_line' id='line_1_26' title="bbox 121 1151 1205 1197; baseline -0.001 -11"><span class='ocrx_word' id='word_1_156' title='bbox 121 1161 211 1197; x_wconf 89' lang='lat' dir='ltr'>quae</span> <span class='ocrx_word' id='word_1_157' title='bbox 234 1162 299 1196; x_wconf 89' lang='lat' dir='ltr'>per</span> <span class='ocrx_word' id='word_1_158' title='bbox 320 1151 358 1186; x_wconf 93' lang='lat' dir='ltr'>in</span> <span class='ocrx_word' id='word_1_159' title='bbox 381 1161 456 1186; x_wconf 92' lang='lat' dir='ltr'>rem</span> <span class='ocrx_word' id='word_1_160' title='bbox 480 1151 654 1186; x_wconf 85' lang='lat' dir='ltr'>actionem</span> <span class='ocrx_word' id='word_1_161' title='bbox 677 1151 790 1196; x_wconf 90' lang='lat' dir='ltr'>petita</span> <span class='ocrx_word' id='word_1_162' title='bbox 813 1151 905 1185; x_wconf 87' lang='lat' dir='ltr'>tanti</span> <span class='ocrx_word' id='word_1_163' title='bbox 929 1151 1117 1186; x_wconf 90' lang='lat' dir='ltr'>aestimata</span> <span class='ocrx_word' id='word_1_164' title='bbox 1142 1155 1205 1192; x_wconf 91' lang='lat' dir='ltr'>est,</span> 
     </span>
     <span class='ocr_line' id='line_1_27' title="bbox 119 1196 1206 1242; baseline -0.001 -11"><span class='ocrx_word' id='word_1_165' title='bbox 119 1197 243 1242; x_wconf 90' lang='lat' dir='ltr'>quanti</span> <span class='ocrx_word' id='word_1_166' title='bbox 266 1197 302 1231; x_wconf 93' lang='lat' dir='ltr'>in</span> <span class='ocrx_word' id='word_1_167' title='bbox 326 1197 421 1231; x_wconf 89' lang='lat' dir='ltr'>litem</span> <span class='ocrx_word' id='word_1_168' title='bbox 446 1200 546 1231; x_wconf 89' lang='lat' dir='ltr'>actor</span> <span class='ocrx_word' id='word_1_169' title='bbox 569 1196 754 1239; x_wconf 89' lang='lat' dir='ltr'>iuraverit,</span> <span class='ocrx_word' id='word_1_170' title='bbox 789 1196 981 1231; x_wconf 90' lang='lat' dir='ltr'>dominium</span> <span class='ocrx_word' id='word_1_171' title='bbox 1013 1197 1134 1232; x_wconf 89' lang='lat' dir='ltr'>statim</span> <span class='ocrx_word' id='word_1_172' title='bbox 1161 1196 1206 1231; x_wconf 91' lang='lat' dir='ltr'>ad</span> 
     </span>
    </p>

    <p class='ocr_par' dir='ltr' id='par_1_11' title="bbox 119 1242 1207 1332">
     <span class='ocr_line' id='line_1_28' title="bbox 145 1242 1207 1286; baseline -0.001 -9"><span class='ocrx_word' id='word_1_173' title='bbox 145 1253 360 1277; x_wconf 88' lang='lat' dir='ltr'>ossessorem</span> <span class='ocrx_word' id='word_1_174' title='bbox 394 1242 565 1286; x_wconf 88' lang='lat' dir='ltr'>pertinet:</span> <span class='ocrx_word' id='word_1_175' title='bbox 602 1242 816 1286; x_wconf 86' lang='lat' dir='ltr'>transegisse</span> <span class='ocrx_word' id='word_1_176' title='bbox 851 1242 943 1277; x_wconf 91' lang='lat' dir='ltr'>enim</span> <span class='ocrx_word' id='word_1_177' title='bbox 980 1253 1059 1276; x_wconf 89' lang='lat' dir='ltr'>eum</span> <span class='ocrx_word' id='word_1_178' title='bbox 1095 1252 1135 1277; x_wconf 91' lang='lat' dir='ltr'>eo</span> <span class='ocrx_word' id='word_1_179' title='bbox 1172 1246 1207 1276; x_wconf 94' lang='lat' dir='ltr'>et</span> 
     </span>
     <span class='ocr_line' id='line_1_29' title="bbox 119 1254 1091 1332; baseline 0 -10"><span class='ocrx_word' id='word_1_180' title='bbox 119 1254 292 1323; x_wconf 59' lang='lat' dir='ltr'>decidisse</span> <span class='ocrx_word' id='word_1_181' title='bbox 315 1287 437 1322; x_wconf 91' lang='lat' dir='ltr'>videor</span> <span class='ocrx_word' id='word_1_182' title='bbox 461 1297 500 1322; x_wconf 89' lang='lat' dir='ltr'>eo</span> <span class='ocrx_word' id='word_1_183' title='bbox 525 1287 651 1331; x_wconf 91' lang='lat' dir='ltr'>pretio,</span> <span class='ocrx_word' id='word_1_184' title='bbox 676 1287 772 1332; x_wconf 88' lang='lat' dir='ltr'>quod</span> <span class='ocrx_word' id='word_1_185' title='bbox 795 1288 872 1332; x_wconf 92' lang='lat' dir='ltr'>ipse</span> <span class='ocrx_word' id='word_1_186' title='bbox 896 1287 1091 1322; x_wconf 88' lang='lat' dir='ltr'>constituit.</span> 
     </span>
    </p>

    <p class='ocr_par' dir='ltr' id='par_1_12' title="bbox 117 1331 1207 1606">
     <span class='ocr_line' id='line_1_30' title="bbox 165 1331 1207 1378; baseline -0.001 -9"><span class='ocrx_word' id='word_1_187' title='bbox 165 1331 217 1369; x_wconf 87' lang='lat'>47</span> <span class='ocrx_word' id='word_1_188' title='bbox 244 1333 349 1368; x_wconf 74' lang='lat' dir='ltr'><em>IDEM</em></span> <span class='ocrx_word' id='word_1_189' title='bbox 369 1332 459 1367; x_wconf 77' lang='lat' dir='ltr'>libro</span> <span class='ocrx_word' id='word_1_190' title='bbox 483 1333 632 1378; x_wconf 80' lang='lat' dir='ltr'>septimo</span> <span class='ocrx_word' id='word_1_191' title='bbox 657 1332 792 1368; x_wconf 78' lang='lat' dir='ltr'>decimo</span> <span class='ocrx_word' id='word_1_192' title='bbox 817 1333 866 1368; x_wconf 83' lang='lat' dir='ltr'>ad</span> <span class='ocrx_word' id='word_1_193' title='bbox 888 1332 1072 1367; x_wconf 78' lang='lat' dir='ltr'>Plautium</span> <span class='ocrx_word' id='word_1_194' title='bbox 1106 1333 1207 1368; x_wconf 89' lang='lat' dir='ltr'>Haec</span> 
     </span>
     <span class='ocr_line' id='line_1_31' title="bbox 119 1377 1204 1423; baseline 0 -11"><span class='ocrx_word' id='word_1_195' title='bbox 119 1379 149 1413; x_wconf 88' lang='lat' dir='ltr'>si</span> <span class='ocrx_word' id='word_1_196' title='bbox 172 1389 228 1413; x_wconf 92' lang='lat' dir='ltr'>res</span> <span class='ocrx_word' id='word_1_197' title='bbox 252 1388 421 1423; x_wconf 88' lang='lat' dir='ltr'>praesens</span> <span class='ocrx_word' id='word_1_198' title='bbox 447 1377 509 1412; x_wconf 87' lang='lat' dir='ltr'>sit:</span> <span class='ocrx_word' id='word_1_199' title='bbox 542 1377 572 1412; x_wconf 92' lang='lat' dir='ltr'>si</span> <span class='ocrx_word' id='word_1_200' title='bbox 604 1378 753 1420; x_wconf 91' lang='lat' dir='ltr'>absens,</span> <span class='ocrx_word' id='word_1_201' title='bbox 786 1382 872 1413; x_wconf 88' lang='lat' dir='ltr'>tunc</span> <span class='ocrx_word' id='word_1_202' title='bbox 905 1389 986 1412; x_wconf 91' lang='lat' dir='ltr'>cum</span> <span class='ocrx_word' id='word_1_203' title='bbox 1010 1378 1204 1423; x_wconf 89' lang='lat' dir='ltr'>possessio-</span> 
     </span>
     <span class='ocr_line' id='line_1_32' title="bbox 118 1423 1202 1468; baseline 0 -10"><span class='ocrx_word' id='word_1_204' title='bbox 118 1435 199 1459; x_wconf 88' lang='lat' dir='ltr'>nem</span> <span class='ocrx_word' id='word_1_205' title='bbox 223 1423 297 1458; x_wconf 91' lang='lat' dir='ltr'>eius</span> <span class='ocrx_word' id='word_1_206' title='bbox 321 1433 507 1468; x_wconf 89' lang='lat' dir='ltr'>possessor</span> <span class='ocrx_word' id='word_1_207' title='bbox 539 1426 667 1458; x_wconf 91' lang='lat' dir='ltr'>nactus</span> <span class='ocrx_word' id='word_1_208' title='bbox 702 1423 747 1458; x_wconf 92' lang='lat' dir='ltr'>sit</span> <span class='ocrx_word' id='word_1_209' title='bbox 779 1433 822 1458; x_wconf 84' lang='lat' dir='ltr'>ex</span> <span class='ocrx_word' id='word_1_210' title='bbox 845 1424 1029 1458; x_wconf 88' lang='lat' dir='ltr'>voluntate</span> <span class='ocrx_word' id='word_1_211' title='bbox 1053 1423 1202 1458; x_wconf 83' lang='lat' dir='ltr'>actoris:</span> 
     </span>
     <span class='ocr_line' id='line_1_33' title="bbox 120 1468 1207 1504; baseline -0.001 0"><span class='ocrx_word' id='word_1_212' title='bbox 120 1473 155 1504; x_wconf 89' lang='lat' dir='ltr'>et</span> <span class='ocrx_word' id='word_1_213' title='bbox 184 1469 263 1504; x_wconf 91' lang='lat' dir='ltr'>ideo</span> <span class='ocrx_word' id='word_1_214' title='bbox 287 1479 361 1503; x_wconf 91' lang='lat' dir='ltr'>non</span> <span class='ocrx_word' id='word_1_215' title='bbox 384 1472 438 1503; x_wconf 90' lang='lat' dir='ltr'>est</span> <span class='ocrx_word' id='word_1_216' title='bbox 461 1468 615 1503; x_wconf 88' lang='lat' dir='ltr'>alienum</span> <span class='ocrx_word' id='word_1_217' title='bbox 639 1479 712 1504; x_wconf 92' lang='lat' dir='ltr'>non</span> <span class='ocrx_word' id='word_1_218' title='bbox 736 1469 838 1504; x_wconf 90' lang='lat' dir='ltr'>aliter</span> <span class='ocrx_word' id='word_1_219' title='bbox 861 1469 958 1504; x_wconf 90' lang='lat' dir='ltr'>litem</span> <span class='ocrx_word' id='word_1_220' title='bbox 982 1469 1162 1503; x_wconf 90' lang='lat' dir='ltr'>aestimari</span> <span class='ocrx_word' id='word_1_221' title='bbox 1186 1479 1207 1503; x_wconf 93' lang='lat' dir='ltr'>a</span> 
     </span>
     <span class='ocr_line' id='line_1_34' title="bbox 117 1514 1207 1566; baseline -0.001 -17"><span class='ocrx_word' id='word_1_222' title='bbox 117 1514 250 1557; x_wconf 90' lang='lat' dir='ltr'>iudice,</span> <span class='ocrx_word' id='word_1_223' title='bbox 284 1524 390 1558; x_wconf 89' lang='lat' dir='ltr'>quam</span> <span class='ocrx_word' id='word_1_224' title='bbox 415 1514 444 1548; x_wconf 92' lang='lat' dir='ltr'>si</span> <span class='ocrx_word' id='word_1_225' title='bbox 469 1514 602 1548; x_wconf 87' lang='lat' dir='ltr'>caverit</span> <span class='ocrx_word' id='word_1_226' title='bbox 626 1518 745 1556; x_wconf 89' lang='lat' dir='ltr'>actor,</span> <span class='ocrx_word' id='word_1_227' title='bbox 779 1514 875 1559; x_wconf 89' lang='lat' dir='ltr'>quod</span> <span class='ocrx_word' id='word_1_228' title='bbox 898 1524 962 1566; x_wconf 88' lang='lat' dir='ltr'>per</span> <span class='ocrx_word' id='word_1_229' title='bbox 986 1525 1024 1549; x_wconf 91' lang='lat' dir='ltr'>se</span> <span class='ocrx_word' id='word_1_230' title='bbox 1048 1525 1119 1549; x_wconf 89' lang='lat' dir='ltr'>non</span> <span class='ocrx_word' id='word_1_231' title='bbox 1143 1514 1207 1548; x_wconf 85' lang='lat' dir='ltr'>fiat</span> 
     </span>
     <span class='ocr_line' id='line_1_35' title="bbox 118 1559 919 1606; baseline -0.001 -11"><span class='ocrx_word' id='word_1_232' title='bbox 118 1559 378 1606; x_wconf 89' lang='lat' dir='ltr'>possessionem</span> <span class='ocrx_word' id='word_1_233' title='bbox 403 1559 477 1594; x_wconf 89' lang='lat' dir='ltr'>eius</span> <span class='ocrx_word' id='word_1_234' title='bbox 501 1559 553 1594; x_wconf 92' lang='lat' dir='ltr'>rei</span> <span class='ocrx_word' id='word_1_235' title='bbox 576 1570 648 1594; x_wconf 91' lang='lat' dir='ltr'>non</span> <span class='ocrx_word' id='word_1_236' title='bbox 671 1559 842 1594; x_wconf 88' lang='lat' dir='ltr'>traditum</span> <span class='ocrx_word' id='word_1_237' title='bbox 866 1560 919 1594; x_wconf 91' lang='lat' dir='ltr'>ir1.</span> 
     </span>
    </p>

    <p class='ocr_par' dir='ltr' id='par_1_13' title="bbox 117 1603 1208 2012">
     <span class='ocr_line' id='line_1_36' title="bbox 164 1603 1205 1651; baseline -0.001 -11"><span class='ocrx_word' id='word_1_238' title='bbox 164 1603 217 1643; x_wconf 85' lang='lat'>48</span> <span class='ocrx_word' id='word_1_239' title='bbox 239 1605 485 1640; x_wconf 74' lang='lat' dir='ltr'><em>PAPINIANUS</em></span> <span class='ocrx_word' id='word_1_240' title='bbox 501 1604 591 1640; x_wconf 79' lang='lat' dir='ltr'>libro</span> <span class='ocrx_word' id='word_1_241' title='bbox 610 1605 767 1640; x_wconf 84' lang='lat' dir='ltr'>secundo</span> <span class='ocrx_word' id='word_1_242' title='bbox 786 1616 1042 1651; x_wconf 80' lang='lat' dir='ltr'>responsorum</span> <span class='ocrx_word' id='word_1_243' title='bbox 1079 1605 1205 1649; x_wconf 86' lang='lat' dir='ltr'>Sump-</span> 
     </span>
     <span class='ocr_line' id='line_1_37' title="bbox 118 1649 1208 1695; baseline -0.002 -9"><span class='ocrx_word' id='word_1_244' title='bbox 118 1656 177 1686; x_wconf 91' lang='lat' dir='ltr'>tus</span> <span class='ocrx_word' id='word_1_245' title='bbox 196 1651 233 1686; x_wconf 92' lang='lat' dir='ltr'>in</span> <span class='ocrx_word' id='word_1_246' title='bbox 251 1650 447 1695; x_wconf 88' lang='lat' dir='ltr'>praedium,</span> <span class='ocrx_word' id='word_1_247' title='bbox 473 1649 569 1695; x_wconf 91' lang='lat' dir='ltr'>quod</span> <span class='ocrx_word' id='word_1_248' title='bbox 589 1650 744 1684; x_wconf 91' lang='lat' dir='ltr'>alienum</span> <span class='ocrx_word' id='word_1_249' title='bbox 764 1660 841 1686; x_wconf 91' lang='lat' dir='ltr'>esse</span> <span class='ocrx_word' id='word_1_250' title='bbox 864 1650 1041 1695; x_wconf 89' lang='lat' dir='ltr'>apparuit,</span> <span class='ocrx_word' id='word_1_251' title='bbox 1067 1661 1088 1685; x_wconf 87' lang='lat' dir='ltr'>a</span> <span class='ocrx_word' id='word_1_252' title='bbox 1111 1651 1208 1685; x_wconf 89' lang='lat' dir='ltr'>bona</span> 
     </span>
     <span class='ocr_line' id='line_1_38' title="bbox 118 1694 1205 1741; baseline -0.001 -10"><span class='ocrx_word' id='word_1_253' title='bbox 118 1696 187 1731; x_wconf 91' lang='lat' dir='ltr'>fide</span> <span class='ocrx_word' id='word_1_254' title='bbox 211 1705 414 1741; x_wconf 89' lang='lat' dir='ltr'>possessore</span> <span class='ocrx_word' id='word_1_255' title='bbox 437 1694 524 1730; x_wconf 90' lang='lat' dir='ltr'>facti</span> <span class='ocrx_word' id='word_1_256' title='bbox 548 1705 662 1740; x_wconf 89' lang='lat' dir='ltr'>neque</span> <span class='ocrx_word' id='word_1_257' title='bbox 682 1696 727 1730; x_wconf 93' lang='lat' dir='ltr'>ab</span> <span class='ocrx_word' id='word_1_258' title='bbox 748 1706 789 1731; x_wconf 93' lang='lat' dir='ltr'>eo</span> <span class='ocrx_word' id='word_1_259' title='bbox 810 1696 870 1741; x_wconf 87' lang='lat' dir='ltr'>qui</span> <span class='ocrx_word' id='word_1_260' title='bbox 889 1696 1074 1740; x_wconf 89' lang='lat' dir='ltr'>praedium</span> <span class='ocrx_word' id='word_1_261' title='bbox 1096 1695 1205 1730; x_wconf 90' lang='lat' dir='ltr'>dona-</span> 
     </span>
     <span class='ocr_line' id='line_1_39' title="bbox 118 1741 1207 1786; baseline -0.001 -10"><span class='ocrx_word' id='word_1_262' title='bbox 118 1742 168 1777; x_wconf 88' lang='lat' dir='ltr'>vit</span> <span class='ocrx_word' id='word_1_263' title='bbox 190 1751 305 1786; x_wconf 90' lang='lat' dir='ltr'>neque</span> <span class='ocrx_word' id='word_1_264' title='bbox 329 1752 351 1775; x_wconf 88' lang='lat' dir='ltr'>a</span> <span class='ocrx_word' id='word_1_265' title='bbox 374 1741 515 1776; x_wconf 91' lang='lat' dir='ltr'>domino</span> <span class='ocrx_word' id='word_1_266' title='bbox 540 1741 613 1785; x_wconf 91' lang='lat' dir='ltr'>peti</span> <span class='ocrx_word' id='word_1_267' title='bbox 643 1745 812 1785; x_wconf 90' lang='lat' dir='ltr'>possunt,</span> <span class='ocrx_word' id='word_1_268' title='bbox 845 1751 967 1776; x_wconf 89' lang='lat' dir='ltr'>verum</span> <span class='ocrx_word' id='word_1_269' title='bbox 1000 1741 1207 1785; x_wconf 86' lang='lat' dir='ltr'>exceptione</span> 
     </span>
     <span class='ocr_line' id='line_1_40' title="bbox 119 1785 1205 1832; baseline -0.001 -10"><span class='ocrx_word' id='word_1_270' title='bbox 119 1787 190 1822; x_wconf 92' lang='lat' dir='ltr'>doli</span> <span class='ocrx_word' id='word_1_271' title='bbox 213 1787 330 1832; x_wconf 88' lang='lat' dir='ltr'>posita</span> <span class='ocrx_word' id='word_1_272' title='bbox 381 1796 418 1820; x_wconf 92' lang='lat' dir='ltr'>er</span> <span class='ocrx_word' id='word_1_273' title='bbox 442 1785 599 1821; x_wconf 89' lang='lat' dir='ltr'>officium</span> <span class='ocrx_word' id='word_1_274' title='bbox 618 1786 744 1821; x_wconf 92' lang='lat' dir='ltr'>iudicis</span> <span class='ocrx_word' id='word_1_275' title='bbox 765 1787 954 1831; x_wconf 88' lang='lat' dir='ltr'>aequitatis</span> <span class='ocrx_word' id='word_1_276' title='bbox 974 1787 1112 1821; x_wconf 90' lang='lat' dir='ltr'>ratione</span> <span class='ocrx_word' id='word_1_277' title='bbox 1132 1797 1205 1821; x_wconf 91' lang='lat' dir='ltr'>ser-</span> 
     </span>
     <span class='ocr_line' id='line_1_41' title="bbox 118 1798 1207 1874; baseline -0.002 -6"><span class='ocrx_word' id='word_1_278' title='bbox 118 1836 266 1874; x_wconf 91' lang='lat' dir='ltr'>vantur,</span> <span class='ocrx_word' id='word_1_279' title='bbox 299 1798 435 1867; x_wconf 58' lang='lat' dir='ltr'>scilicet</span> <span class='ocrx_word' id='word_1_280' title='bbox 458 1832 488 1866; x_wconf 90' lang='lat' dir='ltr'>si</span> <span class='ocrx_word' id='word_1_281' title='bbox 511 1831 692 1867; x_wconf 84' lang='lat' dir='ltr'>fructuum</span> <span class='ocrx_word' id='word_1_282' title='bbox 724 1836 808 1866; x_wconf 88' lang='lat' dir='ltr'>ante</span> <span class='ocrx_word' id='word_1_283' title='bbox 841 1832 940 1866; x_wconf 91' lang='lat' dir='ltr'>litem</span> <span class='ocrx_word' id='word_1_284' title='bbox 972 1835 1207 1867; x_wconf 85' lang='lat' dir='ltr'>contestatam</span> 
     </span>
     <span class='ocr_line' id='line_1_42' title="bbox 117 1877 1205 1923; baseline 0 -11"><span class='ocrx_word' id='word_1_285' title='bbox 117 1881 367 1923; x_wconf 88' lang='lat' dir='ltr'>perceptorum</span> <span class='ocrx_word' id='word_1_286' title='bbox 382 1887 554 1912; x_wconf 91' lang='lat' dir='ltr'>summam</span> <span class='ocrx_word' id='word_1_287' title='bbox 567 1877 758 1912; x_wconf 83' lang='lat' dir='ltr'>excedant:</span> <span class='ocrx_word' id='word_1_288' title='bbox 785 1878 913 1912; x_wconf 86' lang='lat' dir='ltr'>etenim</span> <span class='ocrx_word' id='word_1_289' title='bbox 934 1877 1090 1912; x_wconf 89' lang='lat' dir='ltr'>admissa</span> <span class='ocrx_word' id='word_1_290' title='bbox 1111 1888 1205 1912; x_wconf 91' lang='lat' dir='ltr'>com-</span> 
     </span>
     <span class='ocr_line' id='line_1_43' title="bbox 118 1922 1205 1969; baseline -0.001 -11"><span class='ocrx_word' id='word_1_291' title='bbox 118 1923 327 1969; x_wconf 87' lang='lat' dir='ltr'>pensatione</span> <span class='ocrx_word' id='word_1_292' title='bbox 339 1922 558 1967; x_wconf 89' lang='lat' dir='ltr'>superfiuum</span> <span class='ocrx_word' id='word_1_293' title='bbox 578 1926 759 1967; x_wconf 91' lang='lat' dir='ltr'>sumptum</span> <span class='ocrx_word' id='word_1_294' title='bbox 779 1923 922 1958; x_wconf 90' lang='lat' dir='ltr'>meliore</span> <span class='ocrx_word' id='word_1_295' title='bbox 942 1923 1087 1967; x_wconf 90' lang='lat' dir='ltr'>praedio</span> <span class='ocrx_word' id='word_1_296' title='bbox 1109 1923 1205 1958; x_wconf 86' lang='lat' dir='ltr'>facto</span> 
     </span>
     <span class='ocr_line' id='line_1_44' title="bbox 120 1968 664 2012; baseline -0.002 -9"><span class='ocrx_word' id='word_1_297' title='bbox 120 1969 282 2003; x_wconf 90' lang='lat' dir='ltr'>dominus</span> <span class='ocrx_word' id='word_1_298' title='bbox 306 1968 492 2002; x_wconf 87' lang='lat' dir='ltr'>restituere</span> <span class='ocrx_word' id='word_1_299' title='bbox 517 1968 664 2012; x_wconf 85' lang='lat' dir='ltr'>cogitur.</span> 
     </span>
    </p>

    <p class='ocr_par' dir='ltr' id='par_1_14' title="bbox 118 2011 1208 2193">
     <span class='ocr_line' id='line_1_45' title="bbox 165 2011 1207 2057; baseline -0.002 -7"><span class='ocrx_word' id='word_1_300' title='bbox 165 2011 217 2050; x_wconf 83' lang='grc'>49</span> <span class='ocrx_word' id='word_1_301' title='bbox 246 2013 388 2049; x_wconf 72' lang='lat' dir='ltr'>CELsUs</span> <span class='ocrx_word' id='word_1_302' title='bbox 409 2014 501 2048; x_wconf 68' lang='lat' dir='ltr'>libro</span> <span class='ocrx_word' id='word_1_303' title='bbox 526 2017 650 2048; x_wconf 80' lang='lat' dir='ltr'>octavo</span> <span class='ocrx_word' id='word_1_304' title='bbox 674 2015 806 2049; x_wconf 73' lang='lat' dir='ltr'>decimo</span> <span class='ocrx_word' id='word_1_305' title='bbox 828 2013 1048 2057; x_wconf 76' lang='lat' dir='ltr'>diqestorum</span> <span class='ocrx_word' id='word_1_306' title='bbox 1085 2013 1207 2048; x_wconf 88' lang='lat' dir='ltr'>Solum</span> 
     </span>
     <span class='ocr_line' id='line_1_46' title="bbox 118 2052 1208 2104; baseline 0 -11"><span class='ocrx_word' id='word_1_307' title='bbox 118 2063 255 2104; x_wconf 88' lang='lat' dir='ltr'>partem</span> <span class='ocrx_word' id='word_1_308' title='bbox 288 2069 365 2094; x_wconf 90' lang='lat' dir='ltr'>esse</span> <span class='ocrx_word' id='word_1_309' title='bbox 397 2058 536 2093; x_wconf 91' lang='lat' dir='ltr'>aedium</span> <span class='ocrx_word' id='word_1_310' title='bbox 568 2059 727 2093; x_wconf 88' lang='lat' dir='ltr'>existimo</span> <span class='ocrx_word' id='word_1_311' title='bbox 752 2069 818 2094; x_wconf 90' lang='lat' dir='ltr'>nec</span> <span class='ocrx_word' id='word_1_312' title='bbox 843 2052 998 2103; x_wconf 84' lang='lat' dir='ltr'>alioquin</span> <span class='ocrx_word' id='word_1_313' title='bbox 1023 2059 1208 2094; x_wconf 87' lang='lat' dir='ltr'>subiacere</span> 
     </span>
     <span class='ocr_line' id='line_1_47' title="bbox 122 2104 1208 2149; baseline 0 -10"><span class='ocrx_word' id='word_1_314' title='bbox 122 2109 135 2139; x_wconf 91' lang='lat'>1</span> <span class='ocrx_word' id='word_1_315' title='bbox 186 2104 240 2140; x_wconf 89' lang='lat' dir='ltr'>uti</span> <span class='ocrx_word' id='word_1_316' title='bbox 273 2114 370 2138; x_wconf 89' lang='lat' dir='ltr'>mare</span> <span class='ocrx_word' id='word_1_317' title='bbox 400 2104 561 2139; x_wconf 89' lang='lat' dir='ltr'>navibus.</span> <span class='ocrx_word' id='word_1_318' title='bbox 610 2104 732 2139; x_wconf 90' lang='lat' dir='ltr'>Meum</span> <span class='ocrx_word' id='word_1_319' title='bbox 764 2109 836 2146; x_wconf 89' lang='lat' dir='ltr'>est,</span> <span class='ocrx_word' id='word_1_320' title='bbox 870 2104 965 2149; x_wconf 89' lang='lat' dir='ltr'>quod</span> <span class='ocrx_word' id='word_1_321' title='bbox 999 2115 1041 2139; x_wconf 88' lang='lat' dir='ltr'>ex</span> <span class='ocrx_word' id='word_1_322' title='bbox 1065 2115 1105 2139; x_wconf 90' lang='lat' dir='ltr'>re</span> <span class='ocrx_word' id='word_1_323' title='bbox 1129 2114 1208 2138; x_wconf 89' lang='lat' dir='ltr'>mea</span> 
     </span>
     <span class='ocr_line' id='line_1_48' title="bbox 119 2148 875 2193; baseline -0.001 -8"><span class='ocrx_word' id='word_1_324' title='bbox 119 2153 291 2193; x_wconf 88' lang='lat' dir='ltr'>superest,</span> <span class='ocrx_word' id='word_1_325' title='bbox 318 2149 418 2184; x_wconf 92' lang='lat' dir='ltr'>cuius</span> <span class='ocrx_word' id='word_1_326' title='bbox 442 2148 645 2184; x_wconf 88' lang='lat' dir='ltr'>vindicandi</span> <span class='ocrx_word' id='word_1_327' title='bbox 668 2150 724 2184; x_wconf 92' lang='lat' dir='ltr'>ius</span> <span class='ocrx_word' id='word_1_328' title='bbox 748 2149 875 2184; x_wconf 86' lang='lat' dir='ltr'>habeo.</span> 
     </span>
    </p>

    <p class='ocr_par' dir='ltr' id='par_1_15' title="bbox 118 2194 1211 2457">
     <span class='ocr_line' id='line_1_49' title="bbox 165 2194 1211 2233; baseline 0.001 -4"><span class='ocrx_word' id='word_1_329' title='bbox 165 2194 216 2233; x_wconf 89' lang='lat'>50</span> <span class='ocrx_word' id='word_1_330' title='bbox 253 2194 537 2230; x_wconf 73' lang='lat' dir='ltr'><em>CALLISTRATUS</em></span> <span class='ocrx_word' id='word_1_331' title='bbox 566 2195 656 2230; x_wconf 80' lang='lat' dir='ltr'>libro</span> <span class='ocrx_word' id='word_1_332' title='bbox 691 2194 847 2230; x_wconf 79' lang='lat' dir='ltr'>secundo</span> <span class='ocrx_word' id='word_1_333' title='bbox 883 2195 992 2230; x_wconf 77' lang='lat' dir='ltr'>edicti</span> <span class='ocrx_word' id='word_1_334' title='bbox 1025 2196 1211 2230; x_wconf 81' lang='lat' dir='ltr'>monz&#39;torz&#39;i</span> 
     </span>
     <span class='ocr_line' id='line_1_50' title="bbox 118 2239 1208 2285; baseline 0 -10"><span class='ocrx_word' id='word_1_335' title='bbox 118 2240 155 2275; x_wconf 89' lang='lat' dir='ltr'>Si</span> <span class='ocrx_word' id='word_1_336' title='bbox 179 2251 262 2285; x_wconf 91' lang='lat' dir='ltr'>ager</span> <span class='ocrx_word' id='word_1_337' title='bbox 285 2250 329 2275; x_wconf 87' lang='lat' dir='ltr'>ex</span> <span class='ocrx_word' id='word_1_338' title='bbox 350 2239 536 2284; x_wconf 87' lang='lat' dir='ltr'>emptionis</span> <span class='ocrx_word' id='word_1_339' title='bbox 557 2250 667 2274; x_wconf 89' lang='lat' dir='ltr'>causa</span> <span class='ocrx_word' id='word_1_340' title='bbox 687 2240 732 2274; x_wconf 90' lang='lat' dir='ltr'>ad</span> <span class='ocrx_word' id='word_1_341' title='bbox 752 2240 904 2284; x_wconf 89' lang='lat' dir='ltr'>aliquem</span> <span class='ocrx_word' id='word_1_342' title='bbox 923 2240 1110 2284; x_wconf 87' lang='lat' dir='ltr'>pertineat,</span> <span class='ocrx_word' id='word_1_343' title='bbox 1136 2251 1208 2276; x_wconf 93' lang='lat' dir='ltr'>non</span> 
     </span>
     <span class='ocr_line' id='line_1_51' title="bbox 118 2285 1208 2330; baseline 0 -10"><span class='ocrx_word' id='word_1_344' title='bbox 118 2290 214 2321; x_wconf 90' lang='lat' dir='ltr'>recte</span> <span class='ocrx_word' id='word_1_345' title='bbox 238 2286 307 2320; x_wconf 90' lang='lat' dir='ltr'>hac</span> <span class='ocrx_word' id='word_1_346' title='bbox 331 2285 472 2320; x_wconf 91' lang='lat' dir='ltr'>actione</span> <span class='ocrx_word' id='word_1_347' title='bbox 496 2285 552 2329; x_wconf 87' lang='lat' dir='ltr'>agi</span> <span class='ocrx_word' id='word_1_348' title='bbox 576 2285 726 2330; x_wconf 84' lang='lat' dir='ltr'>poterit,</span> <span class='ocrx_word' id='word_1_349' title='bbox 759 2289 949 2330; x_wconf 91' lang='lat' dir='ltr'>antequam</span> <span class='ocrx_word' id='word_1_350' title='bbox 981 2285 1137 2321; x_wconf 86' lang='lat' dir='ltr'>traditus</span> <span class='ocrx_word' id='word_1_351' title='bbox 1162 2286 1208 2320; x_wconf 91' lang='lat' dir='ltr'>sit</span> 
     </span>
     <span class='ocr_line' id='line_1_52' title="bbox 123 2330 1208 2382; baseline 0 -16"><span class='ocrx_word' id='word_1_352' title='bbox 123 2335 134 2365; x_wconf 90' lang='lat' dir='ltr'>l</span> <span class='ocrx_word' id='word_1_353' title='bbox 186 2341 269 2376; x_wconf 86' lang='lat' dir='ltr'>ager</span> <span class='ocrx_word' id='word_1_354' title='bbox 299 2335 456 2375; x_wconf 89' lang='lat' dir='ltr'>tuncque</span> <span class='ocrx_word' id='word_1_355' title='bbox 478 2330 656 2382; x_wconf 84' lang='lat' dir='ltr'>possessio</span> <span class='ocrx_word' id='word_1_356' title='bbox 682 2330 813 2365; x_wconf 89' lang='lat' dir='ltr'>amissa</span> <span class='ocrx_word' id='word_1_357' title='bbox 837 2331 893 2365; x_wconf 90' lang='lat' dir='ltr'>sit.</span> <span class='ocrx_word' id='word_1_358' title='bbox 943 2331 1013 2366; x_wconf 89' lang='lat' dir='ltr'>Sed</span> <span class='ocrx_word' id='word_1_359' title='bbox 1036 2332 1139 2366; x_wconf 90' lang='lat' dir='ltr'>heres</span> <span class='ocrx_word' id='word_1_360' title='bbox 1164 2331 1208 2366; x_wconf 92' lang='lat' dir='ltr'>de</span> 
     </span>
     <span class='ocr_line' id='line_1_53' title="bbox 119 2375 1206 2422; baseline 0 -10"><span class='ocrx_word' id='word_1_361' title='bbox 119 2387 159 2412; x_wconf 88' lang='lat' dir='ltr'>co</span> <span class='ocrx_word' id='word_1_362' title='bbox 186 2376 280 2421; x_wconf 91' lang='lat' dir='ltr'>quod</span> <span class='ocrx_word' id='word_1_363' title='bbox 304 2375 494 2411; x_wconf 79' lang='lat' dir='ltr'>hereditati</span> <span class='ocrx_word' id='word_1_364' title='bbox 518 2376 700 2410; x_wconf 91' lang='lat' dir='ltr'>obvenerit</span> <span class='ocrx_word' id='word_1_365' title='bbox 723 2381 820 2411; x_wconf 89' lang='lat' dir='ltr'>recte</span> <span class='ocrx_word' id='word_1_366' title='bbox 844 2380 935 2421; x_wconf 90' lang='lat' dir='ltr'>aget,</span> <span class='ocrx_word' id='word_1_367' title='bbox 962 2377 1100 2411; x_wconf 88' lang='lat' dir='ltr'>etiamsi</span> <span class='ocrx_word' id='word_1_368' title='bbox 1123 2387 1206 2422; x_wconf 92' lang='lat' dir='ltr'>pos-</span> 
     </span>
     <span class='ocr_line' id='line_1_54' title="bbox 118 2421 850 2457; baseline -0.003 0"><span class='ocrx_word' id='word_1_369' title='bbox 118 2423 312 2457; x_wconf 87' lang='lat' dir='ltr'>sessionem</span> <span class='ocrx_word' id='word_1_370' title='bbox 337 2421 412 2455; x_wconf 90' lang='lat' dir='ltr'>eius</span> <span class='ocrx_word' id='word_1_371' title='bbox 437 2421 555 2456; x_wconf 90' lang='lat' dir='ltr'>adhuc</span> <span class='ocrx_word' id='word_1_372' title='bbox 579 2432 651 2456; x_wconf 92' lang='lat' dir='ltr'>non</span> <span class='ocrx_word' id='word_1_373' title='bbox 675 2421 850 2456; x_wconf 90' lang='lat' dir='ltr'>habuerit.</span> 
     </span>
    </p>

    <p class='ocr_par' dir='ltr' id='par_1_16' title="bbox 117 2466 1208 2639">
     <span class='ocr_line' id='line_1_55' title="bbox 164 2466 1208 2504; baseline -0.002 0"><span class='ocrx_word' id='word_1_374' title='bbox 164 2466 212 2504; x_wconf 90' lang='lat'>51</span> <span class='ocrx_word' id='word_1_375' title='bbox 242 2467 471 2502; x_wconf 76' lang='lat' dir='ltr'><em>POMPONIUS</em></span> <span class='ocrx_word' id='word_1_376' title='bbox 493 2467 584 2502; x_wconf 81' lang='lat' dir='ltr'>libro</span> <span class='ocrx_word' id='word_1_377' title='bbox 608 2470 713 2502; x_wconf 74' lang='lat' dir='ltr'>sexto</span> <span class='ocrx_word' id='word_1_378' title='bbox 735 2467 871 2502; x_wconf 74' lang='lat' dir='ltr'>decz&#39;mo</span> <span class='ocrx_word' id='word_1_379' title='bbox 892 2466 942 2502; x_wconf 81' lang='lat' dir='ltr'>ad</span> <span class='ocrx_word' id='word_1_380' title='bbox 960 2466 1134 2502; x_wconf 81' lang='lat' dir='ltr'>Sabinum</span> <span class='ocrx_word' id='word_1_381' title='bbox 1171 2467 1208 2502; x_wconf 87' lang='lat' dir='ltr'>Si</span> 
     </span>
     <span class='ocr_line' id='line_1_56' title="bbox 118 2512 1207 2556; baseline 0 -9"><span class='ocrx_word' id='word_1_382' title='bbox 118 2514 152 2547; x_wconf 93' lang='lat' dir='ltr'>in</span> <span class='ocrx_word' id='word_1_383' title='bbox 177 2524 250 2547; x_wconf 91' lang='lat' dir='ltr'>rem</span> <span class='ocrx_word' id='word_1_384' title='bbox 274 2516 394 2547; x_wconf 92' lang='lat' dir='ltr'>actum</span> <span class='ocrx_word' id='word_1_385' title='bbox 419 2512 465 2546; x_wconf 91' lang='lat' dir='ltr'>sit</span> <span class='ocrx_word' id='word_1_386' title='bbox 489 2515 525 2546; x_wconf 92' lang='lat' dir='ltr'>et</span> <span class='ocrx_word' id='word_1_387' title='bbox 547 2512 584 2546; x_wconf 91' lang='lat' dir='ltr'>in</span> <span class='ocrx_word' id='word_1_388' title='bbox 607 2512 772 2546; x_wconf 88' lang='lat' dir='ltr'>heredem</span> <span class='ocrx_word' id='word_1_389' title='bbox 796 2512 1013 2556; x_wconf 88' lang='lat' dir='ltr'>possessoris</span> <span class='ocrx_word' id='word_1_390' title='bbox 1037 2512 1207 2547; x_wconf 90' lang='lat' dir='ltr'>iudicium</span> 
     </span>
     <span class='ocr_line' id='line_1_57' title="bbox 119 2557 1206 2602; baseline -0.001 -9"><span class='ocrx_word' id='word_1_391' title='bbox 119 2559 241 2593; x_wconf 91' lang='lat' dir='ltr'>datum</span> <span class='ocrx_word' id='word_1_392' title='bbox 273 2558 336 2599; x_wconf 91' lang='lat' dir='ltr'>sit,</span> <span class='ocrx_word' id='word_1_393' title='bbox 370 2557 476 2601; x_wconf 92' lang='lat' dir='ltr'>culpa</span> <span class='ocrx_word' id='word_1_394' title='bbox 508 2567 649 2602; x_wconf 89' lang='lat' dir='ltr'>quoque</span> <span class='ocrx_word' id='word_1_395' title='bbox 681 2561 716 2592; x_wconf 90' lang='lat' dir='ltr'>et</span> <span class='ocrx_word' id='word_1_396' title='bbox 740 2557 843 2592; x_wconf 87' lang='lat' dir='ltr'>dolus</span> <span class='ocrx_word' id='word_1_397' title='bbox 867 2558 982 2592; x_wconf 91' lang='lat' dir='ltr'>malus</span> <span class='ocrx_word' id='word_1_398' title='bbox 1006 2558 1145 2593; x_wconf 89' lang='lat' dir='ltr'>heredis</span> <span class='ocrx_word' id='word_1_399' title='bbox 1170 2559 1206 2592; x_wconf 92' lang='lat' dir='ltr'>in</span> 
     </span>
     <span class='ocr_line' id='line_1_58' title="bbox 117 2602 506 2639; baseline -0.008 0"><span class='ocrx_word' id='word_1_400' title='bbox 117 2605 185 2639; x_wconf 90' lang='grc'>1100</span> <span class='ocrx_word' id='word_1_401' title='bbox 209 2603 377 2638; x_wconf 88' lang='lat' dir='ltr'>iudicium</span> <span class='ocrx_word' id='word_1_402' title='bbox 400 2602 506 2637; x_wconf 86' lang='lat' dir='ltr'>venit.</span> 
     </span>
    </p>

    <p class='ocr_par' dir='ltr' id='par_1_17' title="bbox 117 2646 1207 2955">
     <span class='ocr_line' id='line_1_59' title="bbox 163 2646 1207 2694; baseline -0.003 -8"><span class='ocrx_word' id='word_1_403' title='bbox 163 2646 216 2686; x_wconf 85' lang='lat'>52</span> <span class='ocrx_word' id='word_1_404' title='bbox 240 2648 434 2684; x_wconf 73' lang='lat' dir='ltr'><em>IULIANUS</em></span> <span class='ocrx_word' id='word_1_405' title='bbox 451 2648 541 2683; x_wconf 79' lang='lat' dir='ltr'>libro</span> <span class='ocrx_word' id='word_1_406' title='bbox 562 2647 886 2692; x_wconf 77' lang='lat' dir='ltr'>quinquaqensimo</span> <span class='ocrx_word' id='word_1_407' title='bbox 908 2649 1032 2693; x_wconf 75' lang='lat' dir='ltr'>quinto</span> <span class='ocrx_word' id='word_1_408' title='bbox 1054 2648 1207 2694; x_wconf 62' lang='lat' dir='ltr'>digesto-</span> 
     </span>
     <span class='ocr_line' id='line_1_60' title="bbox 117 2692 1206 2736; baseline -0.001 -7"><span class='ocrx_word' id='word_1_409' title='bbox 117 2705 197 2729; x_wconf 86' lang='lat' dir='ltr'>rum</span> <span class='ocrx_word' id='word_1_410' title='bbox 244 2694 333 2728; x_wconf 87' lang='lat' dir='ltr'>Cum</span> <span class='ocrx_word' id='word_1_411' title='bbox 364 2697 483 2728; x_wconf 90' lang='lat' dir='ltr'>autem</span> <span class='ocrx_word' id='word_1_412' title='bbox 506 2692 607 2727; x_wconf 86' lang='lat' dir='ltr'>fundi</span> <span class='ocrx_word' id='word_1_413' title='bbox 631 2702 816 2736; x_wconf 87' lang='lat' dir='ltr'>possessor</span> <span class='ocrx_word' id='word_1_414' title='bbox 839 2697 922 2727; x_wconf 93' lang='lat' dir='ltr'>ante</span> <span class='ocrx_word' id='word_1_415' title='bbox 945 2694 1042 2728; x_wconf 90' lang='lat' dir='ltr'>litem</span> <span class='ocrx_word' id='word_1_416' title='bbox 1067 2697 1206 2728; x_wconf 91' lang='lat' dir='ltr'>contes-</span> 
     </span>
     <span class='ocr_line' id='line_1_61' title="bbox 117 2737 1206 2782; baseline -0.001 -8"><span class='ocrx_word' id='word_1_417' title='bbox 117 2743 229 2774; x_wconf 88' lang='lat' dir='ltr'>tatam</span> <span class='ocrx_word' id='word_1_418' title='bbox 261 2739 342 2774; x_wconf 91' lang='lat' dir='ltr'>dolo</span> <span class='ocrx_word' id='word_1_419' title='bbox 378 2739 471 2773; x_wconf 92' lang='lat' dir='ltr'>malo</span> <span class='ocrx_word' id='word_1_420' title='bbox 507 2737 657 2773; x_wconf 84' lang='lat' dir='ltr'>fundum</span> <span class='ocrx_word' id='word_1_421' title='bbox 688 2738 871 2782; x_wconf 88' lang='lat' dir='ltr'>possidere</span> <span class='ocrx_word' id='word_1_422' title='bbox 903 2738 1025 2780; x_wconf 89' lang='lat' dir='ltr'>desiit,</span> <span class='ocrx_word' id='word_1_423' title='bbox 1058 2739 1206 2774; x_wconf 86' lang='lat' dir='ltr'>heredes</span> 
     </span>
     <span class='ocr_line' id='line_1_62' title="bbox 118 2783 1207 2828; baseline -0.002 -8"><span class='ocrx_word' id='word_1_424' title='bbox 118 2785 193 2820; x_wconf 92' lang='lat' dir='ltr'>eius</span> <span class='ocrx_word' id='word_1_425' title='bbox 224 2785 260 2819; x_wconf 91' lang='lat' dir='ltr'>in</span> <span class='ocrx_word' id='word_1_426' title='bbox 291 2794 365 2818; x_wconf 92' lang='lat' dir='ltr'>rem</span> <span class='ocrx_word' id='word_1_427' title='bbox 390 2783 531 2828; x_wconf 90' lang='lat' dir='ltr'>quidem</span> <span class='ocrx_word' id='word_1_428' title='bbox 556 2783 732 2818; x_wconf 89' lang='lat' dir='ltr'>actionem</span> <span class='ocrx_word' id='word_1_429' title='bbox 756 2783 938 2828; x_wconf 89' lang='lat' dir='ltr'>suscipere</span> <span class='ocrx_word' id='word_1_430' title='bbox 964 2784 1111 2828; x_wconf 84' lang='lat' dir='ltr'>cogendi</span> <span class='ocrx_word' id='word_1_431' title='bbox 1135 2795 1207 2819; x_wconf 89' lang='lat' dir='ltr'>non</span> 
     </span>
     <span class='ocr_line' id='line_1_63' title="bbox 118 2828 1205 2872; baseline -0.002 -7"><span class='ocrx_word' id='word_1_432' title='bbox 118 2834 212 2872; x_wconf 89' lang='lat' dir='ltr'>sunt,</span> <span class='ocrx_word' id='word_1_433' title='bbox 238 2829 299 2864; x_wconf 91' lang='lat' dir='ltr'>sed</span> <span class='ocrx_word' id='word_1_434' title='bbox 322 2829 359 2864; x_wconf 92' lang='lat' dir='ltr'>in</span> <span class='ocrx_word' id='word_1_435' title='bbox 383 2829 519 2863; x_wconf 86' lang='lat' dir='ltr'>factum</span> <span class='ocrx_word' id='word_1_436' title='bbox 544 2829 637 2863; x_wconf 89' lang='lat' dir='ltr'>actio</span> <span class='ocrx_word' id='word_1_437' title='bbox 663 2828 832 2863; x_wconf 90' lang='lat' dir='ltr'>adversus</span> <span class='ocrx_word' id='word_1_438' title='bbox 854 2839 914 2864; x_wconf 92' lang='lat' dir='ltr'>eos</span> <span class='ocrx_word' id='word_1_439' title='bbox 934 2828 1032 2863; x_wconf 89' lang='lat' dir='ltr'>reddi</span> <span class='ocrx_word' id='word_1_440' title='bbox 1053 2828 1205 2871; x_wconf 88' lang='lat' dir='ltr'>debebit,</span> 
     </span>
     <span class='ocr_line' id='line_1_64' title="bbox 117 2874 1205 2920; baseline -0.002 -10"><span class='ocrx_word' id='word_1_441' title='bbox 117 2886 181 2920; x_wconf 89' lang='lat' dir='ltr'>per</span> <span class='ocrx_word' id='word_1_442' title='bbox 206 2885 311 2920; x_wconf 91' lang='lat' dir='ltr'>quam</span> <span class='ocrx_word' id='word_1_443' title='bbox 335 2874 522 2910; x_wconf 83' lang='lat' dir='ltr'>restituere</span> <span class='ocrx_word' id='word_1_444' title='bbox 547 2878 732 2918; x_wconf 87' lang='lat' dir='ltr'>cogantur,</span> <span class='ocrx_word' id='word_1_445' title='bbox 758 2878 891 2919; x_wconf 89' lang='lat' dir='ltr'>quanto</span> <span class='ocrx_word' id='word_1_446' title='bbox 915 2874 1112 2918; x_wconf 90' lang='lat' dir='ltr'>locupletes</span> <span class='ocrx_word' id='word_1_447' title='bbox 1127 2876 1136 2894; x_wconf 97' lang='lat'><strong>¹</strong></span> <span class='ocrx_word' id='word_1_448' title='bbox 1162 2885 1205 2909; x_wconf 90' lang='lat' dir='ltr'>ex</span> 
     </span>
     <span class='ocr_line' id='line_1_65' title="bbox 120 2919 515 2955; baseline -0.005 0"><span class='ocrx_word' id='word_1_449' title='bbox 120 2931 163 2955; x_wconf 88' lang='lat' dir='ltr'>ea</span> <span class='ocrx_word' id='word_1_450' title='bbox 186 2931 224 2955; x_wconf 93' lang='lat' dir='ltr'>re</span> <span class='ocrx_word' id='word_1_451' title='bbox 248 2919 335 2955; x_wconf 87' lang='lat' dir='ltr'>facti</span> <span class='ocrx_word' id='word_1_452' title='bbox 358 2919 515 2954; x_wconf 85' lang='lat' dir='ltr'>fuerunt.</span> 
     </span>
    </p>

    <p class='ocr_par' dir='ltr' id='par_1_18' title="bbox 118 2963 1206 3099">
     <span class='ocr_line' id='line_1_66' title="bbox 165 2963 1205 3010; baseline -0.003 -9"><span class='ocrx_word' id='word_1_453' title='bbox 165 2963 216 3002; x_wconf 88' lang='lat'>53</span> <span class='ocrx_word' id='word_1_454' title='bbox 243 2965 472 3000; x_wconf 77' lang='lat' dir='ltr'><em>POMPONIUS</em></span> <span class='ocrx_word' id='word_1_455' title='bbox 487 2964 577 3000; x_wconf 78' lang='lat' dir='ltr'>libro</span> <span class='ocrx_word' id='word_1_456' title='bbox 599 2964 806 3010; x_wconf 78' lang='lat' dir='ltr'>triqensz&#39;mo</span> <span class='ocrx_word' id='word_1_457' title='bbox 821 2965 944 3010; x_wconf 80' lang='lat' dir='ltr'>primo</span> <span class='ocrx_word' id='word_1_458' title='bbox 965 2964 1015 2999; x_wconf 83' lang='lat' dir='ltr'>ad</span> <span class='ocrx_word' id='word_1_459' title='bbox 1032 2963 1205 2999; x_wconf 78' lang='lat' dir='ltr'>Sabinum</span> 
     </span>
     <span class='ocr_line' id='line_1_67' title="bbox 119 3009 1206 3055; baseline 0 -10"><span class='ocrx_word' id='word_1_460' title='bbox 119 3011 157 3045; x_wconf 88' lang='lat' dir='ltr'>Si</span> <span class='ocrx_word' id='word_1_461' title='bbox 168 3010 270 3045; x_wconf 83' lang='lat' dir='ltr'>fundi</span> <span class='ocrx_word' id='word_1_462' title='bbox 282 3020 468 3055; x_wconf 88' lang='lat' dir='ltr'>possessor</span> <span class='ocrx_word' id='word_1_463' title='bbox 488 3020 567 3044; x_wconf 92' lang='lat' dir='ltr'>eum</span> <span class='ocrx_word' id='word_1_464' title='bbox 589 3009 802 3044; x_wconf 80' lang='lat' dir='ltr'>excoluisset</span> <span class='ocrx_word' id='word_1_465' title='bbox 821 3009 1009 3044; x_wconf 90' lang='lat' dir='ltr'>sevissetve</span> <span class='ocrx_word' id='word_1_466' title='bbox 1027 3014 1062 3044; x_wconf 89' lang='lat' dir='ltr'>et</span> <span class='ocrx_word' id='word_1_467' title='bbox 1080 3013 1206 3054; x_wconf 90' lang='lat' dir='ltr'>postea</span> 
     </span>
     <span class='ocr_line' id='line_1_68' title="bbox 118 3055 1031 3099; baseline -0.001 -9"><span class='ocrx_word' id='word_1_468' title='bbox 118 3055 251 3090; x_wconf 89' lang='lat' dir='ltr'>fundus</span> <span class='ocrx_word' id='word_1_469' title='bbox 277 3055 469 3097; x_wconf 86' lang='lat' dir='ltr'>evincatur,</span> <span class='ocrx_word' id='word_1_470' title='bbox 497 3055 635 3089; x_wconf 89' lang='lat' dir='ltr'>consita</span> <span class='ocrx_word' id='word_1_471' title='bbox 658 3055 783 3090; x_wconf 89' lang='lat' dir='ltr'>tollere</span> <span class='ocrx_word' id='word_1_472' title='bbox 806 3065 879 3090; x_wconf 90' lang='lat' dir='ltr'>non</span> <span class='ocrx_word' id='word_1_473' title='bbox 902 3059 1031 3099; x_wconf 89' lang='lat' dir='ltr'>potest.</span> 
     </span>
    </p>

    <p class='ocr_par' dir='ltr' id='par_1_19' title="bbox 119 3099 1207 3325">
     <span class='ocr_line' id='line_1_69' title="bbox 166 3099 1203 3146; baseline -0.003 -9"><span class='ocrx_word' id='word_1_474' title='bbox 166 3099 219 3137; x_wconf 83' lang='lat'>54</span> <span class='ocrx_word' id='word_1_475' title='bbox 251 3100 445 3136; x_wconf 76' lang='lat' dir='ltr'><em>ULPIANUS</em></span> <span class='ocrx_word' id='word_1_476' title='bbox 481 3100 571 3135; x_wconf 78' lang='lat' dir='ltr'>libro</span> <span class='ocrx_word' id='word_1_477' title='bbox 602 3102 708 3134; x_wconf 76' lang='lat' dir='ltr'>sexto</span> <span class='ocrx_word' id='word_1_478' title='bbox 739 3101 948 3146; x_wconf 78' lang='lat' dir='ltr'>opinionum</span> <span class='ocrx_word' id='word_1_479' title='bbox 996 3101 1093 3135; x_wconf 85' lang='lat' dir='ltr'>Inter</span> <span class='ocrx_word' id='word_1_480' title='bbox 1125 3100 1203 3135; x_wconf 90' lang='lat' dir='ltr'>offi-</span> 
     </span>
     <span class='ocr_line' id='line_1_70' title="bbox 121 3145 1205 3181; baseline 0 -1"><span class='ocrx_word' id='word_1_481' title='bbox 121 3146 214 3180; x_wconf 91' lang='lat' dir='ltr'>cium</span> <span class='ocrx_word' id='word_1_482' title='bbox 245 3145 488 3181; x_wconf 87' lang='lat' dir='ltr'>advocationis</span> <span class='ocrx_word' id='word_1_483' title='bbox 520 3149 555 3179; x_wconf 93' lang='lat' dir='ltr'>et</span> <span class='ocrx_word' id='word_1_484' title='bbox 585 3145 635 3179; x_wconf 88' lang='lat' dir='ltr'>rei</span> <span class='ocrx_word' id='word_1_485' title='bbox 667 3155 753 3179; x_wconf 89' lang='lat' dir='ltr'>suae</span> <span class='ocrx_word' id='word_1_486' title='bbox 784 3145 1025 3180; x_wconf 88' lang='lat' dir='ltr'>defensionem</span> <span class='ocrx_word' id='word_1_487' title='bbox 1056 3145 1205 3180; x_wconf 90' lang='lat' dir='ltr'>multum</span> 
     </span>
     <span class='ocr_line' id='line_1_71' title="bbox 119 3190 1207 3235; baseline 0.001 -11"><span class='ocrx_word' id='word_1_488' title='bbox 119 3191 305 3226; x_wconf 83' lang='lat' dir='ltr'>interest2:</span> <span class='ocrx_word' id='word_1_489' title='bbox 338 3200 404 3226; x_wconf 91' lang='lat' dir='ltr'>nec</span> <span class='ocrx_word' id='word_1_490' title='bbox 435 3193 623 3234; x_wconf 91' lang='lat' dir='ltr'>propterea</span> <span class='ocrx_word' id='word_1_491' title='bbox 655 3190 751 3234; x_wconf 90' lang='lat' dir='ltr'>quis,</span> <span class='ocrx_word' id='word_1_492' title='bbox 785 3190 815 3224; x_wconf 91' lang='lat' dir='ltr'>si</span> <span class='ocrx_word' id='word_1_493' title='bbox 845 3195 974 3234; x_wconf 87' lang='lat' dir='ltr'>postea</span> <span class='ocrx_word' id='word_1_494' title='bbox 1005 3191 1207 3235; x_wconf 85' lang='lat' dir='ltr'>cognoverit</span> 
     </span>
     <span class='ocr_line' id='line_1_72' title="bbox 120 3235 1205 3280; baseline 0.001 -11"><span class='ocrx_word' id='word_1_495' title='bbox 120 3246 193 3270; x_wconf 90' lang='lat' dir='ltr'>rem</span> <span class='ocrx_word' id='word_1_496' title='bbox 216 3236 261 3270; x_wconf 89' lang='lat' dir='ltr'>ad</span> <span class='ocrx_word' id='word_1_497' title='bbox 286 3246 324 3271; x_wconf 90' lang='lat' dir='ltr'>se</span> <span class='ocrx_word' id='word_1_498' title='bbox 347 3235 542 3280; x_wconf 89' lang='lat' dir='ltr'>pertinere,</span> <span class='ocrx_word' id='word_1_499' title='bbox 576 3235 670 3279; x_wconf 91' lang='lat' dir='ltr'>quod</span> <span class='ocrx_word' id='word_1_500' title='bbox 701 3235 759 3269; x_wconf 92' lang='lat' dir='ltr'>alii</span> <span class='ocrx_word' id='word_1_501' title='bbox 792 3245 869 3270; x_wconf 89' lang='lat' dir='ltr'>eam</span> <span class='ocrx_word' id='word_1_502' title='bbox 903 3235 1096 3271; x_wconf 89' lang='lat' dir='ltr'>vindicanti</span> <span class='ocrx_word' id='word_1_503' title='bbox 1120 3240 1205 3271; x_wconf 87' lang='lat' dir='ltr'>tunc</span> 
     </span>
     <span class='ocr_line' id='line_1_73' title="bbox 120 3279 1203 3325; baseline 0.001 -11"><span class='ocrx_word' id='word_1_504' title='bbox 120 3280 285 3325; x_wconf 85' lang='lat' dir='ltr'>ignorans</span> <span class='ocrx_word' id='word_1_505' title='bbox 299 3291 399 3316; x_wconf 89' lang='lat' dir='ltr'>suam</span> <span class='ocrx_word' id='word_1_506' title='bbox 412 3291 488 3315; x_wconf 92' lang='lat' dir='ltr'>esse</span> <span class='ocrx_word' id='word_1_507' title='bbox 510 3279 717 3322; x_wconf 90' lang='lat' dir='ltr'>adsistebat,</span> <span class='ocrx_word' id='word_1_508' title='bbox 739 3280 933 3315; x_wconf 90' lang='lat' dir='ltr'>dominium</span> <span class='ocrx_word' id='word_1_509' title='bbox 953 3291 1056 3316; x_wconf 91' lang='lat' dir='ltr'>suum</span> <span class='ocrx_word' id='word_1_510' title='bbox 1076 3281 1203 3316; x_wconf 86' lang='lat' dir='ltr'>amisit.</span> 
     </span>
    </p>

    <p class='ocr_par' dir='ltr' id='par_1_20' title="bbox 121 3324 1204 3551">
     <span class='ocr_line' id='line_1_74' title="bbox 166 3324 1204 3372; baseline -0.001 -10"><span class='ocrx_word' id='word_1_511' title='bbox 166 3324 218 3362; x_wconf 90' lang='lat'>55</span> <span class='ocrx_word' id='word_1_512' title='bbox 243 3325 435 3360; x_wconf 73' lang='lat' dir='ltr'><em>IULIANUS</em></span> <span class='ocrx_word' id='word_1_513' title='bbox 464 3325 555 3360; x_wconf 79' lang='lat' dir='ltr'>libro</span> <span class='ocrx_word' id='word_1_514' title='bbox 588 3326 910 3371; x_wconf 73' lang='lat' dir='ltr'>quinquaqensz&#39;mo</span> <span class='ocrx_word' id='word_1_515' title='bbox 939 3327 1063 3371; x_wconf 77' lang='lat' dir='ltr'>quinto</span> <span class='ocrx_word' id='word_1_516' title='bbox 1088 3326 1204 3372; x_wconf 58' lang='lat' dir='ltr'>diffes-</span> 
     </span>
     <span class='ocr_line' id='line_1_75' title="bbox 122 3370 1204 3415; baseline 0.002 -11"><span class='ocrx_word' id='word_1_517' title='bbox 122 3374 237 3404; x_wconf 82' lang='lat' dir='ltr'>torum</span> <span class='ocrx_word' id='word_1_518' title='bbox 291 3370 328 3404; x_wconf 87' lang='lat' dir='ltr'>Si</span> <span class='ocrx_word' id='word_1_519' title='bbox 358 3380 542 3414; x_wconf 90' lang='lat' dir='ltr'>possessor</span> <span class='ocrx_word' id='word_1_520' title='bbox 571 3370 673 3404; x_wconf 88' lang='lat' dir='ltr'>fundi</span> <span class='ocrx_word' id='word_1_521' title='bbox 703 3375 787 3405; x_wconf 90' lang='lat' dir='ltr'>ante</span> <span class='ocrx_word' id='word_1_522' title='bbox 815 3371 987 3406; x_wconf 90' lang='lat' dir='ltr'>iudicium</span> <span class='ocrx_word' id='word_1_523' title='bbox 1019 3375 1204 3415; x_wconf 89' lang='lat' dir='ltr'>acceptum</span> 
     </span>
     <span class='ocr_line' id='line_1_76' title="bbox 122 3414 1204 3451; baseline 0.002 -2"><span class='ocrx_word' id='word_1_524' title='bbox 122 3414 260 3449; x_wconf 86' lang='lat' dir='ltr'>duobus</span> <span class='ocrx_word' id='word_1_525' title='bbox 291 3415 480 3450; x_wconf 89' lang='lat' dir='ltr'>heredibus</span> <span class='ocrx_word' id='word_1_526' title='bbox 513 3415 645 3450; x_wconf 90' lang='lat' dir='ltr'>relictis</span> <span class='ocrx_word' id='word_1_527' title='bbox 678 3415 869 3451; x_wconf 86' lang='lat' dir='ltr'>decesserit</span> <span class='ocrx_word' id='word_1_528' title='bbox 892 3419 930 3451; x_wconf 87' lang='lat' dir='ltr'>et</span> <span class='ocrx_word' id='word_1_529' title='bbox 954 3416 998 3450; x_wconf 93' lang='lat' dir='ltr'>ab</span> <span class='ocrx_word' id='word_1_530' title='bbox 1025 3417 1135 3451; x_wconf 88' lang='lat' dir='ltr'>altero</span> <span class='ocrx_word' id='word_1_531' title='bbox 1161 3427 1204 3451; x_wconf 91' lang='lat' dir='ltr'>ex</span> 
     </span>
     <span class='ocr_line' id='line_1_77' title="bbox 121 3459 1203 3505; baseline 0.003 -13"><span class='ocrx_word' id='word_1_532' title='bbox 121 3459 187 3500; x_wconf 90' lang='lat' dir='ltr'>his,</span> <span class='ocrx_word' id='word_1_533' title='bbox 208 3459 269 3503; x_wconf 92' lang='lat' dir='ltr'>qui</span> <span class='ocrx_word' id='word_1_534' title='bbox 287 3463 401 3494; x_wconf 92' lang='lat' dir='ltr'>totum</span> <span class='ocrx_word' id='word_1_535' title='bbox 413 3459 564 3494; x_wconf 81' lang='lat' dir='ltr'>fundum</span> <span class='ocrx_word' id='word_1_536' title='bbox 575 3459 792 3504; x_wconf 86' lang='lat' dir='ltr'>possidebat,</span> <span class='ocrx_word' id='word_1_537' title='bbox 813 3465 909 3496; x_wconf 84' lang='lat' dir='ltr'>totus</span> <span class='ocrx_word' id='word_1_538' title='bbox 933 3462 1066 3505; x_wconf 91' lang='lat' dir='ltr'>petitus</span> <span class='ocrx_word' id='word_1_539' title='bbox 1085 3461 1203 3503; x_wconf 87' lang='lat' dir='ltr'>fuerit,</span> 
     </span>
     <span class='ocr_line' id='line_1_78' title="bbox 123 3504 1202 3551; baseline 0.004 -14"><span class='ocrx_word' id='word_1_540' title='bbox 123 3504 206 3547; x_wconf 92' lang='lat' dir='ltr'>quin</span> <span class='ocrx_word' id='word_1_541' title='bbox 214 3504 251 3538; x_wconf 91' lang='lat' dir='ltr'>in</span> <span class='ocrx_word' id='word_1_542' title='bbox 260 3504 411 3539; x_wconf 91' lang='lat' dir='ltr'>solidum</span> <span class='ocrx_word' id='word_1_543' title='bbox 421 3505 646 3540; x_wconf 86' lang='lat' dir='ltr'>condemnari</span> <span class='ocrx_word' id='word_1_544' title='bbox 656 3505 793 3548; x_wconf 90' lang='lat' dir='ltr'>debeat,</span> <span class='ocrx_word' id='word_1_545' title='bbox 804 3505 962 3540; x_wconf 86' lang='lat' dir='ltr'>dubitari</span> <span class='ocrx_word' id='word_1_546' title='bbox 971 3517 1042 3541; x_wconf 91' lang='lat' dir='ltr'>non</span> <span class='ocrx_word' id='word_1_547' title='bbox 1051 3510 1202 3551; x_wconf 90' lang='lat' dir='ltr'>oportet.</span> 
     </span>
    </p>

    <p class='ocr_par' dir='ltr' id='par_1_21' title="bbox 123 3546 1203 3685">
     <span class='ocr_line' id='line_1_79' title="bbox 168 3546 1202 3597; baseline 0 -13"><span class='ocrx_word' id='word_1_548' title='bbox 168 3546 220 3584; x_wconf 86' lang='grc'>56</span> <span class='ocrx_word' id='word_1_549' title='bbox 252 3547 357 3582; x_wconf 77' lang='lat' dir='ltr'><em>IDEM</em></span> <span class='ocrx_word' id='word_1_550' title='bbox 386 3549 475 3584; x_wconf 79' lang='lat' dir='ltr'>libro</span> <span class='ocrx_word' id='word_1_551' title='bbox 505 3551 795 3596; x_wconf 75' lang='lat' dir='ltr'>septuaqensimo</span> <span class='ocrx_word' id='word_1_552' title='bbox 826 3555 950 3586; x_wconf 82' lang='lat' dir='ltr'>octavo</span> <span class='ocrx_word' id='word_1_553' title='bbox 986 3551 1202 3597; x_wconf 75' lang='lat' dir='ltr'>diqestorum</span> 
     </span>
     <span class='ocr_line' id='line_1_80' title="bbox 123 3592 1203 3640; baseline 0.003 -14"><span class='ocrx_word' id='word_1_554' title='bbox 123 3592 323 3627; x_wconf 89' lang='lat' dir='ltr'>Vindicatio</span> <span class='ocrx_word' id='word_1_555' title='bbox 348 3603 419 3627; x_wconf 91' lang='lat' dir='ltr'>non</span> <span class='ocrx_word' id='word_1_556' title='bbox 442 3598 483 3628; x_wconf 93' lang='lat' dir='ltr'>ut</span> <span class='ocrx_word' id='word_1_557' title='bbox 505 3594 635 3638; x_wconf 84' lang='lat' dir='ltr'>gregis,</span> <span class='ocrx_word' id='word_1_558' title='bbox 667 3595 718 3629; x_wconf 88' lang='lat' dir='ltr'>ita</span> <span class='ocrx_word' id='word_1_559' title='bbox 749 3598 785 3629; x_wconf 89' lang='lat' dir='ltr'>et</span> <span class='ocrx_word' id='word_1_560' title='bbox 814 3595 941 3640; x_wconf 89' lang='lat' dir='ltr'>peculii</span> <span class='ocrx_word' id='word_1_561' title='bbox 971 3600 1115 3640; x_wconf 88' lang='lat' dir='ltr'>recepta</span> <span class='ocrx_word' id='word_1_562' title='bbox 1139 3600 1203 3637; x_wconf 88' lang='lat' dir='ltr'>est,</span> 
     </span>
     <span class='ocr_line' id='line_1_81' title="bbox 123 3637 1202 3685; baseline 0.003 -13"><span class='ocrx_word' id='word_1_563' title='bbox 123 3637 185 3672; x_wconf 90' lang='lat' dir='ltr'>sed</span> <span class='ocrx_word' id='word_1_564' title='bbox 206 3647 264 3673; x_wconf 87' lang='lat' dir='ltr'>res</span> <span class='ocrx_word' id='word_1_565' title='bbox 287 3637 443 3682; x_wconf 77' lang='lat' dir='ltr'>singulas</span> <span class='ocrx_word' id='word_1_566' title='bbox 465 3638 514 3681; x_wconf 85' lang='lat' dir='ltr'>is,</span> <span class='ocrx_word' id='word_1_567' title='bbox 539 3638 597 3675; x_wconf 91' lang='lat' dir='ltr'>cui</span> <span class='ocrx_word' id='word_1_568' title='bbox 619 3639 772 3684; x_wconf 84' lang='lat' dir='ltr'>legatum</span> <span class='ocrx_word' id='word_1_569' title='bbox 794 3641 974 3685; x_wconf 90' lang='lat' dir='ltr'>peculium</span> <span class='ocrx_word' id='word_1_570' title='bbox 1000 3645 1069 3683; x_wconf 91' lang='lat' dir='ltr'>est,</span> <span class='ocrx_word' id='word_1_571' title='bbox 1095 3644 1202 3685; x_wconf 90' lang='lat' dir='ltr'>petet.</span> 
     </span>
    </p>
   </div>
   <div class='ocr_carea' id='block_1_7' title="bbox 125 3747 1224 3794">
    <p class='ocr_par' dir='ltr' id='par_1_22' title="bbox 125 3747 1224 3794">
     <span class='ocr_line' id='line_1_82' title="bbox 125 3747 1224 3794; baseline 0.002 -13"><span class='ocrx_word' id='word_1_572' title='bbox 125 3748 165 3788; x_wconf 77' lang='grc' dir='ltr'>(ι)</span> <span class='ocrx_word' id='word_1_573' title='bbox 188 3747 424 3790; x_wconf 79' lang='lat' dir='ltr'>locupletiores</span> <span class='ocrx_word' id='word_1_574' title='bbox 433 3750 505 3782; x_wconf 81' lang='lat' dir='ltr'>edd.</span> <span class='ocrx_word' id='word_1_575' title='bbox 599 3751 642 3792; x_wconf 81' lang='lat'>(2)</span> <span class='ocrx_word' id='word_1_576' title='bbox 667 3753 806 3784; x_wconf 80' lang='lat' dir='ltr'>interest</span> <span class='ocrx_word' id='word_1_577' title='bbox 820 3752 858 3792; x_wconf 88' lang='lat' dir='ltr'>S,</span> <span class='ocrx_word' id='word_1_578' title='bbox 875 3754 965 3784; x_wconf 84' lang='lat' dir='ltr'>cstF</span> <span class='ocrx_word' id='word_1_579' title='bbox 1052 3755 1093 3794; x_wconf 85' lang='grc'>(3)</span> <span class='ocrx_word' id='word_1_580' title='bbox 1118 3756 1178 3784; x_wconf 87' lang='lat' dir='ltr'>not</span> <span class='ocrx_word' id='word_1_581' title='bbox 1193 3753 1224 3783; x_wconf 86' lang='lat' dir='ltr'><em>F</em></span> 
     </span>
    </p>
   </div>
   <div class='ocr_carea' id='block_1_8' title="bbox 1270 243 2372 3686">
    <p class='ocr_par' dir='ltr' id='par_1_23' title="bbox 1270 243 2372 653">
     <span class='ocr_line' id='line_1_83' title="bbox 1334 243 2371 294; baseline 0.002 -13"><span class='ocrx_word' id='word_1_582' title='bbox 1334 243 1384 281; x_wconf 84' lang='lat'>57</span> <span class='ocrx_word' id='word_1_583' title='bbox 1410 247 1591 281; x_wconf 74' lang='lat' dir='ltr'><em>ALFENUS</em></span> <span class='ocrx_word' id='word_1_584' title='bbox 1614 246 1703 282; x_wconf 79' lang='lat' dir='ltr'>libro</span> <span class='ocrx_word' id='word_1_585' title='bbox 1727 251 1832 283; x_wconf 78' lang='lat' dir='ltr'>sexto</span> <span class='ocrx_word' id='word_1_586' title='bbox 1856 247 2076 294; x_wconf 78' lang='lat' dir='ltr'>diqestorum</span> <span class='ocrx_word' id='word_1_587' title='bbox 2122 248 2158 284; x_wconf 93' lang='lat' dir='ltr'>Is</span> <span class='ocrx_word' id='word_1_588' title='bbox 2172 258 2275 294; x_wconf 90' lang='lat' dir='ltr'>aquo</span> <span class='ocrx_word' id='word_1_589' title='bbox 2289 248 2371 283; x_wconf 86' lang='lat' dir='ltr'>fun-</span> 
     </span>
     <span class='ocr_line' id='line_1_84' title="bbox 1277 288 2372 334; baseline 0.005 -10"><span class='ocrx_word' id='word_1_590' title='bbox 1277 288 1344 323; x_wconf 84' lang='lat' dir='ltr'>dus</span> <span class='ocrx_word' id='word_1_591' title='bbox 1384 291 1516 334; x_wconf 88' lang='lat' dir='ltr'>petitus</span> <span class='ocrx_word' id='word_1_592' title='bbox 1550 298 1626 326; x_wconf 90' lang='lat' dir='ltr'>erat</span> <span class='ocrx_word' id='word_1_593' title='bbox 1650 292 1695 326; x_wconf 85' lang='lat' dir='ltr'>ab</span> <span class='ocrx_word' id='word_1_594' title='bbox 1721 293 1789 327; x_wconf 85' lang='lat' dir='ltr'>alio</span> <span class='ocrx_word' id='word_1_595' title='bbox 1815 293 1971 328; x_wconf 89' lang='lat' dir='ltr'>eiusdem</span> <span class='ocrx_word' id='word_1_596' title='bbox 1994 293 2096 328; x_wconf 86' lang='lat' dir='ltr'>fundi</span> <span class='ocrx_word' id='word_1_597' title='bbox 2120 294 2263 329; x_wconf 90' lang='lat' dir='ltr'>nomine</span> <span class='ocrx_word' id='word_1_598' title='bbox 2288 305 2372 329; x_wconf 87' lang='lat' dir='ltr'>con-</span> 
     </span>
     <span class='ocr_line' id='line_1_85' title="bbox 1273 337 2371 381; baseline 0.005 -12"><span class='ocrx_word' id='word_1_599' title='bbox 1273 337 1402 370; x_wconf 87' lang='lat' dir='ltr'>ventus</span> <span class='ocrx_word' id='word_1_600' title='bbox 1437 341 1507 371; x_wconf 88' lang='lat' dir='ltr'>est:</span> <span class='ocrx_word' id='word_1_601' title='bbox 1535 337 1784 381; x_wconf 89' lang='lat' dir='ltr'>quaerebatur,</span> <span class='ocrx_word' id='word_1_602' title='bbox 1811 338 1840 372; x_wconf 93' lang='lat' dir='ltr'>si</span> <span class='ocrx_word' id='word_1_603' title='bbox 1865 339 2025 373; x_wconf 91' lang='lat' dir='ltr'>alterutri</span> <span class='ocrx_word' id='word_1_604' title='bbox 2050 349 2171 374; x_wconf 89' lang='lat' dir='ltr'>eorum</span> <span class='ocrx_word' id='word_1_605' title='bbox 2194 339 2294 374; x_wconf 91' lang='lat' dir='ltr'>iussu</span> <span class='ocrx_word' id='word_1_606' title='bbox 2318 340 2371 374; x_wconf 92' lang='lat' dir='ltr'>iu-</span> 
     </span>
     <span class='ocr_line' id='line_1_86' title="bbox 1274 380 2372 428; baseline 0.005 -14"><span class='ocrx_word' id='word_1_607' title='bbox 1274 380 1363 415; x_wconf 89' lang='lat' dir='ltr'>dicis</span> <span class='ocrx_word' id='word_1_608' title='bbox 1397 381 1547 416; x_wconf 84' lang='lat' dir='ltr'>fundum</span> <span class='ocrx_word' id='word_1_609' title='bbox 1571 382 1785 417; x_wconf 87' lang='lat' dir='ltr'>restituisset</span> <span class='ocrx_word' id='word_1_610' title='bbox 1805 387 1839 417; x_wconf 89' lang='lat' dir='ltr'>et</span> <span class='ocrx_word' id='word_1_611' title='bbox 1859 388 1984 428; x_wconf 86' lang='lat' dir='ltr'>postea</span> <span class='ocrx_word' id='word_1_612' title='bbox 2006 384 2201 419; x_wconf 89' lang='lat' dir='ltr'>secundum</span> <span class='ocrx_word' id='word_1_613' title='bbox 2222 385 2372 419; x_wconf 88' lang='lat' dir='ltr'>alterum</span> 
     </span>
     <span class='ocr_line' id='line_1_87' title="bbox 1270 426 2371 479; baseline 0.005 -20"><span class='ocrx_word' id='word_1_614' title='bbox 1270 426 1460 470; x_wconf 86' lang='lat' dir='ltr'>petitorem</span> <span class='ocrx_word' id='word_1_615' title='bbox 1494 437 1550 462; x_wconf 89' lang='lat' dir='ltr'>res</span> <span class='ocrx_word' id='word_1_616' title='bbox 1574 427 1802 470; x_wconf 88' lang='lat' dir='ltr'>iudicaretur,</span> <span class='ocrx_word' id='word_1_617' title='bbox 1829 429 2125 479; x_wconf 86' lang='lat' dir='ltr'>quemadmodum</span> <span class='ocrx_word' id='word_1_618' title='bbox 2149 441 2221 465; x_wconf 92' lang='lat' dir='ltr'>non</span> <span class='ocrx_word' id='word_1_619' title='bbox 2242 430 2371 475; x_wconf 86' lang='lat' dir='ltr'>duplex</span> 
     </span>
     <span class='ocr_line' id='line_1_88' title="bbox 1271 472 2372 519; baseline 0.005 -14"><span class='ocrx_word' id='word_1_620' title='bbox 1271 473 1441 506; x_wconf 89' lang='lat' dir='ltr'>damnum</span> <span class='ocrx_word' id='word_1_621' title='bbox 1483 472 1650 507; x_wconf 87' lang='lat' dir='ltr'>traheret.</span> <span class='ocrx_word' id='word_1_622' title='bbox 1688 473 1873 518; x_wconf 85' lang='lat' dir='ltr'>respondl,</span> <span class='ocrx_word' id='word_1_623' title='bbox 1905 478 1984 509; x_wconf 89' lang='lat' dir='ltr'>uter</span> <span class='ocrx_word' id='word_1_624' title='bbox 2015 475 2112 519; x_wconf 91' lang='lat' dir='ltr'>prior</span> <span class='ocrx_word' id='word_1_625' title='bbox 2143 475 2251 510; x_wconf 87' lang='lat' dir='ltr'>iudex</span> <span class='ocrx_word' id='word_1_626' title='bbox 2282 475 2372 510; x_wconf 89' lang='lat' dir='ltr'>iudi-</span> 
     </span>
     <span class='ocr_line' id='line_1_89' title="bbox 1274 518 2371 563; baseline 0.004 -12"><span class='ocrx_word' id='word_1_627' title='bbox 1274 520 1383 558; x_wconf 86' lang='lat' dir='ltr'>caret,</span> <span class='ocrx_word' id='word_1_628' title='bbox 1415 527 1494 551; x_wconf 87' lang='lat' dir='ltr'>cum</span> <span class='ocrx_word' id='word_1_629' title='bbox 1515 522 1678 562; x_wconf 90' lang='lat' dir='ltr'>oportere</span> <span class='ocrx_word' id='word_1_630' title='bbox 1698 518 1748 552; x_wconf 90' lang='lat' dir='ltr'>ita</span> <span class='ocrx_word' id='word_1_631' title='bbox 1768 518 1919 552; x_wconf 90' lang='lat' dir='ltr'>fundum</span> <span class='ocrx_word' id='word_1_632' title='bbox 1932 519 2074 563; x_wconf 87' lang='lat' dir='ltr'>petitori</span> <span class='ocrx_word' id='word_1_633' title='bbox 2087 521 2225 555; x_wconf 89' lang='lat' dir='ltr'>restitui</span> <span class='ocrx_word' id='word_1_634' title='bbox 2238 521 2371 563; x_wconf 90' lang='lat' dir='ltr'>iubere,</span> 
     </span>
     <span class='ocr_line' id='line_1_90' title="bbox 1275 563 2371 612; baseline 0.004 -16"><span class='ocrx_word' id='word_1_635' title='bbox 1275 565 1324 612; x_wconf 44' lang='lat' dir='ltr'>ut·</span> <span class='ocrx_word' id='word_1_636' title='bbox 1347 563 1543 603; x_wconf 80' lang='lat' dir='ltr'>possessori</span> <span class='ocrx_word' id='word_1_637' title='bbox 1569 568 1710 598; x_wconf 89' lang='lat' dir='ltr'>caveret</span> <span class='ocrx_word' id='word_1_638' title='bbox 1733 564 1787 598; x_wconf 86' lang='lat' dir='ltr'>vel</span> <span class='ocrx_word' id='word_1_639' title='bbox 1811 564 2022 607; x_wconf 88' lang='lat' dir='ltr'>satisdaret,</span> <span class='ocrx_word' id='word_1_640' title='bbox 2055 565 2085 599; x_wconf 91' lang='lat' dir='ltr'>si</span> <span class='ocrx_word' id='word_1_641' title='bbox 2110 566 2200 600; x_wconf 89' lang='lat' dir='ltr'>alter</span> <span class='ocrx_word' id='word_1_642' title='bbox 2222 566 2371 601; x_wconf 87' lang='lat' dir='ltr'>fundum</span> 
     </span>
     <span class='ocr_line' id='line_1_91' title="bbox 1274 607 1779 653; baseline 0.002 -11"><span class='ocrx_word' id='word_1_643' title='bbox 1274 607 1446 647; x_wconf 75' lang='lat' dir='ltr'>evicisset,</span> <span class='ocrx_word' id='word_1_644' title='bbox 1482 618 1561 642; x_wconf 91' lang='lat' dir='ltr'>eum</span> <span class='ocrx_word' id='word_1_645' title='bbox 1586 613 1779 653; x_wconf 90' lang='lat' dir='ltr'>praestare.</span> 
     </span>
    </p>

    <p class='ocr_par' dir='ltr' id='par_1_24' title="bbox 1280 651 2372 1288">
     <span class='ocr_line' id='line_1_92' title="bbox 1329 651 2372 703; baseline 0.004 -15"><span class='ocrx_word' id='word_1_646' title='bbox 1329 651 1381 689; x_wconf 78' lang='lat'>58</span> <span class='ocrx_word' id='word_1_647' title='bbox 1408 652 1566 688; x_wconf 77' lang='lat' dir='ltr'>PAULUs</span> <span class='ocrx_word' id='word_1_648' title='bbox 1599 654 1690 689; x_wconf 77' lang='lat' dir='ltr'>libro</span> <span class='ocrx_word' id='word_1_649' title='bbox 1717 654 1820 689; x_wconf 76' lang='lat' dir='ltr'>tertio</span> <span class='ocrx_word' id='word_1_650' title='bbox 1845 655 2082 700; x_wconf 77' lang='lat' dir='ltr'>epitomarum</span> <span class='ocrx_word' id='word_1_651' title='bbox 2107 656 2234 701; x_wconf 77' lang='lat' dir='ltr'>Alfeni</span> <span class='ocrx_word' id='word_1_652' title='bbox 2256 657 2372 703; x_wconf 76' lang='lat' dir='ltr'>dz‘qes-</span> 
     </span>
     <span class='ocr_line' id='line_1_93' title="bbox 1282 699 2370 743; baseline 0.005 -11"><span class='ocrx_word' id='word_1_653' title='bbox 1282 701 1400 732; x_wconf 81' lang='lat' dir='ltr'>torum</span> <span class='ocrx_word' id='word_1_654' title='bbox 1446 699 1480 733; x_wconf 95' lang='lat' dir='ltr'>A</span> <span class='ocrx_word' id='word_1_655' title='bbox 1505 709 1575 743; x_wconf 89' lang='lat' dir='ltr'>quo</span> <span class='ocrx_word' id='word_1_656' title='bbox 1601 709 1722 734; x_wconf 88' lang='lat' dir='ltr'>servus</span> <span class='ocrx_word' id='word_1_657' title='bbox 1747 700 1937 743; x_wconf 88' lang='lat' dir='ltr'>petebatur</span> <span class='ocrx_word' id='word_1_658' title='bbox 1961 703 1996 734; x_wconf 91' lang='lat' dir='ltr'>et</span> <span class='ocrx_word' id='word_1_659' title='bbox 2021 700 2176 735; x_wconf 89' lang='lat' dir='ltr'>eiusdem</span> <span class='ocrx_word' id='word_1_660' title='bbox 2200 703 2291 736; x_wconf 90' lang='lat' dir='ltr'>servi</span> <span class='ocrx_word' id='word_1_661' title='bbox 2308 713 2370 737; x_wconf 92' lang='lat' dir='ltr'>no-</span> 
     </span>
     <span class='ocr_line' id='line_1_94' title="bbox 1282 743 2372 792; baseline 0.005 -15"><span class='ocrx_word' id='word_1_662' title='bbox 1282 743 1376 778; x_wconf 87' lang='lat' dir='ltr'>mine</span> <span class='ocrx_word' id='word_1_663' title='bbox 1401 754 1482 778; x_wconf 93' lang='lat' dir='ltr'>cum</span> <span class='ocrx_word' id='word_1_664' title='bbox 1507 754 1548 778; x_wconf 91' lang='lat' dir='ltr'>eo</span> <span class='ocrx_word' id='word_1_665' title='bbox 1573 744 1660 778; x_wconf 81' lang='lat' dir='ltr'>furti</span> <span class='ocrx_word' id='word_1_666' title='bbox 1685 745 1876 789; x_wconf 88' lang='lat' dir='ltr'>agebatur,</span> <span class='ocrx_word' id='word_1_667' title='bbox 1910 745 2125 789; x_wconf 90' lang='lat' dir='ltr'>quaerebat,</span> <span class='ocrx_word' id='word_1_668' title='bbox 2159 747 2189 781; x_wconf 93' lang='lat' dir='ltr'>si</span> <span class='ocrx_word' id='word_1_669' title='bbox 2220 752 2372 792; x_wconf 86' lang='lat' dir='ltr'>utroque</span> 
     </span>
     <span class='ocr_line' id='line_1_95' title="bbox 1281 787 2369 836; baseline 0.005 -14"><span class='ocrx_word' id='word_1_670' title='bbox 1281 787 1411 823; x_wconf 90' lang='lat' dir='ltr'>iudicio</span> <span class='ocrx_word' id='word_1_671' title='bbox 1438 789 1693 824; x_wconf 89' lang='lat' dir='ltr'>condemnatus</span> <span class='ocrx_word' id='word_1_672' title='bbox 1719 794 1831 832; x_wconf 90' lang='lat' dir='ltr'>esset,</span> <span class='ocrx_word' id='word_1_673' title='bbox 1865 790 1949 835; x_wconf 92' lang='lat' dir='ltr'>quid</span> <span class='ocrx_word' id='word_1_674' title='bbox 1974 800 2011 824; x_wconf 92' lang='lat' dir='ltr'>se</span> <span class='ocrx_word' id='word_1_675' title='bbox 2034 791 2155 826; x_wconf 86' lang='lat' dir='ltr'>facere</span> <span class='ocrx_word' id='word_1_676' title='bbox 2180 797 2369 836; x_wconf 86' lang='lat' dir='ltr'>oporteret.</span> 
     </span>
     <span class='ocr_line' id='line_1_96' title="bbox 1281 834 2370 881; baseline 0.005 -13"><span class='ocrx_word' id='word_1_677' title='bbox 1281 834 1310 868; x_wconf 87' lang='lat' dir='ltr'>si</span> <span class='ocrx_word' id='word_1_678' title='bbox 1335 834 1433 878; x_wconf 90' lang='lat' dir='ltr'>prius</span> <span class='ocrx_word' id='word_1_679' title='bbox 1460 845 1581 869; x_wconf 89' lang='lat' dir='ltr'>servus</span> <span class='ocrx_word' id='word_1_680' title='bbox 1607 835 1652 870; x_wconf 92' lang='lat' dir='ltr'>ab</span> <span class='ocrx_word' id='word_1_681' title='bbox 1678 846 1719 870; x_wconf 92' lang='lat' dir='ltr'>eo</span> <span class='ocrx_word' id='word_1_682' title='bbox 1753 835 1887 870; x_wconf 89' lang='lat' dir='ltr'>evictus</span> <span class='ocrx_word' id='word_1_683' title='bbox 1920 839 2032 878; x_wconf 92' lang='lat' dir='ltr'>esset,</span> <span class='ocrx_word' id='word_1_684' title='bbox 2065 837 2267 881; x_wconf 83' lang='lat' dir='ltr'>respondit,</span> <span class='ocrx_word' id='word_1_685' title='bbox 2301 849 2370 873; x_wconf 91' lang='lat' dir='ltr'>non</span> 
     </span>
     <span class='ocr_line' id='line_1_97' title="bbox 1281 879 2372 925; baseline 0.005 -12"><span class='ocrx_word' id='word_1_686' title='bbox 1281 884 1447 923; x_wconf 89' lang='lat' dir='ltr'>oportere</span> <span class='ocrx_word' id='word_1_687' title='bbox 1481 879 1634 914; x_wconf 90' lang='lat' dir='ltr'>iudicem</span> <span class='ocrx_word' id='word_1_688' title='bbox 1667 891 1811 925; x_wconf 89' lang='lat' dir='ltr'>cogere,</span> <span class='ocrx_word' id='word_1_689' title='bbox 1845 885 1886 915; x_wconf 93' lang='lat' dir='ltr'>ut</span> <span class='ocrx_word' id='word_1_690' title='bbox 1917 891 1997 915; x_wconf 89' lang='lat' dir='ltr'>eum</span> <span class='ocrx_word' id='word_1_691' title='bbox 2028 881 2203 924; x_wconf 88' lang='lat' dir='ltr'>traderet,</span> <span class='ocrx_word' id='word_1_692' title='bbox 2241 883 2308 918; x_wconf 89' lang='lat' dir='ltr'>nisi</span> <span class='ocrx_word' id='word_1_693' title='bbox 2341 884 2372 918; x_wconf 91' lang='lat' dir='ltr'>ei</span> 
     </span>
     <span class='ocr_line' id='line_1_98' title="bbox 1282 925 2370 971; baseline 0.004 -12"><span class='ocrx_word' id='word_1_694' title='bbox 1282 925 1494 959; x_wconf 90' lang='lat' dir='ltr'>satisdatum</span> <span class='ocrx_word' id='word_1_695' title='bbox 1527 930 1638 968; x_wconf 89' lang='lat' dir='ltr'>esset,</span> <span class='ocrx_word' id='word_1_696' title='bbox 1671 926 1765 970; x_wconf 88' lang='lat' dir='ltr'>quod</span> <span class='ocrx_word' id='word_1_697' title='bbox 1796 936 1861 971; x_wconf 90' lang='lat' dir='ltr'>pro</span> <span class='ocrx_word' id='word_1_698' title='bbox 1888 936 1929 961; x_wconf 92' lang='lat' dir='ltr'>eo</span> <span class='ocrx_word' id='word_1_699' title='bbox 1953 927 2096 962; x_wconf 90' lang='lat' dir='ltr'>homine</span> <span class='ocrx_word' id='word_1_700' title='bbox 2118 927 2285 962; x_wconf 90' lang='lat' dir='ltr'>iudicium</span> <span class='ocrx_word' id='word_1_701' title='bbox 2311 939 2370 963; x_wconf 92' lang='lat' dir='ltr'>ac-</span> 
     </span>
     <span class='ocr_line' id='line_1_99' title="bbox 1282 970 2372 1015; baseline 0.004 -11"><span class='ocrx_word' id='word_1_702' title='bbox 1282 970 1452 1014; x_wconf 90' lang='lat' dir='ltr'>cepisset,</span> <span class='ocrx_word' id='word_1_703' title='bbox 1479 971 1508 1006; x_wconf 91' lang='lat' dir='ltr'>si</span> <span class='ocrx_word' id='word_1_704' title='bbox 1533 971 1619 1015; x_wconf 89' lang='lat' dir='ltr'>quid</span> <span class='ocrx_word' id='word_1_705' title='bbox 1643 971 1688 1006; x_wconf 91' lang='lat' dir='ltr'>ob</span> <span class='ocrx_word' id='word_1_706' title='bbox 1715 982 1794 1006; x_wconf 91' lang='lat' dir='ltr'>eam</span> <span class='ocrx_word' id='word_1_707' title='bbox 1817 982 1892 1006; x_wconf 91' lang='lat' dir='ltr'>rem</span> <span class='ocrx_word' id='word_1_708' title='bbox 1917 971 2039 1006; x_wconf 88' lang='lat' dir='ltr'>datum</span> <span class='ocrx_word' id='word_1_709' title='bbox 2064 976 2175 1014; x_wconf 90' lang='lat' dir='ltr'>esset,</span> <span class='ocrx_word' id='word_1_710' title='bbox 2207 973 2244 1007; x_wconf 91' lang='lat' dir='ltr'>id</span> <span class='ocrx_word' id='word_1_711' title='bbox 2275 977 2372 1009; x_wconf 88' lang='lat' dir='ltr'>recte</span> 
     </span>
     <span class='ocr_line' id='line_1_100' title="bbox 1281 1016 2371 1061; baseline 0.004 -12"><span class='ocrx_word' id='word_1_712' title='bbox 1281 1016 1466 1060; x_wconf 86' lang='lat' dir='ltr'>praestari.</span> <span class='ocrx_word' id='word_1_713' title='bbox 1504 1016 1566 1051; x_wconf 90' lang='lat' dir='ltr'>scd</span> <span class='ocrx_word' id='word_1_714' title='bbox 1587 1017 1616 1051; x_wconf 92' lang='lat' dir='ltr'>si</span> <span class='ocrx_word' id='word_1_715' title='bbox 1636 1017 1735 1061; x_wconf 89' lang='lat' dir='ltr'>prius</span> <span class='ocrx_word' id='word_1_716' title='bbox 1757 1016 1800 1051; x_wconf 90' lang='lat' dir='ltr'>de</span> <span class='ocrx_word' id='word_1_717' title='bbox 1819 1017 1915 1052; x_wconf 90' lang='lat' dir='ltr'>furto</span> <span class='ocrx_word' id='word_1_718' title='bbox 1935 1017 2105 1052; x_wconf 88' lang='lat' dir='ltr'>iudicium</span> <span class='ocrx_word' id='word_1_719' title='bbox 2123 1017 2259 1053; x_wconf 90' lang='lat' dir='ltr'>factum</span> <span class='ocrx_word' id='word_1_720' title='bbox 2280 1023 2371 1053; x_wconf 85' lang='lat' dir='ltr'>esset</span> 
     </span>
     <span class='ocr_line' id='line_1_101' title="bbox 1281 1061 2369 1107; baseline 0.003 -11"><span class='ocrx_word' id='word_1_721' title='bbox 1281 1065 1316 1096; x_wconf 91' lang='grc'>01</span> <span class='ocrx_word' id='word_1_722' title='bbox 1339 1061 1516 1096; x_wconf 89' lang='lat' dir='ltr'>hominem</span> <span class='ocrx_word' id='word_1_723' title='bbox 1541 1072 1657 1096; x_wconf 86' lang='lat' dir='ltr'>noxae</span> <span class='ocrx_word' id='word_1_724' title='bbox 1682 1062 1855 1104; x_wconf 91' lang='lat' dir='ltr'>dedisset,</span> <span class='ocrx_word' id='word_1_725' title='bbox 1890 1062 2017 1098; x_wconf 92' lang='lat' dir='ltr'>deinde</span> <span class='ocrx_word' id='word_1_726' title='bbox 2050 1063 2093 1098; x_wconf 93' lang='lat' dir='ltr'>de</span> <span class='ocrx_word' id='word_1_727' title='bbox 2124 1063 2202 1107; x_wconf 90' lang='lat' dir='ltr'>ipso</span> <span class='ocrx_word' id='word_1_728' title='bbox 2227 1064 2369 1099; x_wconf 89' lang='lat' dir='ltr'>homine</span> 
     </span>
     <span class='ocr_line' id='line_1_102' title="bbox 1281 1107 2369 1151; baseline 0.003 -10"><span class='ocrx_word' id='word_1_729' title='bbox 1281 1107 1475 1142; x_wconf 89' lang='lat' dir='ltr'>secundum</span> <span class='ocrx_word' id='word_1_730' title='bbox 1499 1108 1686 1151; x_wconf 89' lang='lat' dir='ltr'>petitorem</span> <span class='ocrx_word' id='word_1_731' title='bbox 1710 1108 1880 1142; x_wconf 90' lang='lat' dir='ltr'>iudicium</span> <span class='ocrx_word' id='word_1_732' title='bbox 1905 1107 2042 1142; x_wconf 89' lang='lat' dir='ltr'>factum</span> <span class='ocrx_word' id='word_1_733' title='bbox 2067 1112 2179 1151; x_wconf 87' lang='lat' dir='ltr'>esset,</span> <span class='ocrx_word' id='word_1_734' title='bbox 2212 1120 2284 1144; x_wconf 90' lang='lat' dir='ltr'>non</span> <span class='ocrx_word' id='word_1_735' title='bbox 2310 1109 2369 1144; x_wconf 90' lang='lat' dir='ltr'>de-</span> 
     </span>
     <span class='ocr_line' id='line_1_103' title="bbox 1280 1152 2370 1197; baseline 0.003 -11"><span class='ocrx_word' id='word_1_736' title='bbox 1280 1152 1364 1186; x_wconf 90' lang='lat' dir='ltr'>bere</span> <span class='ocrx_word' id='word_1_737' title='bbox 1389 1152 1434 1187; x_wconf 93' lang='lat' dir='ltr'>ob</span> <span class='ocrx_word' id='word_1_738' title='bbox 1460 1163 1537 1187; x_wconf 87' lang='lat' dir='ltr'>eam</span> <span class='ocrx_word' id='word_1_739' title='bbox 1562 1163 1636 1187; x_wconf 90' lang='lat' dir='ltr'>rem</span> <span class='ocrx_word' id='word_1_740' title='bbox 1659 1153 1831 1195; x_wconf 85' lang='lat' dir='ltr'>iudicem,</span> <span class='ocrx_word' id='word_1_741' title='bbox 1866 1153 1961 1197; x_wconf 92' lang='lat' dir='ltr'>quod</span> <span class='ocrx_word' id='word_1_742' title='bbox 1992 1154 2169 1188; x_wconf 89' lang='lat' dir='ltr'>hominem</span> <span class='ocrx_word' id='word_1_743' title='bbox 2202 1165 2274 1189; x_wconf 93' lang='lat' dir='ltr'>non</span> <span class='ocrx_word' id='word_1_744' title='bbox 2297 1158 2370 1189; x_wconf 91' lang='lat' dir='ltr'>tra-</span> 
     </span>
     <span class='ocr_line' id='line_1_104' title="bbox 1280 1197 2370 1244; baseline 0.003 -12"><span class='ocrx_word' id='word_1_745' title='bbox 1280 1197 1388 1239; x_wconf 85' lang='lat' dir='ltr'>deret,</span> <span class='ocrx_word' id='word_1_746' title='bbox 1415 1198 1510 1232; x_wconf 92' lang='lat' dir='ltr'>litem</span> <span class='ocrx_word' id='word_1_747' title='bbox 1536 1198 1740 1240; x_wconf 89' lang='lat' dir='ltr'>aestimare,</span> <span class='ocrx_word' id='word_1_748' title='bbox 1777 1199 1944 1243; x_wconf 91' lang='lat' dir='ltr'>quoniam</span> <span class='ocrx_word' id='word_1_749' title='bbox 1968 1199 2055 1233; x_wconf 89' lang='lat' dir='ltr'>nihil</span> <span class='ocrx_word' id='word_1_750' title='bbox 2080 1200 2154 1234; x_wconf 89' lang='lat' dir='ltr'>eius</span> <span class='ocrx_word' id='word_1_751' title='bbox 2180 1200 2285 1244; x_wconf 93' lang='lat' dir='ltr'>culpa</span> <span class='ocrx_word' id='word_1_752' title='bbox 2310 1211 2370 1235; x_wconf 89' lang='lat' dir='ltr'>ne-</span> 
     </span>
     <span class='ocr_line' id='line_1_105' title="bbox 1280 1243 2324 1288; baseline 0.003 -11"><span class='ocrx_word' id='word_1_753' title='bbox 1280 1253 1347 1287; x_wconf 89' lang='lat' dir='ltr'>que</span> <span class='ocrx_word' id='word_1_754' title='bbox 1372 1243 1453 1278; x_wconf 89' lang='lat' dir='ltr'>dolo</span> <span class='ocrx_word' id='word_1_755' title='bbox 1480 1244 1696 1288; x_wconf 86' lang='lat' dir='ltr'>contigisset,</span> <span class='ocrx_word' id='word_1_756' title='bbox 1721 1255 1790 1288; x_wconf 91' lang='lat' dir='ltr'>quo</span> <span class='ocrx_word' id='word_1_757' title='bbox 1815 1244 1931 1279; x_wconf 90' lang='lat' dir='ltr'>minus</span> <span class='ocrx_word' id='word_1_758' title='bbox 1954 1244 2133 1279; x_wconf 90' lang='lat' dir='ltr'>hominem</span> <span class='ocrx_word' id='word_1_759' title='bbox 2156 1245 2324 1280; x_wconf 87' lang='lat' dir='ltr'>traderet.</span> 
     </span>
    </p>

    <p class='ocr_par' dir='ltr' id='par_1_25' title="bbox 1278 1286 2371 1642">
     <span class='ocr_line' id='line_1_106' title="bbox 1326 1286 2369 1326; baseline 0.002 -2"><span class='ocrx_word' id='word_1_760' title='bbox 1326 1286 1378 1325; x_wconf 83' lang='lat'>59</span> <span class='ocrx_word' id='word_1_761' title='bbox 1404 1288 1597 1324; x_wconf 75' lang='lat' dir='ltr'><em>IULIANUS</em></span> <span class='ocrx_word' id='word_1_762' title='bbox 1618 1289 1708 1324; x_wconf 75' lang='lat' dir='ltr'>libro</span> <span class='ocrx_word' id='word_1_763' title='bbox 1734 1293 1837 1324; x_wconf 72' lang='lat' dir='ltr'>seoeto</span> <span class='ocrx_word' id='word_1_764' title='bbox 1862 1301 1911 1325; x_wconf 79' lang='lat' dir='ltr'>ex</span> <span class='ocrx_word' id='word_1_765' title='bbox 1935 1289 2084 1325; x_wconf 77' lang='lat' dir='ltr'>Minicio</span> <span class='ocrx_word' id='word_1_766' title='bbox 2120 1290 2311 1326; x_wconf 91' lang='lat' dir='ltr'>Habitator</span> <span class='ocrx_word' id='word_1_767' title='bbox 2335 1292 2369 1326; x_wconf 90' lang='lat' dir='ltr'>in</span> 
     </span>
     <span class='ocr_line' id='line_1_107' title="bbox 1280 1334 2368 1380; baseline 0.004 -12"><span class='ocrx_word' id='word_1_768' title='bbox 1280 1334 1396 1368; x_wconf 89' lang='lat' dir='ltr'>aliena</span> <span class='ocrx_word' id='word_1_769' title='bbox 1431 1334 1594 1369; x_wconf 90' lang='lat' dir='ltr'>aedificia</span> <span class='ocrx_word' id='word_1_770' title='bbox 1625 1334 1801 1369; x_wconf 87' lang='lat' dir='ltr'>fenestras</span> <span class='ocrx_word' id='word_1_771' title='bbox 1835 1339 1870 1369; x_wconf 90' lang='lat' dir='ltr'>et</span> <span class='ocrx_word' id='word_1_772' title='bbox 1902 1335 1995 1369; x_wconf 87' lang='lat' dir='ltr'>ostia</span> <span class='ocrx_word' id='word_1_773' title='bbox 2025 1336 2212 1380; x_wconf 90' lang='lat' dir='ltr'>imposuit,</span> <span class='ocrx_word' id='word_1_774' title='bbox 2247 1336 2368 1372; x_wconf 90' lang='lat' dir='ltr'>eadem</span> 
     </span>
     <span class='ocr_line' id='line_1_108' title="bbox 1278 1380 2370 1426; baseline 0.004 -13"><span class='ocrx_word' id='word_1_775' title='bbox 1278 1384 1361 1423; x_wconf 91' lang='lat' dir='ltr'>post</span> <span class='ocrx_word' id='word_1_776' title='bbox 1385 1390 1517 1414; x_wconf 91' lang='lat' dir='ltr'>annum</span> <span class='ocrx_word' id='word_1_777' title='bbox 1551 1380 1712 1415; x_wconf 89' lang='lat' dir='ltr'>dominus</span> <span class='ocrx_word' id='word_1_778' title='bbox 1745 1380 1988 1415; x_wconf 89' lang='lat' dir='ltr'>aedificiorum</span> <span class='ocrx_word' id='word_1_779' title='bbox 2021 1380 2191 1425; x_wconf 90' lang='lat' dir='ltr'>dempsit:</span> <span class='ocrx_word' id='word_1_780' title='bbox 2226 1392 2370 1426; x_wconf 87' lang='lat' dir='ltr'>quaero,</span> 
     </span>
     <span class='ocr_line' id='line_1_109' title="bbox 1278 1425 2371 1472; baseline 0.003 -13"><span class='ocrx_word' id='word_1_781' title='bbox 1278 1425 1306 1459; x_wconf 87' lang='lat' dir='ltr'>is</span> <span class='ocrx_word' id='word_1_782' title='bbox 1341 1425 1400 1469; x_wconf 90' lang='lat' dir='ltr'>qui</span> <span class='ocrx_word' id='word_1_783' title='bbox 1431 1425 1651 1469; x_wconf 87' lang='lat' dir='ltr'>imposuerat</span> <span class='ocrx_word' id='word_1_784' title='bbox 1682 1430 1851 1470; x_wconf 88' lang='lat' dir='ltr'>possetne</span> <span class='ocrx_word' id='word_1_785' title='bbox 1884 1436 1926 1460; x_wconf 89' lang='lat' dir='ltr'>ea</span> <span class='ocrx_word' id='word_1_786' title='bbox 1957 1426 2146 1462; x_wconf 90' lang='lat' dir='ltr'>vindicare.</span> <span class='ocrx_word' id='word_1_787' title='bbox 2184 1428 2371 1472; x_wconf 89' lang='lat' dir='ltr'>respondit</span> 
     </span>
     <span class='ocr_line' id='line_1_110' title="bbox 1278 1471 2370 1515; baseline 0.004 -11"><span class='ocrx_word' id='word_1_788' title='bbox 1278 1480 1402 1514; x_wconf 86' lang='lat' dir='ltr'>posse:</span> <span class='ocrx_word' id='word_1_789' title='bbox 1436 1481 1518 1505; x_wconf 91' lang='lat' dir='ltr'>nam</span> <span class='ocrx_word' id='word_1_790' title='bbox 1543 1481 1635 1515; x_wconf 90' lang='lat' dir='ltr'>quae</span> <span class='ocrx_word' id='word_1_791' title='bbox 1660 1471 1783 1505; x_wconf 91' lang='lat' dir='ltr'>alienis</span> <span class='ocrx_word' id='word_1_792' title='bbox 1809 1471 1978 1506; x_wconf 90' lang='lat' dir='ltr'>aedificiis</span> <span class='ocrx_word' id='word_1_793' title='bbox 2004 1482 2140 1506; x_wconf 89' lang='lat' dir='ltr'>conexa</span> <span class='ocrx_word' id='word_1_794' title='bbox 2166 1477 2303 1515; x_wconf 89' lang='lat' dir='ltr'>essent,</span> <span class='ocrx_word' id='word_1_795' title='bbox 2330 1483 2370 1508; x_wconf 86' lang='lat' dir='ltr'>ea</span> 
     </span>
     <span class='ocr_line' id='line_1_111' title="bbox 1280 1515 2369 1561; baseline 0.004 -12"><span class='ocrx_word' id='word_1_796' title='bbox 1280 1515 1446 1560; x_wconf 87' lang='lat' dir='ltr'>quamdiu</span> <span class='ocrx_word' id='word_1_797' title='bbox 1460 1517 1582 1551; x_wconf 86' lang='lat' dir='ltr'>iuncta</span> <span class='ocrx_word' id='word_1_798' title='bbox 1595 1521 1790 1558; x_wconf 88' lang='lat' dir='ltr'>manerent,</span> <span class='ocrx_word' id='word_1_799' title='bbox 1813 1516 2005 1551; x_wconf 90' lang='lat' dir='ltr'>eorundem</span> <span class='ocrx_word' id='word_1_800' title='bbox 2026 1517 2267 1553; x_wconf 88' lang='lat' dir='ltr'>aedificiorum</span> <span class='ocrx_word' id='word_1_801' title='bbox 2282 1529 2369 1561; x_wconf 81' lang='lat' dir='ltr'>esse,</span> 
     </span>
     <span class='ocr_line' id='line_1_112' title="bbox 1279 1560 2367 1608; baseline 0.004 -13"><span class='ocrx_word' id='word_1_802' title='bbox 1279 1560 1382 1595; x_wconf 89' lang='lat' dir='ltr'>simul</span> <span class='ocrx_word' id='word_1_803' title='bbox 1407 1565 1514 1606; x_wconf 91' lang='lat' dir='ltr'>atque</span> <span class='ocrx_word' id='word_1_804' title='bbox 1537 1561 1619 1596; x_wconf 88' lang='lat' dir='ltr'>inde</span> <span class='ocrx_word' id='word_1_805' title='bbox 1644 1562 1788 1606; x_wconf 87' lang='lat' dir='ltr'>dempta</span> <span class='ocrx_word' id='word_1_806' title='bbox 1813 1565 1950 1604; x_wconf 89' lang='lat' dir='ltr'>essent,</span> <span class='ocrx_word' id='word_1_807' title='bbox 1984 1562 2154 1598; x_wconf 89' lang='lat' dir='ltr'>continuo</span> <span class='ocrx_word' id='word_1_808' title='bbox 2188 1564 2224 1598; x_wconf 88' lang='grc'>111</span> <span class='ocrx_word' id='word_1_809' title='bbox 2249 1564 2367 1608; x_wconf 84' lang='lat' dir='ltr'>pristi-</span> 
     </span>
     <span class='ocr_line' id='line_1_113' title="bbox 1278 1607 1692 1642; baseline 0.002 -2"><span class='ocrx_word' id='word_1_810' title='bbox 1278 1616 1360 1640; x_wconf 92' lang='lat' dir='ltr'>nam</span> <span class='ocrx_word' id='word_1_811' title='bbox 1386 1617 1531 1641; x_wconf 89' lang='lat' dir='ltr'>causam</span> <span class='ocrx_word' id='word_1_812' title='bbox 1555 1607 1692 1642; x_wconf 88' lang='lat' dir='ltr'>reverti.</span> 
     </span>
    </p>

    <p class='ocr_par' dir='ltr' id='par_1_26' title="bbox 1277 1649 2367 1787">
     <span class='ocr_line' id='line_1_114' title="bbox 1325 1649 2367 1689; baseline 0 -1"><span class='ocrx_word' id='word_1_813' title='bbox 1325 1649 1376 1688; x_wconf 81' lang='lat'>60</span> <span class='ocrx_word' id='word_1_814' title='bbox 1403 1651 1632 1687; x_wconf 74' lang='lat' dir='ltr'><em>POMPONIUS</em></span> <span class='ocrx_word' id='word_1_815' title='bbox 1662 1652 1752 1687; x_wconf 71' lang='lat' dir='ltr'>libro</span> <span class='ocrx_word' id='word_1_816' title='bbox 1784 1653 1975 1687; x_wconf 70' lang='lat' dir='ltr'>vicensimo</span> <span class='ocrx_word' id='word_1_817' title='bbox 2000 1663 2097 1688; x_wconf 89' lang='lat' dir='ltr'>nono</span> <span class='ocrx_word' id='word_1_818' title='bbox 2122 1653 2171 1688; x_wconf 83' lang='lat' dir='ltr'>ad</span> <span class='ocrx_word' id='word_1_819' title='bbox 2195 1653 2367 1689; x_wconf 78' lang='lat' dir='ltr'>Sabinum</span> 
     </span>
     <span class='ocr_line' id='line_1_115' title="bbox 1279 1697 2367 1743; baseline 0.004 -12"><span class='ocrx_word' id='word_1_820' title='bbox 1279 1697 1381 1740; x_wconf 77' lang='lat' dir='ltr'>Quod</span> <span class='ocrx_word' id='word_1_821' title='bbox 1404 1697 1523 1732; x_wconf 87' lang='lat' dir='ltr'>infans</span> <span class='ocrx_word' id='word_1_822' title='bbox 1547 1697 1601 1733; x_wconf 89' lang='lat' dir='ltr'>vel</span> <span class='ocrx_word' id='word_1_823' title='bbox 1624 1697 1780 1733; x_wconf 89' lang='lat' dir='ltr'>furiosus</span> <span class='ocrx_word' id='word_1_824' title='bbox 1812 1708 2000 1742; x_wconf 90' lang='lat' dir='ltr'>possessor</span> <span class='ocrx_word' id='word_1_825' title='bbox 2033 1698 2187 1743; x_wconf 89' lang='lat' dir='ltr'>perdidit</span> <span class='ocrx_word' id='word_1_826' title='bbox 2210 1699 2264 1734; x_wconf 90' lang='lat' dir='ltr'>vel</span> <span class='ocrx_word' id='word_1_827' title='bbox 2290 1710 2367 1734; x_wconf 91' lang='lat' dir='ltr'>cor-</span> 
     </span>
     <span class='ocr_line' id='line_1_116' title="bbox 1277 1742 1707 1787; baseline 0 -12"><span class='ocrx_word' id='word_1_828' title='bbox 1277 1742 1384 1786; x_wconf 87' lang='lat' dir='ltr'>rupit,</span> <span class='ocrx_word' id='word_1_829' title='bbox 1408 1743 1620 1787; x_wconf 90' lang='lat' dir='ltr'>impunitum</span> <span class='ocrx_word' id='word_1_830' title='bbox 1646 1747 1707 1778; x_wconf 89' lang='lat' dir='ltr'>est.</span> 
     </span>
    </p>

    <p class='ocr_par' dir='ltr' id='par_1_27' title="bbox 1277 1786 2367 2060">
     <span class='ocr_line' id='line_1_117' title="bbox 1324 1786 2366 1824; baseline 0 0"><span class='ocrx_word' id='word_1_831' title='bbox 1324 1786 1373 1824; x_wconf 86' lang='lat'>61</span> <span class='ocrx_word' id='word_1_832' title='bbox 1402 1787 1596 1823; x_wconf 75' lang='lat' dir='ltr'><em>IULIANUS</em></span> <span class='ocrx_word' id='word_1_833' title='bbox 1606 1788 1696 1824; x_wconf 78' lang='lat' dir='ltr'>libro</span> <span class='ocrx_word' id='word_1_834' title='bbox 1710 1792 1877 1824; x_wconf 65' lang='lat' dir='ltr'>sex-toea:</span> <span class='ocrx_word' id='word_1_835' title='bbox 1889 1787 2039 1824; x_wconf 75' lang='lat' dir='ltr'>Minicio</span> <span class='ocrx_word' id='word_1_836' title='bbox 2075 1789 2244 1824; x_wconf 87' lang='lat' dir='ltr'>Minicius</span> <span class='ocrx_word' id='word_1_837' title='bbox 2257 1789 2366 1824; x_wconf 86' lang='lat' dir='ltr'>inter-</span> 
     </span>
     <span class='ocr_line' id='line_1_118' title="bbox 1277 1834 2367 1878; baseline 0.002 -11"><span class='ocrx_word' id='word_1_838' title='bbox 1277 1836 1441 1877; x_wconf 87' lang='lat' dir='ltr'>rogatus,</span> <span class='ocrx_word' id='word_1_839' title='bbox 1473 1834 1503 1868; x_wconf 89' lang='lat' dir='ltr'>si</span> <span class='ocrx_word' id='word_1_840' title='bbox 1535 1834 1613 1878; x_wconf 91' lang='lat' dir='ltr'>quis</span> <span class='ocrx_word' id='word_1_841' title='bbox 1638 1844 1762 1868; x_wconf 87' lang='lat' dir='ltr'>navem</span> <span class='ocrx_word' id='word_1_842' title='bbox 1787 1844 1887 1868; x_wconf 90' lang='lat' dir='ltr'>suam</span> <span class='ocrx_word' id='word_1_843' title='bbox 1912 1834 2028 1868; x_wconf 87' lang='lat' dir='ltr'>aliena</span> <span class='ocrx_word' id='word_1_844' title='bbox 2050 1834 2200 1869; x_wconf 90' lang='lat' dir='ltr'>materia</span> <span class='ocrx_word' id='word_1_845' title='bbox 2223 1834 2367 1870; x_wconf 83' lang='lat' dir='ltr'>refecis—</span> 
     </span>
     <span class='ocr_line' id='line_1_119' title="bbox 1278 1879 2367 1921; baseline 0.001 -8"><span class='ocrx_word' id='word_1_846' title='bbox 1278 1882 1350 1921; x_wconf 91' lang='lat' dir='ltr'>set,</span> <span class='ocrx_word' id='word_1_847' title='bbox 1384 1890 1468 1913; x_wconf 92' lang='lat' dir='ltr'>num</span> <span class='ocrx_word' id='word_1_848' title='bbox 1500 1880 1608 1914; x_wconf 91' lang='lat' dir='ltr'>nihilo</span> <span class='ocrx_word' id='word_1_849' title='bbox 1642 1880 1758 1914; x_wconf 90' lang='lat' dir='ltr'>minus</span> <span class='ocrx_word' id='word_1_850' title='bbox 1792 1879 1947 1913; x_wconf 89' lang='lat' dir='ltr'>eiusdem</span> <span class='ocrx_word' id='word_1_851' title='bbox 1980 1880 2080 1914; x_wconf 89' lang='lat' dir='ltr'>navis</span> <span class='ocrx_word' id='word_1_852' title='bbox 2105 1884 2275 1914; x_wconf 88' lang='lat' dir='ltr'>maneret.</span> <span class='ocrx_word' id='word_1_853' title='bbox 2312 1891 2367 1915; x_wconf 90' lang='lat' dir='ltr'>re-</span> 
     </span>
     <span class='ocr_line' id='line_1_120' title="bbox 1277 1923 2367 1968; baseline 0.002 -10"><span class='ocrx_word' id='word_1_854' title='bbox 1277 1923 1421 1968; x_wconf 90' lang='lat' dir='ltr'>spondit</span> <span class='ocrx_word' id='word_1_855' title='bbox 1444 1935 1597 1960; x_wconf 91' lang='lat' dir='ltr'>manere.</span> <span class='ocrx_word' id='word_1_856' title='bbox 1635 1925 1698 1960; x_wconf 91' lang='lat' dir='ltr'>sed</span> <span class='ocrx_word' id='word_1_857' title='bbox 1722 1925 1752 1959; x_wconf 91' lang='lat' dir='ltr'>si</span> <span class='ocrx_word' id='word_1_858' title='bbox 1776 1925 1812 1959; x_wconf 91' lang='lat' dir='ltr'>in</span> <span class='ocrx_word' id='word_1_859' title='bbox 1837 1924 2060 1959; x_wconf 88' lang='lat' dir='ltr'>aedificanda</span> <span class='ocrx_word' id='word_1_860' title='bbox 2084 1935 2127 1960; x_wconf 92' lang='lat' dir='ltr'>ea</span> <span class='ocrx_word' id='word_1_861' title='bbox 2149 1925 2242 1960; x_wconf 92' lang='lat' dir='ltr'>idem</span> <span class='ocrx_word' id='word_1_862' title='bbox 2262 1926 2367 1960; x_wconf 88' lang='lat' dir='ltr'>fecis-</span> 
     </span>
     <span class='ocr_line' id='line_1_121' title="bbox 1277 1969 2367 2015; baseline 0.002 -11"><span class='ocrx_word' id='word_1_863' title='bbox 1277 1973 1341 2011; x_wconf 91' lang='lat' dir='ltr'>set,</span> <span class='ocrx_word' id='word_1_864' title='bbox 1364 1980 1435 2004; x_wconf 90' lang='lat' dir='ltr'>non</span> <span class='ocrx_word' id='word_1_865' title='bbox 1456 1981 1572 2014; x_wconf 89' lang='lat' dir='ltr'>posse.</span> <span class='ocrx_word' id='word_1_866' title='bbox 1601 1969 1788 2005; x_wconf 75' lang='lat' dir='ltr'><em>IULIANUS</em></span> <span class='ocrx_word' id='word_1_867' title='bbox 1804 1974 1925 2004; x_wconf 81' lang='lat' dir='ltr'>notat:</span> <span class='ocrx_word' id='word_1_868' title='bbox 1949 1981 2031 2005; x_wconf 91' lang='lat' dir='ltr'>nam</span> <span class='ocrx_word' id='word_1_869' title='bbox 2044 1971 2245 2015; x_wconf 90' lang='lat' dir='ltr'>proprietas</span> <span class='ocrx_word' id='word_1_870' title='bbox 2257 1972 2367 2007; x_wconf 90' lang='lat' dir='ltr'>totius</span> 
     </span>
     <span class='ocr_line' id='line_1_122' title="bbox 1277 2015 1911 2060; baseline 0 -11"><span class='ocrx_word' id='word_1_871' title='bbox 1277 2015 1376 2050; x_wconf 89' lang='lat' dir='ltr'>navis</span> <span class='ocrx_word' id='word_1_872' title='bbox 1402 2016 1545 2050; x_wconf 85' lang='lat' dir='ltr'>carinae</span> <span class='ocrx_word' id='word_1_873' title='bbox 1571 2026 1715 2050; x_wconf 90' lang='lat' dir='ltr'>causam</span> <span class='ocrx_word' id='word_1_874' title='bbox 1741 2015 1911 2060; x_wconf 88' lang='lat' dir='ltr'>sequitur.</span> 
     </span>
    </p>

    <p class='ocr_par' dir='ltr' id='par_1_28' title="bbox 1276 2058 2367 2739">
     <span class='ocr_line' id='line_1_123' title="bbox 1322 2058 2367 2105; baseline 0 -8"><span class='ocrx_word' id='word_1_875' title='bbox 1322 2058 1375 2097; x_wconf 83' lang='lat'>62</span> <span class='ocrx_word' id='word_1_876' title='bbox 1402 2060 1648 2095; x_wconf 74' lang='lat' dir='ltr'><em>PAPJNIANUS</em></span> <span class='ocrx_word' id='word_1_877' title='bbox 1668 2061 1758 2095; x_wconf 80' lang='lat' dir='ltr'>libro</span> <span class='ocrx_word' id='word_1_878' title='bbox 1786 2065 1889 2096; x_wconf 76' lang='lat' dir='ltr'>scoeto</span> <span class='ocrx_word' id='word_1_879' title='bbox 1915 2062 2163 2105; x_wconf 75' lang='lat' dir='ltr'>quaestionum</span> <span class='ocrx_word' id='word_1_880' title='bbox 2212 2061 2249 2096; x_wconf 90' lang='lat' dir='ltr'>Si</span> <span class='ocrx_word' id='word_1_881' title='bbox 2269 2062 2367 2097; x_wconf 89' lang='lat' dir='ltr'>navis</span> 
     </span>
     <span class='ocr_line' id='line_1_124' title="bbox 1277 2105 2365 2150; baseline 0.002 -10"><span class='ocrx_word' id='word_1_882' title='bbox 1277 2116 1299 2140; x_wconf 84' lang='lat' dir='ltr'>a</span> <span class='ocrx_word' id='word_1_883' title='bbox 1330 2105 1445 2140; x_wconf 90' lang='lat' dir='ltr'>malae</span> <span class='ocrx_word' id='word_1_884' title='bbox 1475 2106 1559 2141; x_wconf 88' lang='lat' dir='ltr'>fidei</span> <span class='ocrx_word' id='word_1_885' title='bbox 1591 2117 1798 2150; x_wconf 88' lang='lat' dir='ltr'>possessore</span> <span class='ocrx_word' id='word_1_886' title='bbox 1821 2110 1983 2150; x_wconf 90' lang='lat' dir='ltr'>petatur,</span> <span class='ocrx_word' id='word_1_887' title='bbox 2017 2111 2053 2141; x_wconf 88' lang='lat' dir='ltr'>et</span> <span class='ocrx_word' id='word_1_888' title='bbox 2086 2107 2227 2142; x_wconf 85' lang='lat' dir='ltr'>fructus</span> <span class='ocrx_word' id='word_1_889' title='bbox 2260 2108 2365 2142; x_wconf 87' lang='lat' dir='ltr'>aesti-</span> 
     </span>
     <span class='ocr_line' id='line_1_125' title="bbox 1276 2151 2365 2197; baseline 0.003 -12"><span class='ocrx_word' id='word_1_890' title='bbox 1276 2151 1397 2186; x_wconf 88' lang='lat' dir='ltr'>mandi</span> <span class='ocrx_word' id='word_1_891' title='bbox 1421 2156 1525 2193; x_wconf 88' lang='lat' dir='ltr'>sunt,</span> <span class='ocrx_word' id='word_1_892' title='bbox 1559 2152 1658 2186; x_wconf 89' lang='lat' dir='ltr'>utin</span> <span class='ocrx_word' id='word_1_893' title='bbox 1683 2152 1833 2186; x_wconf 89' lang='lat' dir='ltr'>taberna</span> <span class='ocrx_word' id='word_1_894' title='bbox 1858 2155 1894 2186; x_wconf 91' lang='lat' dir='ltr'>et</span> <span class='ocrx_word' id='word_1_895' title='bbox 1925 2161 2009 2186; x_wconf 90' lang='lat' dir='ltr'>area</span> <span class='ocrx_word' id='word_1_896' title='bbox 2042 2163 2135 2197; x_wconf 87' lang='lat' dir='ltr'>quae</span> <span class='ocrx_word' id='word_1_897' title='bbox 2166 2152 2278 2187; x_wconf 87' lang='lat' dir='ltr'>locari</span> <span class='ocrx_word' id='word_1_898' title='bbox 2309 2164 2365 2188; x_wconf 90' lang='lat' dir='ltr'>so-</span> 
     </span>
     <span class='ocr_line' id='line_1_126' title="bbox 1276 2196 2365 2242; baseline 0.002 -12"><span class='ocrx_word' id='word_1_899' title='bbox 1276 2196 1359 2230; x_wconf 89' lang='lat' dir='ltr'>lent.</span> <span class='ocrx_word' id='word_1_900' title='bbox 1397 2197 1491 2241; x_wconf 90' lang='lat' dir='ltr'>quod</span> <span class='ocrx_word' id='word_1_901' title='bbox 1516 2207 1586 2232; x_wconf 90' lang='lat' dir='ltr'>non</span> <span class='ocrx_word' id='word_1_902' title='bbox 1613 2201 1667 2231; x_wconf 90' lang='lat' dir='ltr'>est</span> <span class='ocrx_word' id='word_1_903' title='bbox 1691 2197 1722 2231; x_wconf 91' lang='lat' dir='ltr'>ei</span> <span class='ocrx_word' id='word_1_904' title='bbox 1748 2197 1984 2239; x_wconf 88' lang='lat' dir='ltr'>contrarium,</span> <span class='ocrx_word' id='word_1_905' title='bbox 2019 2197 2114 2242; x_wconf 87' lang='lat' dir='ltr'>quod</span> <span class='ocrx_word' id='word_1_906' title='bbox 2147 2197 2190 2232; x_wconf 90' lang='lat' dir='ltr'>de</span> <span class='ocrx_word' id='word_1_907' title='bbox 2214 2198 2365 2242; x_wconf 89' lang='lat' dir='ltr'>pecunia</span> 
     </span>
     <span class='ocr_line' id='line_1_127' title="bbox 1277 2242 2363 2288; baseline 0.002 -12"><span class='ocrx_word' id='word_1_908' title='bbox 1277 2242 1457 2286; x_wconf 89' lang='lat' dir='ltr'>deposita,</span> <span class='ocrx_word' id='word_1_909' title='bbox 1493 2252 1600 2286; x_wconf 89' lang='lat' dir='ltr'>quam</span> <span class='ocrx_word' id='word_1_910' title='bbox 1631 2242 1734 2277; x_wconf 86' lang='lat' dir='ltr'>heres</span> <span class='ocrx_word' id='word_1_911' title='bbox 1766 2243 1863 2277; x_wconf 77' lang='lat' dir='ltr'>non3</span> <span class='ocrx_word' id='word_1_912' title='bbox 1898 2242 2039 2287; x_wconf 84' lang='lat' dir='ltr'>attingit</span> <span class='ocrx_word' id='word_1_913' title='bbox 2051 2244 2075 2285; x_wconf 51' lang='grc'>4,</span> <span class='ocrx_word' id='word_1_914' title='bbox 2109 2253 2237 2278; x_wconf 91' lang='lat' dir='ltr'>usuras</span> <span class='ocrx_word' id='word_1_915' title='bbox 2261 2254 2363 2288; x_wconf 89' lang='lat' dir='ltr'>prac-</span> 
     </span>
     <span class='ocr_line' id='line_1_128' title="bbox 1277 2287 2366 2331; baseline 0.001 -9"><span class='ocrx_word' id='word_1_916' title='bbox 1277 2291 1372 2322; x_wconf 91' lang='lat' dir='ltr'>stare</span> <span class='ocrx_word' id='word_1_917' title='bbox 1405 2298 1477 2322; x_wconf 91' lang='lat' dir='ltr'>non</span> <span class='ocrx_word' id='word_1_918' title='bbox 1512 2288 1666 2331; x_wconf 84' lang='lat' dir='ltr'>cogitur:</span> <span class='ocrx_word' id='word_1_919' title='bbox 1701 2298 1784 2322; x_wconf 91' lang='lat' dir='ltr'>nam</span> <span class='ocrx_word' id='word_1_920' title='bbox 1820 2287 1885 2322; x_wconf 90' lang='lat' dir='ltr'>etsi</span> <span class='ocrx_word' id='word_1_921' title='bbox 1916 2288 2067 2322; x_wconf 87' lang='lat' dir='ltr'>maxime</span> <span class='ocrx_word' id='word_1_922' title='bbox 2097 2292 2242 2322; x_wconf 89' lang='lat' dir='ltr'>vectura</span> <span class='ocrx_word' id='word_1_923' title='bbox 2274 2289 2366 2323; x_wconf 90' lang='lat' dir='ltr'>sicut</span> 
     </span>
     <span class='ocr_line' id='line_1_129' title="bbox 1277 2332 2364 2378; baseline 0.002 -12"><span class='ocrx_word' id='word_1_924' title='bbox 1277 2343 1386 2367; x_wconf 92' lang='lat' dir='ltr'>usura</span> <span class='ocrx_word' id='word_1_925' title='bbox 1406 2343 1479 2367; x_wconf 90' lang='lat' dir='ltr'>non</span> <span class='ocrx_word' id='word_1_926' title='bbox 1499 2337 1629 2367; x_wconf 90' lang='lat' dir='ltr'>natura</span> <span class='ocrx_word' id='word_1_927' title='bbox 1648 2333 1818 2377; x_wconf 85' lang='lat' dir='ltr'>pervenit,</span> <span class='ocrx_word' id='word_1_928' title='bbox 1840 2332 1903 2367; x_wconf 90' lang='lat' dir='ltr'>sed</span> <span class='ocrx_word' id='word_1_929' title='bbox 1922 2333 1999 2367; x_wconf 91' lang='lat' dir='ltr'>iure</span> <span class='ocrx_word' id='word_1_930' title='bbox 2016 2334 2219 2378; x_wconf 88' lang='lat' dir='ltr'>percipitur,</span> <span class='ocrx_word' id='word_1_931' title='bbox 2246 2337 2364 2368; x_wconf 88' lang='lat' dir='ltr'>tamen</span> 
     </span>
     <span class='ocr_line' id='line_1_130' title="bbox 1276 2378 2363 2423; baseline 0.001 -11"><span class='ocrx_word' id='word_1_932' title='bbox 1276 2378 1355 2413; x_wconf 91' lang='lat' dir='ltr'>ideo</span> <span class='ocrx_word' id='word_1_933' title='bbox 1387 2382 1534 2413; x_wconf 89' lang='lat' dir='ltr'>vectura</span> <span class='ocrx_word' id='word_1_934' title='bbox 1567 2378 1760 2413; x_wconf 89' lang='lat' dir='ltr'>desiderari</span> <span class='ocrx_word' id='word_1_935' title='bbox 1793 2382 1930 2423; x_wconf 85' lang='lat' dir='ltr'>potest,</span> <span class='ocrx_word' id='word_1_936' title='bbox 1970 2379 2137 2423; x_wconf 89' lang='lat' dir='ltr'>quoniam</span> <span class='ocrx_word' id='word_1_937' title='bbox 2169 2378 2363 2422; x_wconf 89' lang='lat' dir='ltr'>periculum</span> 
     </span>
     <span class='ocr_line' id='line_1_131' title="bbox 1277 2423 2364 2468; baseline 0.001 -11"><span class='ocrx_word' id='word_1_938' title='bbox 1277 2423 1375 2458; x_wconf 90' lang='lat' dir='ltr'>navis</span> <span class='ocrx_word' id='word_1_939' title='bbox 1408 2434 1594 2467; x_wconf 88' lang='lat' dir='ltr'>possessor</span> <span class='ocrx_word' id='word_1_940' title='bbox 1629 2423 1772 2468; x_wconf 87' lang='lat' dir='ltr'>petitori</span> <span class='ocrx_word' id='word_1_941' title='bbox 1803 2428 1987 2467; x_wconf 85' lang='lat' dir='ltr'>praestare</span> <span class='ocrx_word' id='word_1_942' title='bbox 2019 2435 2089 2458; x_wconf 91' lang='lat' dir='ltr'>non</span> <span class='ocrx_word' id='word_1_943' title='bbox 2123 2424 2245 2465; x_wconf 89' lang='lat' dir='ltr'>debet,</span> <span class='ocrx_word' id='word_1_944' title='bbox 2284 2435 2364 2458; x_wconf 88' lang='lat' dir='ltr'>cum</span> 
     </span>
     <span class='ocr_line' id='line_1_132' title="bbox 1280 2468 2363 2513; baseline 0.001 -11"><span class='ocrx_word' id='word_1_945' title='bbox 1280 2472 1292 2502; x_wconf 87' lang='lat'>1</span> <span class='ocrx_word' id='word_1_946' title='bbox 1345 2469 1497 2513; x_wconf 87' lang='lat' dir='ltr'>pecunia</span> <span class='ocrx_word' id='word_1_947' title='bbox 1529 2469 1688 2513; x_wconf 90' lang='lat' dir='ltr'>periculo</span> <span class='ocrx_word' id='word_1_948' title='bbox 1727 2469 1845 2503; x_wconf 85' lang='lat' dir='ltr'>dantis</span> <span class='ocrx_word' id='word_1_949' title='bbox 1880 2469 2094 2503; x_wconf 88' lang='lat' dir='ltr'>faeneretur.</span> <span class='ocrx_word' id='word_1_950' title='bbox 2144 2468 2363 2504; x_wconf 86' lang='lat' dir='ltr'>Generaliter</span> 
     </span>
     <span class='ocr_line' id='line_1_133' title="bbox 1277 2514 2362 2558; baseline 0 -10"><span class='ocrx_word' id='word_1_951' title='bbox 1277 2518 1395 2548; x_wconf 91' lang='lat' dir='ltr'>autem</span> <span class='ocrx_word' id='word_1_952' title='bbox 1419 2525 1499 2548; x_wconf 91' lang='lat' dir='ltr'>cum</span> <span class='ocrx_word' id='word_1_953' title='bbox 1524 2514 1568 2549; x_wconf 92' lang='lat' dir='ltr'>de</span> <span class='ocrx_word' id='word_1_954' title='bbox 1591 2514 1767 2549; x_wconf 88' lang='lat' dir='ltr'>fructibus</span> <span class='ocrx_word' id='word_1_955' title='bbox 1792 2514 2018 2548; x_wconf 86' lang='lat' dir='ltr'>aestimandis</span> <span class='ocrx_word' id='word_1_956' title='bbox 2044 2514 2241 2558; x_wconf 88' lang='lat' dir='ltr'>quaeritur,</span> <span class='ocrx_word' id='word_1_957' title='bbox 2279 2526 2362 2549; x_wconf 89' lang='lat' dir='ltr'>con-</span> 
     </span>
     <span class='ocr_line' id='line_1_134' title="bbox 1277 2559 2361 2604; baseline 0.001 -10"><span class='ocrx_word' id='word_1_958' title='bbox 1277 2563 1350 2594; x_wconf 91' lang='lat' dir='ltr'>stat</span> <span class='ocrx_word' id='word_1_959' title='bbox 1373 2559 1606 2594; x_wconf 89' lang='lat' dir='ltr'>animadverti</span> <span class='ocrx_word' id='word_1_960' title='bbox 1632 2559 1778 2601; x_wconf 87' lang='lat' dir='ltr'>debere,</span> <span class='ocrx_word' id='word_1_961' title='bbox 1811 2570 1883 2593; x_wconf 89' lang='lat' dir='ltr'>non</span> <span class='ocrx_word' id='word_1_962' title='bbox 1908 2569 1954 2593; x_wconf 90' lang='lat' dir='ltr'>an</span> <span class='ocrx_word' id='word_1_963' title='bbox 1977 2559 2091 2594; x_wconf 85' lang='lat' dir='ltr'>malae</span> <span class='ocrx_word' id='word_1_964' title='bbox 2115 2559 2196 2594; x_wconf 85' lang='lat' dir='ltr'>fidei</span> <span class='ocrx_word' id='word_1_965' title='bbox 2221 2571 2361 2604; x_wconf 90' lang='lat' dir='ltr'>posses-</span> 
     </span>
     <span class='ocr_line' id='line_1_135' title="bbox 1277 2604 2364 2649; baseline 0.002 -11"><span class='ocrx_word' id='word_1_966' title='bbox 1277 2615 1336 2639; x_wconf 93' lang='lat' dir='ltr'>sor</span> <span class='ocrx_word' id='word_1_967' title='bbox 1359 2604 1513 2639; x_wconf 88' lang='lat' dir='ltr'>fruitus⁵</span> <span class='ocrx_word' id='word_1_968' title='bbox 1537 2605 1601 2646; x_wconf 91' lang='lat' dir='ltr'>sit,</span> <span class='ocrx_word' id='word_1_969' title='bbox 1634 2605 1697 2639; x_wconf 91' lang='lat' dir='ltr'>sed</span> <span class='ocrx_word' id='word_1_970' title='bbox 1729 2615 1775 2638; x_wconf 88' lang='lat' dir='ltr'>an</span> <span class='ocrx_word' id='word_1_971' title='bbox 1806 2604 1938 2649; x_wconf 88' lang='lat' dir='ltr'>petitor</span> <span class='ocrx_word' id='word_1_972' title='bbox 1968 2604 2039 2638; x_wconf 85' lang='lat' dir='ltr'>frui</span> <span class='ocrx_word' id='word_1_973' title='bbox 2062 2604 2236 2649; x_wconf 90' lang='lat' dir='ltr'>potuerit,</span> <span class='ocrx_word' id='word_1_974' title='bbox 2271 2605 2300 2640; x_wconf 90' lang='lat' dir='ltr'>si</span> <span class='ocrx_word' id='word_1_975' title='bbox 2333 2606 2364 2640; x_wconf 92' lang='lat' dir='ltr'>ei</span> 
     </span>
     <span class='ocr_line' id='line_1_136' title="bbox 1276 2649 2361 2696; baseline 0.001 -12"><span class='ocrx_word' id='word_1_976' title='bbox 1276 2649 1459 2694; x_wconf 91' lang='lat' dir='ltr'>possidere</span> <span class='ocrx_word' id='word_1_977' title='bbox 1490 2650 1658 2685; x_wconf 89' lang='lat' dir='ltr'>licuisset.</span> <span class='ocrx_word' id='word_1_978' title='bbox 1704 2649 2054 2694; x_wconf 38' lang='lat' dir='ltr'>quam-sententiam</span> <span class='ocrx_word' id='word_1_979' title='bbox 2085 2650 2243 2685; x_wconf 88' lang='lat' dir='ltr'>Iulianus</span> <span class='ocrx_word' id='word_1_980' title='bbox 2275 2661 2361 2696; x_wconf 89' lang='lat' dir='ltr'>quo-</span> 
     </span>
     <span class='ocr_line' id='line_1_137' title="bbox 1277 2695 1509 2739; baseline 0 -10"><span class='ocrx_word' id='word_1_981' title='bbox 1277 2705 1345 2739; x_wconf 92' lang='lat' dir='ltr'>que</span> <span class='ocrx_word' id='word_1_982' title='bbox 1369 2695 1509 2738; x_wconf 90' lang='lat' dir='ltr'>probat.</span> 
     </span>
    </p>

    <p class='ocr_par' dir='ltr' id='par_1_29' title="bbox 1274 2738 2361 3190">
     <span class='ocr_line' id='line_1_138' title="bbox 1322 2738 2361 2785; baseline 0 -9"><span class='ocrx_word' id='word_1_983' title='bbox 1322 2738 1374 2777; x_wconf 89' lang='lat'>63</span> <span class='ocrx_word' id='word_1_984' title='bbox 1400 2739 1508 2774; x_wconf 72' lang='lat' dir='ltr'><em>IDEM</em></span> <span class='ocrx_word' id='word_1_985' title='bbox 1527 2740 1617 2775; x_wconf 77' lang='lat' dir='ltr'>libro</span> <span class='ocrx_word' id='word_1_986' title='bbox 1643 2739 1851 2774; x_wconf 76' lang='lat' dir='ltr'>duodecimo</span> <span class='ocrx_word' id='word_1_987' title='bbox 1877 2740 2124 2784; x_wconf 77' lang='lat' dir='ltr'>quaestionum</span> <span class='ocrx_word' id='word_1_988' title='bbox 2174 2740 2211 2775; x_wconf 89' lang='lat' dir='ltr'>Si</span> <span class='ocrx_word' id='word_1_989' title='bbox 2244 2741 2361 2785; x_wconf 88' lang='lat' dir='ltr'>culpa,</span> 
     </span>
     <span class='ocr_line' id='line_1_139' title="bbox 1276 2785 2361 2831; baseline 0.002 -12"><span class='ocrx_word' id='word_1_990' title='bbox 1276 2796 1346 2819; x_wconf 92' lang='lat' dir='ltr'>non</span> <span class='ocrx_word' id='word_1_991' title='bbox 1370 2785 1498 2819; x_wconf 88' lang='lat' dir='ltr'>fraude</span> <span class='ocrx_word' id='word_1_992' title='bbox 1522 2785 1599 2829; x_wconf 90' lang='lat' dir='ltr'>quis</span> <span class='ocrx_word' id='word_1_993' title='bbox 1624 2785 1884 2829; x_wconf 89' lang='lat' dir='ltr'>possessionem</span> <span class='ocrx_word' id='word_1_994' title='bbox 1904 2785 2072 2827; x_wconf 88' lang='lat' dir='ltr'>amiserit,</span> <span class='ocrx_word' id='word_1_995' title='bbox 2099 2786 2266 2830; x_wconf 90' lang='lat' dir='ltr'>quoniam</span> <span class='ocrx_word' id='word_1_996' title='bbox 2285 2787 2361 2831; x_wconf 88' lang='lat' dir='ltr'>pati</span> 
     </span>
     <span class='ocr_line' id='line_1_140' title="bbox 1276 2829 2359 2873; baseline 0.002 -9"><span class='ocrx_word' id='word_1_997' title='bbox 1276 2830 1380 2864; x_wconf 89' lang='lat' dir='ltr'>debet</span> <span class='ocrx_word' id='word_1_998' title='bbox 1404 2830 1705 2871; x_wconf 88' lang='lat' dir='ltr'>aestimationem,</span> <span class='ocrx_word' id='word_1_999' title='bbox 1730 2829 1926 2864; x_wconf 88' lang='lat' dir='ltr'>audiendus</span> <span class='ocrx_word' id='word_1_1000' title='bbox 1952 2830 2019 2864; x_wconf 90' lang='lat' dir='ltr'>erit</span> <span class='ocrx_word' id='word_1_1001' title='bbox 2042 2841 2063 2864; x_wconf 90' lang='lat' dir='ltr'>a</span> <span class='ocrx_word' id='word_1_1002' title='bbox 2086 2831 2221 2873; x_wconf 90' lang='lat' dir='ltr'>iudice,</span> <span class='ocrx_word' id='word_1_1003' title='bbox 2247 2832 2276 2866; x_wconf 91' lang='lat' dir='ltr'>si</span> <span class='ocrx_word' id='word_1_1004' title='bbox 2301 2832 2359 2866; x_wconf 89' lang='lat' dir='ltr'>de-</span> 
     </span>
     <span class='ocr_line' id='line_1_141' title="bbox 1276 2875 2361 2917; baseline 0.001 -7"><span class='ocrx_word' id='word_1_1005' title='bbox 1276 2875 1416 2917; x_wconf 90' lang='lat' dir='ltr'>sideret,</span> <span class='ocrx_word' id='word_1_1006' title='bbox 1442 2878 1481 2909; x_wconf 93' lang='lat' dir='ltr'>ut</span> <span class='ocrx_word' id='word_1_1007' title='bbox 1501 2875 1724 2910; x_wconf 89' lang='lat' dir='ltr'>adversarius</span> <span class='ocrx_word' id='word_1_1008' title='bbox 1746 2875 1886 2909; x_wconf 90' lang='lat' dir='ltr'>actione</span> <span class='ocrx_word' id='word_1_1009' title='bbox 1907 2886 1973 2910; x_wconf 89' lang='lat' dir='ltr'>sua</span> <span class='ocrx_word' id='word_1_1010' title='bbox 1995 2876 2116 2910; x_wconf 87' lang='lat' dir='ltr'>cedat:</span> <span class='ocrx_word' id='word_1_1011' title='bbox 2144 2887 2224 2911; x_wconf 91' lang='lat' dir='ltr'>cum</span> <span class='ocrx_word' id='word_1_1012' title='bbox 2243 2882 2361 2911; x_wconf 88' lang='lat' dir='ltr'>tamen</span> 
     </span>
     <span class='ocr_line' id='line_1_142' title="bbox 1276 2920 2360 2965; baseline 0.003 -11"><span class='ocrx_word' id='word_1_1013' title='bbox 1276 2925 1421 2964; x_wconf 90' lang='lat' dir='ltr'>praetor</span> <span class='ocrx_word' id='word_1_1014' title='bbox 1444 2921 1613 2955; x_wconf 79' lang='lat' dir='ltr'>auxilium</span> <span class='ocrx_word' id='word_1_1015' title='bbox 1638 2920 1852 2964; x_wconf 89' lang='lat' dir='ltr'>quandoque</span> <span class='ocrx_word' id='word_1_1016' title='bbox 1874 2920 2013 2955; x_wconf 89' lang='lat' dir='ltr'>laturus</span> <span class='ocrx_word' id='word_1_1017' title='bbox 2038 2921 2084 2956; x_wconf 92' lang='lat' dir='ltr'>sit</span> <span class='ocrx_word' id='word_1_1018' title='bbox 2109 2922 2268 2965; x_wconf 90' lang='lat' dir='ltr'>quolibet</span> <span class='ocrx_word' id='word_1_1019' title='bbox 2292 2923 2360 2957; x_wconf 89' lang='lat' dir='ltr'>alio</span> 
     </span>
     <span class='ocr_line' id='line_1_143' title="bbox 1275 2965 2359 3012; baseline 0.003 -13"><span class='ocrx_word' id='word_1_1020' title='bbox 1275 2965 1497 3009; x_wconf 90' lang='lat' dir='ltr'>possidente,</span> <span class='ocrx_word' id='word_1_1021' title='bbox 1530 2966 1628 2999; x_wconf 92' lang='lat' dir='ltr'>nulla</span> <span class='ocrx_word' id='word_1_1022' title='bbox 1660 2965 1824 3009; x_wconf 86' lang='lat' dir='ltr'>captione</span> <span class='ocrx_word' id='word_1_1023' title='bbox 1856 2965 2051 3000; x_wconf 87' lang='lat' dir='ltr'>adficietur.</span> <span class='ocrx_word' id='word_1_1024' title='bbox 2097 2967 2174 3011; x_wconf 89' lang='lat' dir='ltr'>ipso</span> <span class='ocrx_word' id='word_1_1025' title='bbox 2208 2978 2359 3012; x_wconf 90' lang='lat' dir='ltr'>quoque,</span> 
     </span>
     <span class='ocr_line' id='line_1_144' title="bbox 1275 3010 2360 3062; baseline 0.002 -18"><span class='ocrx_word' id='word_1_1026' title='bbox 1275 3010 1334 3054; x_wconf 92' lang='lat' dir='ltr'>qui</span> <span class='ocrx_word' id='word_1_1027' title='bbox 1357 3010 1429 3045; x_wconf 88' lang='lat' dir='ltr'>litis</span> <span class='ocrx_word' id='word_1_1028' title='bbox 1455 3010 1735 3045; x_wconf 89' lang='lat' dir='ltr'>aestimationem</span> <span class='ocrx_word' id='word_1_1029' title='bbox 1763 3011 1984 3062; x_wconf 85' lang='lat' dir='ltr'>perceperit,</span> <span class='ocrx_word' id='word_1_1030' title='bbox 2017 3012 2223 3055; x_wconf 89' lang='lat' dir='ltr'>possidente</span> <span class='ocrx_word' id='word_1_1031' title='bbox 2255 3012 2360 3047; x_wconf 91' lang='lat' dir='ltr'>debet</span> 
     </span>
     <span class='ocr_line' id='line_1_145' title="bbox 1274 3055 2359 3101; baseline 0.002 -11"><span class='ocrx_word' id='word_1_1032' title='bbox 1274 3055 1450 3090; x_wconf 89' lang='lat' dir='ltr'>adiuvari:</span> <span class='ocrx_word' id='word_1_1033' title='bbox 1477 3065 1543 3090; x_wconf 90' lang='grc'>1100</span> <span class='ocrx_word' id='word_1_1034' title='bbox 1562 3055 1668 3090; x_wconf 87' lang='grc'>100110</span> <span class='ocrx_word' id='word_1_1035' title='bbox 1688 3055 1884 3090; x_wconf 87' lang='lat' dir='ltr'>aud1endus</span> <span class='ocrx_word' id='word_1_1036' title='bbox 1906 3057 1972 3090; x_wconf 92' lang='lat' dir='ltr'>erit</span> <span class='ocrx_word' id='word_1_1037' title='bbox 1989 3056 2057 3098; x_wconf 90' lang='lat' dir='ltr'>ille,</span> <span class='ocrx_word' id='word_1_1038' title='bbox 2084 3057 2114 3091; x_wconf 89' lang='lat' dir='ltr'>si</span> <span class='ocrx_word' id='word_1_1039' title='bbox 2133 3057 2216 3091; x_wconf 86' lang='lat' dir='ltr'>velit</span> <span class='ocrx_word' id='word_1_1040' title='bbox 2233 3062 2359 3101; x_wconf 87' lang='lat' dir='ltr'>postea</span> 
     </span>
     <span class='ocr_line' id='line_1_146' title="bbox 1274 3101 2357 3146; baseline 0.002 -11"><span class='ocrx_word' id='word_1_1041' title='bbox 1274 3101 1479 3145; x_wconf 88' lang='lat' dir='ltr'>pecuniam,</span> <span class='ocrx_word' id='word_1_1042' title='bbox 1513 3110 1618 3145; x_wconf 90' lang='lat' dir='ltr'>quam</span> <span class='ocrx_word' id='word_1_1043' title='bbox 1651 3111 1694 3135; x_wconf 86' lang='lat' dir='ltr'>ex</span> <span class='ocrx_word' id='word_1_1044' title='bbox 1725 3101 1902 3136; x_wconf 89' lang='lat' dir='ltr'>sententia</span> <span class='ocrx_word' id='word_1_1045' title='bbox 1932 3101 2059 3136; x_wconf 91' lang='lat' dir='ltr'>iudicis</span> <span class='ocrx_word' id='word_1_1046' title='bbox 2083 3102 2241 3146; x_wconf 90' lang='lat' dir='ltr'>periculo</span> <span class='ocrx_word' id='word_1_1047' title='bbox 2266 3102 2357 3137; x_wconf 90' lang='lat' dir='ltr'>iudi-</span> 
     </span>
     <span class='ocr_line' id='line_1_147' title="bbox 1275 3145 1736 3190; baseline 0 -10"><span class='ocrx_word' id='word_1_1048' title='bbox 1275 3146 1345 3180; x_wconf 91' lang='lat' dir='ltr'>cati</span> <span class='ocrx_word' id='word_1_1049' title='bbox 1369 3145 1513 3190; x_wconf 91' lang='lat' dir='ltr'>recepit,</span> <span class='ocrx_word' id='word_1_1050' title='bbox 1538 3146 1736 3180; x_wconf 84' lang='lat' dir='ltr'>restituere.</span> 
     </span>
    </p>

    <p class='ocr_par' dir='ltr' id='par_1_30' title="bbox 1273 3189 2357 3321">
     <span class='ocr_line' id='line_1_148' title="bbox 1320 3189 2356 3236; baseline -0.002 -9"><span class='ocrx_word' id='word_1_1051' title='bbox 1320 3189 1372 3227; x_wconf 83' lang='lat'>64</span> <span class='ocrx_word' id='word_1_1052' title='bbox 1397 3190 1505 3225; x_wconf 78' lang='lat' dir='ltr'><em>IDEM</em></span> <span class='ocrx_word' id='word_1_1053' title='bbox 1524 3191 1614 3226; x_wconf 75' lang='lat' dir='ltr'>libro</span> <span class='ocrx_word' id='word_1_1054' title='bbox 1638 3192 1828 3226; x_wconf 75' lang='lat' dir='ltr'>vicensimo</span> <span class='ocrx_word' id='word_1_1055' title='bbox 1853 3192 2101 3236; x_wconf 70' lang='lat' dir='ltr'>quaestionum</span> <span class='ocrx_word' id='word_1_1056' title='bbox 2136 3191 2223 3226; x_wconf 89' lang='lat' dir='ltr'>Cum</span> <span class='ocrx_word' id='word_1_1057' title='bbox 2236 3192 2272 3226; x_wconf 89' lang='lat' dir='ltr'>in</span> <span class='ocrx_word' id='word_1_1058' title='bbox 2285 3203 2356 3226; x_wconf 90' lang='lat' dir='ltr'>rem</span> 
     </span>
     <span class='ocr_line' id='line_1_149' title="bbox 1274 3236 2357 3280; baseline 0 -10"><span class='ocrx_word' id='word_1_1059' title='bbox 1274 3236 1400 3280; x_wconf 85' lang='lat' dir='ltr'>agitur,</span> <span class='ocrx_word' id='word_1_1060' title='bbox 1426 3246 1546 3270; x_wconf 91' lang='lat' dir='ltr'>eorum</span> <span class='ocrx_word' id='word_1_1061' title='bbox 1571 3246 1711 3280; x_wconf 89' lang='lat' dir='ltr'>quoque</span> <span class='ocrx_word' id='word_1_1062' title='bbox 1735 3236 1885 3278; x_wconf 88' lang='lat' dir='ltr'>nomine,</span> <span class='ocrx_word' id='word_1_1063' title='bbox 1911 3246 2002 3280; x_wconf 87' lang='lat' dir='ltr'>quae</span> <span class='ocrx_word' id='word_1_1064' title='bbox 2026 3237 2105 3271; x_wconf 91' lang='lat' dir='ltr'>usui</span> <span class='ocrx_word' id='word_1_1065' title='bbox 2129 3247 2200 3271; x_wconf 92' lang='lat' dir='ltr'>non</span> <span class='ocrx_word' id='word_1_1066' title='bbox 2224 3236 2357 3271; x_wconf 86' lang='lat' dir='ltr'>fructui</span> 
     </span>
     <span class='ocr_line' id='line_1_150' title="bbox 1273 3280 1941 3321; baseline -0.001 -5"><span class='ocrx_word' id='word_1_1067' title='bbox 1273 3286 1367 3321; x_wconf 91' lang='lat' dir='ltr'>sunt,</span> <span class='ocrx_word' id='word_1_1068' title='bbox 1392 3280 1530 3315; x_wconf 88' lang='lat' dir='ltr'>restitui</span> <span class='ocrx_word' id='word_1_1069' title='bbox 1553 3280 1692 3316; x_wconf 90' lang='lat' dir='ltr'>fructus</span> <span class='ocrx_word' id='word_1_1070' title='bbox 1718 3285 1852 3316; x_wconf 85' lang='lat' dir='ltr'>certum</span> <span class='ocrx_word' id='word_1_1071' title='bbox 1878 3286 1941 3316; x_wconf 88' lang='lat' dir='ltr'>cst.</span> 
     </span>
    </p>

    <p class='ocr_par' dir='ltr' id='par_1_31' title="bbox 1271 3324 2354 3686">
     <span class='ocr_line' id='line_1_151' title="bbox 1319 3324 2354 3371; baseline -0.004 -8"><span class='ocrx_word' id='word_1_1072' title='bbox 1319 3324 1370 3363; x_wconf 89' lang='grc'>65</span> <span class='ocrx_word' id='word_1_1073' title='bbox 1396 3326 1501 3360; x_wconf 79' lang='lat' dir='ltr'><em>IDEM</em></span> <span class='ocrx_word' id='word_1_1074' title='bbox 1518 3326 1608 3361; x_wconf 76' lang='lat' dir='ltr'>libro</span> <span class='ocrx_word' id='word_1_1075' title='bbox 1621 3326 1777 3362; x_wconf 84' lang='lat' dir='ltr'>secundO</span> <span class='ocrx_word' id='word_1_1076' title='bbox 1790 3337 2043 3371; x_wconf 78' lang='lat' dir='ltr'>responsorum</span> <span class='ocrx_word' id='word_1_1077' title='bbox 2086 3326 2236 3369; x_wconf 86' lang='lat' dir='ltr'>Emptor</span> <span class='ocrx_word' id='word_1_1078' title='bbox 2253 3336 2354 3369; x_wconf 89' lang='lat' dir='ltr'>prae-</span> 
     </span>
     <span class='ocr_line' id='line_1_152' title="bbox 1273 3370 2354 3416; baseline -0.002 -11"><span class='ocrx_word' id='word_1_1079' title='bbox 1273 3371 1379 3413; x_wconf 92' lang='lat' dir='ltr'>dium,</span> <span class='ocrx_word' id='word_1_1080' title='bbox 1401 3370 1496 3414; x_wconf 89' lang='lat' dir='ltr'>quod</span> <span class='ocrx_word' id='word_1_1081' title='bbox 1516 3381 1538 3405; x_wconf 90' lang='lat' dir='ltr'>a</span> <span class='ocrx_word' id='word_1_1082' title='bbox 1558 3382 1629 3406; x_wconf 91' lang='lat' dir='ltr'>non</span> <span class='ocrx_word' id='word_1_1083' title='bbox 1651 3371 1791 3406; x_wconf 91' lang='lat' dir='ltr'>domino</span> <span class='ocrx_word' id='word_1_1084' title='bbox 1806 3372 1899 3413; x_wconf 91' lang='lat' dir='ltr'>emit,</span> <span class='ocrx_word' id='word_1_1085' title='bbox 1922 3372 2128 3416; x_wconf 87' lang='lat' dir='ltr'>exceptione</span> <span class='ocrx_word' id='word_1_1086' title='bbox 2148 3370 2218 3404; x_wconf 89' lang='lat' dir='ltr'>doli</span> <span class='ocrx_word' id='word_1_1087' title='bbox 2237 3370 2354 3414; x_wconf 90' lang='lat' dir='ltr'>posita</span> 
     </span>
     <span class='ocr_line' id='line_1_153' title="bbox 1273 3414 2351 3460; baseline -0.001 -11"><span class='ocrx_word' id='word_1_1088' title='bbox 1273 3427 1342 3450; x_wconf 91' lang='lat' dir='ltr'>non</span> <span class='ocrx_word' id='word_1_1089' title='bbox 1369 3416 1471 3450; x_wconf 89' lang='lat' dir='ltr'>aliter</span> <span class='ocrx_word' id='word_1_1090' title='bbox 1494 3416 1680 3451; x_wconf 87' lang='lat' dir='ltr'>restituere</span> <span class='ocrx_word' id='word_1_1091' title='bbox 1705 3416 1844 3451; x_wconf 91' lang='lat' dir='ltr'>domino</span> <span class='ocrx_word' id='word_1_1092' title='bbox 1871 3420 2035 3460; x_wconf 84' lang='lat' dir='ltr'>cogetur,</span> <span class='ocrx_word' id='word_1_1093' title='bbox 2061 3426 2166 3460; x_wconf 90' lang='lat' dir='ltr'>quam</span> <span class='ocrx_word' id='word_1_1094' title='bbox 2191 3414 2220 3448; x_wconf 89' lang='lat' dir='ltr'>si</span> <span class='ocrx_word' id='word_1_1095' title='bbox 2243 3425 2351 3458; x_wconf 89' lang='lat' dir='ltr'>pecu-</span> 
     </span>
     <span class='ocr_line' id='line_1_154' title="bbox 1273 3460 2352 3505; baseline -0.002 -11"><span class='ocrx_word' id='word_1_1096' title='bbox 1273 3461 1367 3495; x_wconf 90' lang='lat' dir='ltr'>niam</span> <span class='ocrx_word' id='word_1_1097' title='bbox 1392 3460 1558 3496; x_wconf 85' lang='lat' dir='ltr'>creditori</span> <span class='ocrx_word' id='word_1_1098' title='bbox 1582 3462 1657 3496; x_wconf 89' lang='lat' dir='ltr'>eius</span> <span class='ocrx_word' id='word_1_1099' title='bbox 1681 3461 1844 3503; x_wconf 91' lang='lat' dir='ltr'>solutam,</span> <span class='ocrx_word' id='word_1_1100' title='bbox 1871 3462 1930 3505; x_wconf 93' lang='lat' dir='ltr'>qui</span> <span class='ocrx_word' id='word_1_1101' title='bbox 1953 3461 2090 3505; x_wconf 87' lang='lat' dir='ltr'>pignori</span> <span class='ocrx_word' id='word_1_1102' title='bbox 2110 3460 2230 3494; x_wconf 87' lang='lat' dir='ltr'>datum</span> <span class='ocrx_word' id='word_1_1103' title='bbox 2276 3469 2352 3493; x_wconf 90' lang='lat' dir='ltr'>rae-</span> 
     </span>
     <span class='ocr_line' id='line_1_155' title="bbox 1273 3505 2352 3551; baseline -0.002 -12"><span class='ocrx_word' id='word_1_1104' title='bbox 1273 3505 1369 3540; x_wconf 91' lang='lat' dir='ltr'>dium</span> <span class='ocrx_word' id='word_1_1105' title='bbox 1388 3506 1523 3547; x_wconf 90' lang='lat' dir='ltr'>habuit,</span> <span class='ocrx_word' id='word_1_1106' title='bbox 1548 3517 1806 3551; x_wconf 90' lang='lat' dir='ltr'>usurarumque</span> <span class='ocrx_word' id='word_1_1107' title='bbox 1826 3506 1930 3540; x_wconf 92' lang='lat' dir='ltr'>medii</span> <span class='ocrx_word' id='word_1_1108' title='bbox 1949 3505 2116 3549; x_wconf 90' lang='lat' dir='ltr'>temporis</span> <span class='ocrx_word' id='word_1_1109' title='bbox 2136 3514 2223 3547; x_wconf 89' lang='lat' dir='ltr'>supe</span> <span class='ocrx_word' id='word_1_1110' title='bbox 2271 3515 2352 3538; x_wconf 87' lang='lat' dir='ltr'>uum</span> 
     </span>
     <span class='ocr_line' id='line_1_156' title="bbox 1273 3550 2352 3595; baseline -0.002 -10"><span class='ocrx_word' id='word_1_1111' title='bbox 1273 3550 1530 3595; x_wconf 90' lang='lat' dir='ltr'>reciperaverit‚</span> <span class='ocrx_word' id='word_1_1112' title='bbox 1555 3551 1690 3586; x_wconf 88' lang='lat' dir='ltr'>scilicet</span> <span class='ocrx_word' id='word_1_1113' title='bbox 1713 3552 1743 3586; x_wconf 91' lang='lat' dir='ltr'>si</span> <span class='ocrx_word' id='word_1_1114' title='bbox 1767 3551 1883 3585; x_wconf 93' lang='lat' dir='ltr'>minus</span> <span class='ocrx_word' id='word_1_1115' title='bbox 1902 3552 1938 3585; x_wconf 91' lang='lat' dir='ltr'>in</span> <span class='ocrx_word' id='word_1_1116' title='bbox 1956 3550 2131 3584; x_wconf 87' lang='lat' dir='ltr'>fructibus</span> <span class='ocrx_word' id='word_1_1117' title='bbox 2154 3552 2236 3582; x_wconf 90' lang='lat' dir='ltr'>ante</span> <span class='ocrx_word' id='word_1_1118' title='bbox 2255 3551 2352 3583; x_wconf 84' lang='lat' dir='ltr'>litem</span> 
     </span>
     <span class='ocr_line' id='line_1_157' title="bbox 1272 3594 2350 3639; baseline -0.001 -10"><span class='ocrx_word' id='word_1_1119' title='bbox 1272 3596 1448 3639; x_wconf 88' lang='lat' dir='ltr'>perceptis</span> <span class='ocrx_word' id='word_1_1120' title='bbox 1472 3595 1560 3630; x_wconf 87' lang='lat' dir='ltr'>fuit:</span> <span class='ocrx_word' id='word_1_1121' title='bbox 1594 3607 1676 3631; x_wconf 91' lang='lat' dir='ltr'>nam</span> <span class='ocrx_word' id='word_1_1122' title='bbox 1700 3607 1760 3631; x_wconf 91' lang='lat' dir='ltr'>eos</span> <span class='ocrx_word' id='word_1_1123' title='bbox 1785 3596 1900 3630; x_wconf 89' lang='lat' dir='ltr'>usuris</span> <span class='ocrx_word' id='word_1_1124' title='bbox 1925 3595 2022 3629; x_wconf 91' lang='lat' dir='ltr'>novis</span> <span class='ocrx_word' id='word_1_1125' title='bbox 2048 3594 2232 3628; x_wconf 86' lang='lat' dir='ltr'>dumtaxat</span> <span class='ocrx_word' id='word_1_1126' title='bbox 2256 3604 2350 3628; x_wconf 89' lang='lat' dir='ltr'>com-</span> 
     </span>
     <span class='ocr_line' id='line_1_158' title="bbox 1271 3638 2351 3686; baseline -0.001 -12"><span class='ocrx_word' id='word_1_1127' title='bbox 1271 3640 1414 3684; x_wconf 85' lang='lat' dir='ltr'>pensari</span> <span class='ocrx_word' id='word_1_1128' title='bbox 1456 3645 1659 3686; x_wconf 90' lang='lat' dir='ltr'>sumptuum</span> <span class='ocrx_word' id='word_1_1129' title='bbox 1694 3641 1730 3675; x_wconf 92' lang='lat' dir='ltr'>in</span> <span class='ocrx_word' id='word_1_1130' title='bbox 1765 3640 1947 3685; x_wconf 88' lang='lat' dir='ltr'>praedium</span> <span class='ocrx_word' id='word_1_1131' title='bbox 1981 3639 2157 3673; x_wconf 82' lang='lat' dir='ltr'>factorum</span> <span class='ocrx_word' id='word_1_1132' title='bbox 2193 3638 2351 3683; x_wconf 84' lang='lat' dir='ltr'>exemplo</span> 
     </span>
    </p>
   </div>
   <div class='ocr_carea' id='block_1_9' title="bbox 1311 3751 1962 3795">
    <p class='ocr_par' dir='ltr' id='par_1_32' title="bbox 1311 3751 1962 3795">
     <span class='ocr_line' id='line_1_159' title="bbox 1311 3751 1962 3795; baseline -0.005 -10"><span class='ocrx_word' id='word_1_1133' title='bbox 1311 3753 1354 3794; x_wconf 83' lang='lat'>(4)</span> <span class='ocrx_word' id='word_1_1134' title='bbox 1378 3753 1495 3795; x_wconf 86' lang='lat' dir='ltr'>attigit</span> <span class='ocrx_word' id='word_1_1135' title='bbox 1507 3766 1568 3787; x_wconf 81' lang='lat' dir='ltr'>scr.</span> <span class='ocrx_word' id='word_1_1136' title='bbox 1662 3755 1706 3794; x_wconf 88' lang='lat'>(5)</span> <span class='ocrx_word' id='word_1_1137' title='bbox 1730 3752 1894 3784; x_wconf 83' lang='lat' dir='ltr'>fruiturus</span> <span class='ocrx_word' id='word_1_1138' title='bbox 1903 3751 1962 3784; x_wconf 76' lang='lat' dir='ltr'>FS</span> 
     </span>
    </p>
   </div>
  </div>
 </body>
</html>
