2528 3918
150 121 246 153 xxv
274 121 407 152 amns
1239 102 1289 151 61

147 231 350 266 adulterum
374 230 539 265 fateatur.
576 227 667 270 dixi,
691 237 758 263 nec
782 228 812 263 si
836 227 920 272 quid
946 238 1067 264 eorum
1093 230 1236 265 commi-

150 276 253 318 serit,
311 286 378 310 uae
400 283 464 320 pre
489 272 664 308 adulterio
689 272 812 307 eadem
835 272 893 308 lex
941 274 1036 317 unit,
1068 275 1176 310 veluti
1206 274 1237 309 si

147 321 315 356 adulteni
346 320 549 355 damnatam
580 317 695 353 sciens
726 328 874 353 uxorem
931 320 1067 362 uxerit,
1102 323 1167 355 aut
1199 319 1237 355 in

146 365 325 401 adulterio
350 364 779 410 deprehensamuxorem
803 373 875 398 non
899 362 1082 408 dimiserit,
1108 375 1235 410 quaes-

148 416 270 446 tumve
304 409 347 445 de
381 408 556 444 adulterio
595 407 718 443 uxoris
756 406 902 451 fecerit,
939 410 1135 453 pretiumve
1169 420 1234 455 pro

147 458 330 501 comperto
354 457 478 499 stupro
503 452 692 498 acceperit,
717 456 781 487 aut
805 452 946 488 domum
965 455 1171 499 praebuerit
1190 454 1237 490 ad

147 506 313 546 stuprum
325 498 581 534 adulteriumve
598 498 636 533 in
657 499 758 533 eam¹
781 498 1087 535 committendum:
1111 504 1146 536 et
1163 511 1236 536 non

146 546 196 581 sit
218 544 345 580 aetatis
371 543 552 579 excusatio
573 543 743 578 adversus
762 547 956 588 praecepta
974 544 1090 590 legum
1112 545 1155 588 ei,
1176 545 1236 591 qui

146 591 231 626 dum
254 589 288 624 le
312 599 349 624 es
372 589 526 631 invocat,
553 592 678 624 contra
701 598 762 623 eas
787 589 986 624 committit.

194 631 247 672 38
305 643 432 670 Anus
452 634 543 670 libro
559 634 684 681 primo
709 633 932 669 decretorum
979 635 1150 671 Aemilius
1163 635 1234 670 La-

146 680 268 715 rianus
293 679 338 715 ab
364 679 488 715 Ovinio
511 678 664 714 fundum
688 677 908 714 Rutilianum
931 679 1007 724 lege
1030 681 1235 716 commisso-

146 726 200 761 ria
224 728 357 760 emerat
381 724 466 760 data
488 727 591 769 parte
613 723 799 770 pecuniae,
823 724 876 758 ita
898 728 950 767 ut,
976 725 1006 760 si
1028 725 1123 760 intra
1146 725 1235 761 duos

146 780 286 806 menses
311 770 356 805 ab
382 769 560 822 emptione
591 769 718 814 reliqui
749 768 854 814 pretii
884 773 1023 814 partem
1055 770 1235 806 dimidiam

145 826 219 851 non
243 815 416 858 solvisset,
441 817 619 860 inemptus
643 817 747 857 esset,
771 814 854 849 item
871 815 902 850 si
922 815 1016 850 intra
1036 816 1125 851 alios
1145 815 1235 851 duos

143 870 283 896 menses
315 860 489 905 reliquum
519 859 671 905 pretium
702 869 774 894 non
805 864 1044 903 numerasset,
1075 861 1236 896 similiter

142 909 241 942 esset
262 906 453 950 inemptus.
489 905 585 940 intra
615 905 751 949 priores
784 904 874 940 duos
907 915 1045 941 menses
1077 906 1234 941 Lariano

141 950 314 986 defuncto
328 950 512 985 Rutiliana
523 950 708 995 pupillaris
721 949 849 985 aetatis
861 955 1085 986 successerat
1093 952 1118 994 ²,
1133 951 1235 987 cuius

141 1000 281 1032 tutores
311 995 349 1030 in
373 995 549 1031 solutione
573 998 813 1030 cessaverunt.
850 995 1013 1031 venditor
1048 997 1234 1032 denuntia-

141 1041 301 1077 tionibus
332 1040 510 1076 tutoribus
546 1050 652 1085 saepe
684 1039 776 1075 datis
808 1043 891 1085 post
922 1051 1055 1076 annum
1087 1041 1234 1077 eandem

142 1086 405 1140 possessionem
430 1085 577 1120 Claudio
603 1085 817 1121 Telemacho
842 1086 1059 1122 vendiderat.
1121 1087 1233 1132 upilla

140 1143 181 1167 ln
200 1132 376 1176 integrum
394 1130 535 1166 restitui
554 1130 797 1166 desiderabat:
823 1131 918 1166 victa
937 1135 1010 1166 tam
1024 1098 1120 1177 apud
1130 1142 1234 1178 prae-

140 1181 257 1212 torem
304 1186 388 1211 uam
411 1175 508 1221 apud
525 1174 747 1221 praefectum
767 1175 848 1211 urbi
869 1180 1135 1221 provocaverat.
1167 1188 1234 1223 pu·

142 1222 267 1257 tabam
317 1232 382 1257 ene
412 1221 627 1263 iudicatum,
663 1221 760 1266 quod
791 1225 894 1266 pater
925 1222 1018 1265 eius,
1051 1234 1123 1258 non
1155 1222 1167 1257 i
1194 1233 1234 1258 sa

140 1271 392 1303 contraxerat:
424 1267 617 1311 imperator
641 1271 760 1301 autem
784 1270 902 1302 motus
928 1271 999 1310 est,
1032 1268 1127 1313 quod
1186 1268 1233 1303 'es

141 1311 387 1348 committendi
409 1312 447 1347 in
470 1316 608 1356 tempus
630 1311 789 1364 pupillae
812 1312 995 1348 incidisset
1015 1323 1128 1358 eaque
1150 1313 1232 1348 effe-

143 1358 264 1400 cisset,
289 1367 334 1393 ne
356 1360 543 1402 pareretur
572 1357 640 1402 legi
672 1356 895 1392 venditionis.
933 1358 1096 1394 dicebam
1126 1369 1234 1403 posse

144 1403 255 1448 magis
281 1413 323 1438 ea
345 1402 485 1437 ratione
507 1402 648 1437 restitui
672 1412 768 1445 eam,
793 1403 888 1448 quod
911 1403 1073 1438 venditor
1097 1403 1232 1439 denun-

140 1448 266 1483 tiando
289 1450 373 1494 post
396 1447 498 1490 diem,
523 1458 593 1492 quo
617 1447 803 1500 placuerat
826 1457 903 1483 esse
928 1449 1173 1491 commissum,
1198 1453 1234 1484 et

140 1493 296 1539 pretium
318 1492 472 1538 petendo
496 1503 686 1528 recessisse
709 1503 732 1527 a
754 1493 830 1538 lege
853 1503 920 1528 sua
938 1494 1134 1530 videretur:
1160 1505 1232 1530 non

143 1549 200 1574 me
222 1538 355 1574 moveri
379 1537 474 1583 quod
506 1537 580 1573 dies
613 1542 740 1583 postea
770 1539 979 1582 transisset,
1015 1550 1087 1575 non
1121 1540 1232 1584 magis

167 1594 250 1619 uam
282 1584 312 1618 si
344 1583 498 1619 creditor
529 1583 656 1628 pignus
688 1583 929 1627 distraxisset,
965 1588 1048 1629 post
1082 1589 1231 1620 mortem

139 1595 313 1664 debitoris
338 1629 395 1663 die
418 1629 604 1664 solutionis
628 1628 740 1664 finita.
778 1630 863 1674 quia
892 1632 1013 1665 tamen
1045 1630 1103 1665 lex
1135 1641 1230 1665 com-

140 1674 306 1720 missoria
330 1673 541 1719 displicebat
564 1674 614 1716 ei,
646 1674 892 1719 pronuntiavit
914 1675 951 1709 in
974 1675 1151 1720 integrum
1175 1686 1231 1710 re-

139 1719 371 1755 stituendam.
419 1719 528 1755 movit
567 1719 673 1754 etiam
708 1719 797 1754 illud
831 1720 1101 1765 imperatorem,
1137 1721 1231 1766 quod

140 1765 278 1811 priores
299 1768 448 1807 tutores,
469 1764 530 1810 qui
542 1775 615 1800 non
626 1764 766 1800 restitui
779 1765 1052 1808 desiderassent,
1074 1766 1232 1812 suspecti

147 1813 160 1845 l
209 1809 431 1862 pronuntiati
454 1813 566 1845 erant.
615 1809 741 1854 Quod³
765 1810 895 1845 dicitur
917 1821 990 1846 non
1015 1811 1128 1847 solere
1151 1811 1231 1847 filiis

139 1854 294 1890 familias
326 1858 409 1900 post
439 1855 757 1900 emancipationem
788 1855 906 1890 adhuc
930 1856 1125 1891 minoribus
1150 1867 1231 1892 suc-

140 1900 239 1935 curri
261 1900 300 1935 in
322 1900 397 1941 his,
429 1910 522 1953 quae
545 1901 748 1935 omisissent
770 1904 954 1936 manentes
978 1901 1015 1936 in
1038 1905 1229 1946 potestate,

139 1948 228 1980 tunc
253 1949 351 1980 recte
375 1945 515 1988 dicitur,
541 1956 621 1980 cum
645 1946 739 1990 patri
763 1946 950 1990 adquirere
973 1950 1136 1991 possunt.

188 1987 241 2028 39
266 1990 471 2026 SCAEVOLA
484 1990 575 2026 libro
587 1990 744 2026 secundo
758 1991 978 2035 dioestorum
1026 1992 1124 2027 Intra
1144 1992 1231 2027 utile

139 2038 282 2080 tempus
313 2035 548 2070 restitutionis
572 2035 669 2080 apud
691 2030 890 2080 praesidem
912 2036 1094 2081 petierunt
1115 2037 1153 2072 in
1175 2038 1229 2072 in-

139 2083 279 2125 tegrum
302 2080 562 2115 restitutionem
585 2080 740 2116 minores
773 2084 808 2116 et
839 2080 884 2116 de
914 2084 1034 2117 aetate
1057 2092 1124 2117 sua
1146 2093 1230 2128 pro-

141 2125 334 2162 baverunt:
360 2125 456 2160 dicta
475 2136 540 2171 pro
561 2129 680 2160 aetate
693 2126 869 2161 sententia
881 2126 1086 2170 adversarii,
1106 2131 1148 2162 ut
1165 2128 1230 2162 im-

139 2172 306 2217 pedirent
313 2171 548 2216 cognitionem
556 2171 742 2215 praesidis,
751 2171 798 2206 ad
809 2171 1061 2216 imperatorem
1074 2173 1230 2218 appella-

140 2221 284 2252 verunt:
298 2226 441 2261 praeses
453 2216 490 2250 in
499 2219 662 2251 eventum
671 2216 920 2261 appellationis
931 2220 1049 2252 cetera
1058 2218 1230 2263 cognitim

140 2262 196 2297 nis
222 2261 367 2297 distulit.
393 2261 593 2306 quaesitum
618 2264 689 2296 est:
715 2261 746 2296 si
756 2260 859 2296 finita
871 2262 1120 2307 appellationis
1134 2263 1232 2308 apud

138 2307 390 2352 imperatorem
422 2306 623 2351 cognitione
655 2310 691 2341 et
720 2306 854 2342 iniusta
884 2307 1124 2352 appellatione
1147 2319 1230 2354 pro-

140 2352 306 2388 nuntiata
329 2351 459 2396 egressi
482 2355 637 2386 aetatem
671 2351 1001 2396 deprehendantur,
1032 2363 1079 2387 an
1112 2358 1232 2389 cetera

141 2397 274 2443 negotii
296 2397 442 2442 implere
471 2400 656 2442 possunt„
676 2407 757 2431 cum
787 2408 851 2442 per
883 2408 943 2432 eos
976 2408 1049 2433 non
1080 2399 1229 2441 steterit,

139 2453 212 2488 quo
243 2442 360 2477 minus
390 2452 448 2477 res
479 2441 586 2476 finem
617 2442 794 2487 accipiat?
835 2443 1002 2487 respondi
1035 2444 1231 2479 secundum

139 2498 185 2523 ea
208 2497 300 2540 quae
322 2490 574 2532 proponuntur
597 2487 743 2531 perinde
769 2488 935 2532 cognosci
959 2492 1067 2534 atque
1086 2489 1117 2524 si
1135 2500 1231 2524 nunc

145 2536 159 2568 1
209 2535 303 2568 intra
326 2535 480 2567 aetatem
504 2536 633 2567 essent.
670 2532 915 2568 Vendentibus
929 2534 1154 2569 curatoribus
1166 2535 1230 2569 mi-

141 2578 238 2613 noris
262 2577 413 2612 fundum
438 2580 575 2622 emptor
598 2577 714 2612 extitit
724 2577 858 2613 Lucius
872 2578 986 2613 Titius
1012 2583 1048 2614 et
1071 2589 1135 2614 sex
1157 2578 1232 2614 fere

141 2623 244 2658 annis
267 2622 426 2668 possedit
450 2626 485 2657 et
507 2623 612 2667 longe
634 2622 809 2667 longeque
831 2633 906 2658 rem
927 2623 1107 2659 meliorem
1126 2623 1230 2660 fecit:

166 2678 287 2710 uaero,
314 2678 393 2702 cum
413 2667 484 2702 sint
502 2667 621 2702 idonei
641 2671 834 2710 curatores,
860 2678 907 2703 an
926 2669 1041 2704 minor
1061 2669 1231 2705 adversus

176 2713 277 2748 itium
290 2717 482 2758 emptorem
495 2712 531 2747 in
551 2713 725 2757 integrum
746 2713 886 2748 restitui
905 2714 1028 2758 possit.
1062 2715 1230 2759 respondi

142 2768 187 2794 ex
210 2758 373 2794 omnibus
397 2767 489 2803 quae
511 2761 794 2802 proponerentur
817 2758 875 2793 vix
907 2768 985 2793 esse
1016 2769 1097 2794 eum
1127 2760 1230 2795 resti·

140 2803 326 2845 tuendum,
351 2803 419 2838 nisi
443 2803 473 2838 si
491 2803 655 2838 maluerit
674 2813 796 2838 omnes
816 2813 1001 2848 expensas,
1027 2814 1116 2849 quas
1135 2804 1230 2840 bona

141 2848 212 2884 fide
225 2852 362 2893 emptor
372 2848 502 2884 fecisse
522 2848 783 2893 adprobaverit,
810 2848 841 2884 ei
860 2852 1056 2893 praestare,
1080 2850 1232 2885 maxime

141 2903 225 2929 cum
255 2894 303 2929 sit
334 2893 365 2928 ei
395 2896 560 2938 paratum
584 2897 786 2939 promptum
811 2894 981 2929 auxilium
1005 2895 1230 2930 curatoribus

144 2938 221 2974 eius
243 2938 380 2974 idoneis
405 2938 619 2974 constitutis.

189 2982 242 3021 40
274 2982 468 3020 ULPIANUS
489 2984 579 3019 libro
603 2984 728 3036 quinto
750 2984 960 3030 opinionum
994 2984 1115 3020 Minor
1127 2984 1230 3020 annis

143 3027 265 3073 viginti
278 3028 445 3074 quinque,
466 3028 524 3063 cui
535 3028 848 3064 fideicommissum
860 3029 949 3065 solvi
960 3030 1229 3074 pronuntiatum

142 3076 231 3116 erat,
256 3077 399 3108 caverat
420 3073 459 3108 id
482 3084 520 3109 se
543 3074 725 3118 accepisse
749 3078 785 3109 et
809 3074 1011 3110 cautionem
1035 3074 1147 3114 eidem
1169 3075 1229 3110 de-

143 3117 239 3153 bitor
270 3119 373 3164 quasi
405 3118 561 3154 creditae
591 3119 765 3164 pecuniae
795 3119 941 3155 fecerat.
984 3120 1022 3154 in
1053 3119 1230 3165 integrum

144 3163 283 3198 restitui
313 3167 449 3208 potest,
481 3164 565 3209 quia
588 3168 729 3209 partam
753 3175 795 3199 ex
821 3175 931 3200 causa
952 3164 1123 3200 iudicati⁴
1148 3176 1229 3210 per-

144 3209 362 3244 secutionem
385 3219 476 3244 novo
502 3212 689 3244 contractu
713 3209 759 3244 ad
789 3210 928 3245 initium
959 3210 1106 3245 alterius
1138 3211 1228 3255 peti-

149 3255 163 3286 1
211 3253 316 3289 tionis
340 3253 537 3298 redegerat.
584 3254 736 3290 Praedia
758 3255 870 3299 patris
894 3255 950 3290 sui
979 3255 1095 3290 minor
1127 3255 1229 3290 annis

145 3295 451 3343 vigintiquinque
483 3299 528 3334 ob
562 3298 682 3334 debita
714 3300 862 3335 rationis
897 3300 1032 3335 tutelae
1067 3300 1227 3342 aliorum,

144 3352 251 3420 guam
285 3347 388 3388 pater
423 3343 750 3387 administraverat,
780 3345 818 3379 in
851 3345 1006 3380 solutum
1029 3345 1230 3380 inconsulte

172 3386 259 3422 edit:
291 3387 338 3422 ad
368 3398 471 3423 suam
502 3389 716 3434 aequitatem
740 3400 804 3434 per
827 3389 864 3424 in
887 3390 1062 3434 integrum
1084 3391 1228 3425 restitu-

145 3430 277 3467 tionem
295 3433 496 3468 revocanda
514 3444 571 3469 res
593 3438 657 3477 est,
677 3434 795 3469 usuris
814 3435 998 3487 pecuniae,
1016 3445 1123 3480 quam
1143 3445 1227 3470 con-

146 3475 274 3512 stiterit
297 3487 340 3512 ex
363 3478 475 3512 tutela
499 3479 636 3521 deberi,
668 3482 842 3524 reputatls
868 3483 903 3515 et
927 3490 1007 3515 cum
1030 3480 1229 3525 quantitate

144 3518 326 3556 fructuum
349 3526 596 3567 perceptorum
621 3525 869 3569 compensatis.

101 3639 103 3642 ·
148 3631 187 3671 (1)
213 3642 251 3665 ea
264 3634 338 3667 dett.
443 3636 486 3676 (2)
512 3637 816 3670 successesseratF

147 3676 236 3717 quod
250 3678 279 3711 S
357 3679 398 3720 (4)
423 3679 594 3712 iudicatur
607 3681 640 3713 F'

151 3721 303 3768 Guiacz'us
361 3724 404 3763 (7)
428 3723 543 3756 Macer
555 3726 628 3758 dett.

920 3640 963 3679 (3)
988 3638 1091 3680 iquod
1104 3638 1178 3678 Fue,
1191 3638 1227 3670 id

715 3682 757 3723 (5)
783 3682 835 3714 uti
848 3695 907 3716 om.
920 3683 954 3715 F
1029 3684 1072 3724 (6)
1098 3686 1228 3726 emptor

688 3727 731 3766 (8)
757 3729 795 3758 ut
807 3728 866 3760 ins.
882 3728 1033 3760 Ruecker
1087 3729 1130 3769 (9)
1146 3728 1230 3759 ami-

2262 111 2349 153 IIII
2379 116 2404 154 4

1352 227 1402 265 41
1433 228 1626 264 IULIANUS
1647 229 1738 264 libro
1763 230 2069 278 quadraqensz'mo
2095 233 2222 277 quinto
2247 233 2405 279 diqesto-

1305 285 1384 308 rum
1435 273 1472 309 Si
1494 273 1603 309 iudex
1627 274 1868 310 circumvento
1892 276 1929 310 in
1953 276 2156 312 venditione
2180 277 2402 314 adulescenti

1305 318 1411 354 iussit
1442 318 1594 354 fundum
1623 319 1765 354 restitui
1797 330 1946 366 eumque
1969 322 2121 366 pretium
2146 323 2298 368 emptori
2321 324 2402 359 red-

1306 363 1409 406 dere,
1446 368 1483 399 et
1517 364 1577 399 hic
1607 364 1698 399 nolit
1720 364 1798 399 uti5
1821 366 1890 400 hac
1913 366 1950 400 in
1974 367 2149 412 integrum
2174 368 2401 404 restitutione

1304 409 1526 454 paenitentia
1550 412 1643 451 acta,
1668 410 1912 455 exceptionem
1936 412 2059 446 utilem
2083 413 2254 449 adversus
2275 418 2400 459 peten-

1304 458 1377 488 tem
1400 454 1554 499 pretium
1578 454 1681 499 quasi
1705 465 1748 490 ex
1772 465 1883 490 causa
1914 456 2062 491 iudicati
2094 458 2303 494 adulescens
2335 459 2400 494 ha-

1305 499 1390 534 bere
1420 500 1572 544 poterit,
1605 499 1689 544 quia
1719 499 1912 546 unicuique
1943 501 2027 536 licet
2051 507 2275 539 contemnere
2297 504 2401 546 haec,

1304 554 1397 623 guae
1419 555 1485 589 pro
1509 555 1548 580 se
1571 544 1777 580 introducta
1801 549 1894 581 sunt.
1931 556 1998 581 nec
2022 548 2121 591 queri
2155 549 2287 593 poterit
2316 559 2401 585 ven-

1329 590 1400 624 itor
1410 590 1435 633 ⁸,
1460 590 1490 625 si
1513 590 1701 625 restitutus
1724 590 1834 626 fuerit
1856 590 1893 626 in
1919 601 1997 626 eam
2022 602 2178 636 causam,
2203 594 2240 629 in
2265 605 2337 639 qua
2360 604 2400 630 se

1304 634 1381 679 ipse
1401 635 1586 670 constituit
1606 638 1642 670 et
1662 645 1768 681 quam
1788 639 1928 671 mutare
1939 647 2011 672 non
2023 638 2210 682 potuisset,
2235 639 2266 675 si
2285 640 2403 675 minor

1305 679 1476 715 auxilium
1500 680 1674 726 praetoris
1698 691 1772 716 non
1794 681 2032 726 implorasset.

1352 722 1405 762 42
1438 725 1635 761 [samm
1655 725 1747 762 libro
1770 727 1928 762 secundo
1953 727 1997 762 de
2020 727 2147 773 officio
2164 730 2401 774 proconsulis

1303 770 1455 806 Praeses
1490 770 1695 816 provinciae
1729 771 1901 807 minorem
1935 772 1971 807 in
2003 772 2179 817 integrum
2212 774 2401 811 restituere

1304 819 1423 860 potest
1446 815 1552 851 etiam
1577 819 1704 852 contra
1727 826 1829 852 suam
1852 817 1907 852 vel
1938 817 2134 853 decessoris
2167 819 2222 853 sui
2255 823 2397 855 senten-

1303 860 1408 895 tiam:
1434 861 1530 906 quod
1552 861 1646 896 enim
1658 861 1848 907 appellatio
1861 862 2072 908 interposita
2084 863 2279 899 maioribus
2292 876 2396 910 prae-

1304 909 1387 948 stat,
1411 906 1481 942 hoc
1504 906 1678 942 beneficio
1703 907 1830 942 aetatis
1856 911 2124 954 consequuntur
2146 908 2311 945 minores.

1350 948 1403 989 43
1428 950 1691 987 MARCELLUS⁷
1716 952 1808 988 libro
1825 953 1950 999 primo
1982 953 2027 988 de
2057 954 2184 1000 officio
2208 955 2398 1007 praesidis

1303 995 1359 1031 De
1382 999 1500 1032 aetate
1525 997 1610 1039 eius,
1635 997 1696 1042 qui
1721 1007 1760 1033 se
1782 997 1951 1033 maiorem
1977 998 2080 1034 annis
2099 999 2222 1044 viginti
2242 1000 2399 1045 quinque

1304 1041 1406 1084 dicit,
1441 1052 1553 1077 causa
1585 1043 1727 1095 cognita
1749 1043 1975 1088 probandum
2000 1047 2072 1087 est,
2106 1045 2189 1090 quia
2222 1055 2288 1090 per
2320 1055 2399 1080 eam

1302 1087 1551 1131 probationem
1573 1087 1611 1122 in
1633 1091 1809 1132 integrum
1832 1088 2048 1124 restitutioni
2072 1089 2231 1125 eiusdem
2255 1090 2398 1126 adules-

1305 1131 1419 1167 centis
1445 1135 1480 1167 et
1504 1132 1582 1167 aliis
1609 1133 1727 1168 causis
1750 1133 2029 1178 praeiudicatur.

1349 1175 1403 1214 44
1435 1176 1630 1213 Uzmms
1651 1178 1742 1213 libro
1767 1179 1893 1224 quinto
1918 1180 2127 1225 opinionum
2163 1179 2246 1215 Non
2268 1181 2397 1222 omnia,

1303 1233 1395 1267 quae
1407 1223 1562 1258 minores
1575 1223 1678 1258 annis
1699 1223 1822 1268 viginti
1842 1224 1999 1269 quinque
2018 1228 2158 1269 gerunt,
2177 1225 2279 1260 irrita
2301 1230 2397 1267 sunt,

1303 1267 1365 1303 sed
1389 1278 1432 1303 ea
1455 1271 1613 1310 tantum,
1647 1278 1739 1314 quae
1771 1278 1883 1304 causa
1906 1270 2049 1314 cognita
2073 1269 2246 1305 eiusmodi
2270 1270 2397 1316 depre-

1301 1313 1415 1348 hensa
1438 1316 1544 1356 sunt,
1563 1314 1577 1334 ⁸
1593 1313 1647 1348 vel
1679 1314 1725 1349 ab
1758 1313 1836 1349 aliis
1861 1314 2091 1350 circumventi
2114 1315 2169 1350 vel
2194 1326 2260 1350 sua
2282 1315 2397 1351 facili-

1301 1361 1376 1393 tate
1390 1358 1530 1404 decepti
1543 1362 1607 1393 aut
1620 1359 1716 1404 quod
1736 1359 1941 1395 habuerunt
1961 1360 2157 1395 amiserunt
2166 1361 2192 1403 ⁹,
2217 1364 2281 1396 aut
2302 1361 2397 1406 quod

1301 1403 1489 1449 adquirere
1513 1404 1786 1439 emolumentum
1810 1408 2005 1450 potuerunt
2029 1405 2229 1449 omiserint,
2263 1411 2327 1441 aut
2359 1417 2399 1442 se

1302 1449 1401 1484 oneri
1448 1448 1521 1484 uod
1544 1460 1618 1484 non
1642 1449 1740 1485 susci
1767 1460 1825 1485 ere
1847 1450 1948 1485 licuit
1972 1451 2218 1495 obligaverunt
2231 1452 2269 1486 ¹⁰.

1347 1492 1400 1531 45
1441 1504 1705 1531 ALLJSTRATUS
1714 1495 1742 1530 lz·
1763 1506 1805 1530 ro
1811 1496 1936 1542 primo
1949 1496 2059 1531 edicti
2069 1497 2255 1531 mom‘toriae'
2274 1496 2397 1532 Etiam

1302 1538 1351 1582 ei,
1384 1539 1445 1591 qui
1475 1540 1684 1585 priusquam
1707 1544 1916 1575 nasceretur
1939 1544 2154 1586 usucaptum
2179 1541 2316 1583 amisit,
2339 1552 2396 1577 re-

1303 1588 1317 1619 1
1357 1585 1573 1620 stltuendam
1586 1585 1764 1621 actionem
1775 1585 1898 1621 Labeo
1912 1586 2045 1621 scribit.
2081 1586 2280 1632 Imperator
2293 1587 2396 1622 Titus

1300 1630 1504 1665 Antoninus
1528 1631 1712 1676 rescripsit
1736 1641 1835 1673 eum,
1872 1632 1933 1676 qui
1963 1631 2091 1667 fraude
2115 1632 2245 1667 tutoris
2270 1632 2394 1667 adver-

1301 1675 1434 1710 sarium
1467 1686 1571 1711 suum
1603 1675 1736 1711 diceret
1760 1676 1964 1711 absolutum
1989 1680 2024 1711 et
2048 1687 2152 1722 agere
2176 1688 2258 1712 cum
2282 1687 2324 1712 eo
2350 1688 2395 1713 ex

1299 1720 1373 1755 inte
1416 1731 1436 1756 o
1456 1721 1572 1763 vellet,
1593 1721 1773 1756 licentiam
1793 1721 1926 1757 habere
1937 1722 2037 1767 prius
2051 1733 2132 1757 cum
2143 1725 2264 1758 tutore
2276 1732 2392 1767 agere.

1345 1731 1415 1804 4ξΓ
1424 1765 1585 1801 PAULUS
1605 1766 1696 1802 libro
1719 1766 1876 1802 secundo
1899 1777 2156 1819 responsorum
2203 1767 2309 1809 Eum,
2335 1768 2396 1813 qui

1300 1821 1345 1846 ex
1368 1821 1435 1847 sua
1456 1811 1640 1847 voluntate
1673 1811 1844 1847 minorem
1875 1822 1977 1847 antus
2007 1812 2045 1846 in
2075 1812 2206 1848 iudicio
2239 1812 2397 1848 defendit

1300 1860 1336 1891 et
1349 1856 1606 1892 condemnatus
1621 1859 1686 1899 est,
1712 1867 1756 1892 ex
1781 1867 1892 1892 causa
1913 1857 2064 1892 iudicati
2087 1868 2194 1902 posse
2215 1858 2396 1893 conveniri

1299 1912 1365 1937 nec
1389 1902 1464 1936 eius
1489 1912 1594 1947 quem
1618 1901 1776 1937 defendit
1799 1905 1953 1937 aetatem
1976 1902 2022 1937 ad
2045 1902 2305 1938 restitutionem
2328 1903 2393 1938 im-

1299 1946 1511 1992 petrandam
1531 1947 1563 1982 ei
1582 1947 1766 1992 prodesse,
1793 1958 1875 1982 cum
1894 1958 2039 1982 causam
2059 1947 2208 1983 iudicati
2227 1958 2396 1984 recusare

1299 2002 1371 2027 non
1395 1992 1520 2037 possit.
1558 2002 1602 2026 ex
1625 2002 1696 2038 quo
1721 1996 1872 2037 apparet
1893 2002 1960 2027 nec
1985 2003 2084 2035 eum,
2119 1993 2220 2028 cuius
2254 1993 2396 2029 nomine

1300 2036 1559 2073 condemnatus
1584 2041 1656 2080 est,
1689 2037 1861 2073 auxilium
1884 2038 2119 2073 restitutionis
2145 2042 2293 2084 propter
2317 2048 2396 2074 eam

1300 2082 1514 2118 sententiam
1536 2082 1729 2128 implorare
1751 2093 1870 2128 posse.

1346 2125 1400 2164 47
1425 2127 1630 2163 SOAEVOLA
1655 2128 1747 2163 libro
1765 2128 1888 2174 primo
1911 2139 1971 2163 res
1998 2139 2167 2163 onsorum
2203 2128 2320 2165 Tutor
2334 2140 2395 2164 ur·

1299 2173 1489 2217 guentibus
1514 2173 1750 2208 creditoribus
1774 2182 1849 2207 rem
1872 2174 1958 2218 pupi
1973 2174 2083 2208 larem
2106 2173 2202 2208 bona
2220 2173 2291 2209 fide
2310 2184 2395 2209 ven-

1301 2218 1401 2261 didit,
1414 2217 1648 2253 denuntiante
1667 2222 1788 2253 tamen
1808 2223 1922 2253 matre
1936 2220 1961 2240 ¹¹
1988 2219 2225 2264 emptoribus:
2248 2229 2394 2264 quaero,

1301 2274 1382 2298 cum
1393 2263 1626 2308 urguentibus
1640 2263 1876 2299 creditoribus
1889 2263 2063 2299 distracta
2074 2263 2121 2298 sit
2132 2274 2199 2299 nec
2212 2264 2257 2299 de
2278 2264 2394 2300 sordi-

1299 2309 1368 2343 bus
1391 2308 1521 2344 tutoris
1545 2308 1671 2344 merito
1696 2309 1879 2354 quippiam
1903 2309 1973 2344 dici
1997 2312 2138 2354 potest,
2163 2319 2210 2344 an
2233 2309 2394 2354 pupillus

1299 2353 1337 2388 in
1360 2354 1536 2399 integrum
1566 2354 1707 2389 restitui
1737 2357 1867 2406 potest.
1904 2353 2074 2399 respondi
2106 2354 2249 2398 cognita
2283 2364 2394 2389 causa

1300 2398 1570 2441 aestimandum,
1590 2409 1657 2434 nec
1676 2399 1822 2441 idmrco,
1848 2398 1878 2436 si
1897 2399 2029 2434 iustum
2049 2399 2096 2434 sit
2116 2399 2265 2441 restitui,
2286 2398 2393 2435 dene-

1298 2443 1454 2489 gandum
1488 2444 1526 2479 id
1560 2444 1750 2486 auxilium,
1794 2444 1889 2489 quod
1931 2448 2030 2479 tutor
2073 2443 2200 2479 delicto
2234 2447 2392 2480 vacaret.

1306 2494 1316 2523 l
1369 2488 1524 2524 Curator
1546 2489 1827 2524 adulescentium
1851 2489 1998 2541 praedia
2022 2488 2225 2524 communia
2256 2489 2325 2524 sibi
2358 2492 2394 2525 et

1299 2534 1374 2576 his,
1407 2545 1559 2579 quorum
1583 2545 1707 2569 curam
1730 2534 2012 2576 administrabat,
2036 2533 2212 2569 vendidit:
2245 2544 2393 2579 quaero,

1300 2579 1330 2614 si
1354 2579 1497 2614 decreto
1522 2580 1697 2624 praetoris
1722 2579 1968 2614 adulescentes
1987 2579 2025 2614 in
2043 2579 2219 2624 integrum
2237 2579 2393 2615 restituti

1299 2624 1443 2667 fuerint,
1468 2634 1515 2659 an
1534 2628 1681 2659 eatenus
1700 2624 1856 2659 venditio
1876 2623 2113 2659 rescindenda
2133 2623 2190 2667 sit,
2238 2628 2392 2660 uatenus

1300 2669 1582 2704 adulescentium
1604 2679 1670 2714 pro
1694 2672 1797 2714 parte
1820 2668 1954 2704 fundus
1979 2669 2176 2704 communis
2226 2670 2304 2705 uit?
2335 2681 2392 2705 re·

1300 2714 1428 2759 spondi
1452 2718 1599 2749 eatenus
1622 2714 1794 2756 rescindi,
1826 2714 1895 2748 nisi
1927 2714 1957 2749 si
1988 2717 2127 2759 emptor
2157 2724 2180 2749 a
2202 2717 2279 2750 toto
2305 2725 2390 2750 con-

1299 2763 1419 2794 tractu
1442 2759 1526 2794 velit
1546 2759 1691 2801 discedi,
1717 2758 1812 2804 quod
1830 2762 1970 2804 partem
1989 2762 2171 2804 empturus
2192 2770 2266 2796 non
2285 2764 2389 2796 esset.

1299 2805 1384 2839 item
1407 2814 1551 2850 quaero,
1576 2807 1714 2849 emptor
1736 2807 1856 2838 utrum
1880 2814 1902 2839 a
1926 2804 2006 2840 Seio
2032 2808 2068 2840 et
2091 2803 2300 2849 Sempronio
2324 2817 2390 2851 pu-

1299 2849 1391 2894 pillis
1415 2850 1568 2894 pretium
1601 2859 1682 2884 cum
1710 2849 1827 2884 usuris
1859 2849 1933 2884 reci
1960 2859 2019 2885 ere
2050 2849 2195 2885 deberet
2226 2860 2272 2885 an
2305 2861 2389 2886 vero

1299 2895 1345 2929 ab
1369 2894 1500 2929 herede
1524 2894 1725 2929 curatoris?
1748 2894 1918 2939 respondi
1968 2893 2091 2930 eredes
2116 2894 2258 2940 quidem
2282 2906 2388 2931 cura·

1298 2939 1386 2975 toris
1405 2939 1530 2981 teneri,
1550 2949 1672 2974 verum
1690 2939 1727 2974 in
1738 2938 1860 2977 >Seium
1873 2943 1908 2975 et
1920 2939 2167 2985 Sempronium
2187 2951 2253 2985 pro
2273 2951 2390 2985 parte,

1299 2994 1370 3030 qua
1394 2994 1516 3019 eorum
1539 2983 1672 3020 fundus
1704 2984 1789 3027 fuit,
1824 2984 1981 3020 actiones
2014 2984 2172 3020 dandas:
2204 2986 2327 3031 utique
2359 2986 2390 3021 si

1299 3029 1345 3064 ad
1369 3039 1430 3064 eos
1455 3032 1605 3074 accepta
1626 3029 1780 3074 pecunia
1803 3040 1868 3075 pro
1894 3030 2016 3066 eadem
2038 3034 2141 3075 parte
2159 3031 2388 3075 pervenisset.

1345 3071 1398 3111 48
1413 3074 1441 3095 ¹²
1464 3073 1624 3109 PAULUS
1643 3075 1734 3110 libro
1752 3076 1876 3121 primo
1900 3076 2158 3110 sententiarum
2204 3075 2325 3111 Minor
2348 3086 2387 3111 se

1297 3120 1335 3154 in
1357 3119 1405 3161 id,
1430 3118 1526 3164 quod
1548 3118 1724 3155 fideiussit
1745 3119 1801 3155 vel
1824 3120 2054 3163 mandavit¹³‚
2079 3120 2116 3155 in
2134 3121 2311 3166 integrum
2330 3131 2387 3156 re-

1304 3168 1315 3199 1
1367 3164 1546 3199 stituendo
1577 3175 1675 3200 reum
1707 3165 1939 3210 principalem
1970 3177 2043 3201 non
2073 3165 2213 3201 liberat.
2269 3166 2389 3200 Minor

1298 3210 1464 3245 ancillam
1495 3209 1670 3245 vendidit:
1702 3210 1734 3245 si
1765 3221 1844 3246 eam
1875 3215 2013 3256 emptor
2045 3211 2306 3252 manumiserit‚
2340 3210 2386 3245 ob

1298 3256 1366 3290 hoc
1388 3255 1428 3289 in
1457 3254 1633 3299 integrum
1663 3255 1804 3291 restitui
1834 3266 1907 3291 non
1937 3256 2087 3301 poterit,
2122 3256 2185 3291 sed
2217 3256 2385 3291 adversus

1299 3303 1318 3335 2
1344 3303 1537 3344 emptorem
1550 3300 1674 3352 quanti
1685 3311 1751 3336 sua
1762 3301 1910 3337 interest
1921 3301 2098 3337 actionem
2111 3301 2267 3336 habebit.
2303 3300 2385 3334 Mu·

1297 3345 1362 3380 lier
1377 3345 1492 3379 minor
1506 3345 1627 3389 viginti
1651 3346 1807 3391 quinque
1831 3346 1945 3388 annis,
1971 3346 2001 3381 si
2020 3347 2187 3390 pactione
2208 3345 2300 3380 dotis
2323 3344 2383 3379 de-

1297 3390 1408 3425 terior
1432 3389 1593 3425 condicio
1619 3391 1693 3426 eius
1717 3390 1782 3426 fiat
1805 3395 1840 3426 et
1864 3392 1936 3426 tale
1959 3395 2105 3435 pactum
2127 3391 2262 3432 inierit,
2288 3388 2384 3433 quod

1298 3445 1491 3479 numquam
1523 3435 1666 3471 maioris
1696 3437 1824 3472 aetatis
1857 3437 2073 3471 constitutae
2104 3435 2383 3480 paciscerentur,

1298 3484 1405 3524 atque
1428 3479 1507 3515 ideo
1531 3490 1699 3516 revocare
1722 3482 1824 3523 velit,
1848 3481 2023 3516 audienda
2048 3484 2111 3515 est.

1344 3521 1397 3562 49
1428 3523 1623 3561 Uzmws
1643 3525 1734 3562 libro
1759 3527 1966 3573 triqensz'mo
1992 3526 2116 3570 quinto
2149 3523 2200 3558 ad
2230 3522 2383 3558 edictum

1297 3638 1403 3670 serint
1414 3650 1476 3672 scr.
1623 3639 1682 3681 (10)
1707 3638 1934 3680 obligaverint
1946 3650 2009 3671 scr.
2153 3637 2208 3677 (11)
2233 3638 2267 3668 et
2280 3637 2341 3669 ins.
2352 3634 2387 3667 F

1298 3684 1356 3723 (12)
1379 3695 1431 3726 pr.
1444 3700 1490 3712 ==
1503 3683 1630 3718 Paulus
1647 3686 1673 3724 1,
1685 3692 1713 3724 9,
1725 3692 1741 3718 5
1858 3684 1915 3723 (13)
1941 3682 1977 3714 in
1989 3682 2043 3714 his
2056 3691 2139 3722 quae
2152 3680 2317 3713 fideiussit
2329 3679 2382 3714 vel

1301 3727 1520 3771 fidepromisit
1533 3729 1584 3761 vel
1597 3728 1779 3772 spopondit
1791 3728 1841 3759 vel
1856 3727 2027 3759 mandavit
2039 3726 2142 3759 Pauli
2154 3726 2231 3759 libri
